2358 2933
119 126 183 158 549

120 217 302 260 intelligant
319 217 549 258 Magistratum
569 227 646 248 esse
666 215 811 248 officium
832 216 987 246 divinitus
1011 216 1097 245 ordi-

120 267 249 298 natum,
280 265 312 290 et
336 260 428 290 cuius
451 260 688 291 administratio
713 258 908 290 Christianis
931 257 1022 288 licita
1044 258 1096 288 sit.
1119 285 1121 295 ,

1119 298 1121 326 ἑ
1142 306 1215 340 11101
1235 301 1480 331 conscientiam.
1510 300 1619 331 Docet
1637 302 1669 331 in
1689 310 1821 342 genere,
1845 300 1962 341 quales
1981 301 2122 332 debeant.

120 303 202 335 Cum
221 303 305 333 enim
323 303 365 332 sit
381 312 435 333 res
449 303 546 340 bona,
563 301 639 333 licet
658 308 770 334 tenere
790 302 875 332 sicut
891 299 974 331 alias
992 301 1098 330 bonas

120 346 182 377 Dei
195 350 376 381 creaturaS,
390 345 510 381 cibum,
522 351 633 385 potum
646 351 709 376 etc.
738 345 804 375 Aut
817 344 902 374 sicut
913 342 995 373 alias
1008 348 1097 373 artes

121 397 278 419 exercere
288 386 377 424 licet,
396 387 601 425 medicinam,
622 386 915 418 architectonicam
928 391 991 415 etc.
1022 385 1097 415 {deo

120 435 151 461 et
167 430 330 470 scriptura
348 435 496 460 numerat
511 440 608 471 reges
620 431 703 460 inter
714 430 786 470 pios
798 430 829 459 in
844 427 994 458 Ecclesia
1005 426 1099 458 Chri-

120 472 172 503 sti.
202 471 324 502 Psalm.
342 471 413 502 101.
440 475 502 509 [vs.
514 472 580 509 ⁶23]
605 471 640 502 ln
659 472 886 503 conveniendo
907 469 1048 511 populos
1066 470 1098 500 in

118 524 219 545 unum
232 520 263 545 et
278 524 388 555 reges,
400 520 434 544 ut
447 515 590 545 serviant
601 514 755 545 Domino.
777 513 819 544 Et
832 511 954 543 Psalm.
968 512 1019 543 46.
1036 516 1097 549 [vs.

122 557 185 595 10.)
232 556 404 596 Principes
417 555 612 597 populorum
645 561 892 597 congregantur
922 565 996 586 cum
1025 554 1098 585 Deo

120 598 296 630 Abraham.
320 598 361 629 Et
386 599 525 630 Ioannes
550 599 652 640 inquit
676 598 769 638 [Luc.
783 598 814 636 3,
836 598 915 637 14.]:
944 596 1098 628 Contenti

119 647 228 673 estote
255 642 425 682 stipendiis
457 642 595 676 vestris3
629 641 801 682 Approbat
830 641 927 682 igitur
956 638 1098 670 officium

118 686 236 725 ipsum.
277 683 455 714 Praeterea
477 682 686 714 manifestum
709 689 760 714 est
778 682 975 714 Christianis
998 680 1098 712 licere

121 727 168 757 uti
188 725 273 768 lege.
304 725 362 755 Est
380 732 488 756 autem
500 725 716 768 Magistratus
731 736 809 766 pars
823 725 920 766 legis,
947 725 1098 765 quemad-

121 769 253 799 modum
265 768 367 809 inquit
378 767 501 799 Paulus
528 769 570 806 [l.
584 768 664 799 Tim.
680 769 709 806 l,
722 769 784 806 84:
809 768 878 798 Lex
893 774 941 798 est
957 765 1099 797 11011310-

121 811 231 852 gitime
254 811 355 841 utenti
380 816 441 841 etc.
477 811 556 842 Item
576 810 791 852 Evangelium
815 811 977 851 approbat
1000 810 1098 840 vitam

122 852 348 894 corporalem3
372 852 466 884 simul
479 854 579 895 igitur
592 855 751 894 approbat
772 852 928 894 politiam,
952 853 1022 883 sine
1035 861 1099 892 qua

120 894 325 936 impossibile
337 902 387 926 est
400 896 531 926 retineri
544 897 641 926 vitam
656 894 873 937 corporalem.
897 894 937 925 Et
951 893 1100 935 exempla

121 944 283 969 testantur
306 939 430 969 sanctis
454 937 555 968 licere
578 939 790 980 magistratus
815 947 943 980 gerere.
979 936 1099 968 Centu-

121 980 232 1011 riones
255 981 287 1011 in
310 979 492 1022 Evangelio
517 986 547 1011 et
570 981 602 1011 in
625 981 719 1011 Actis
743 979 875 1011 fuerunt
897 979 1026 1017 milites,
1051 979 1099 1009 lo-

121 1022 215 1063 seph,
238 1022 356 1053 Daniel
388 1029 564 1065 gesserunt
587 1024 722 1063 imperia
744 1023 829 1054 inter
852 1021 1023 1053 Ethnicos.

207 1064 304 1099 Quod
331 1075 412 1095 vero
442 1066 638 1096 obiiciuntur
666 1065 731 1097 loci
755 1076 793 1095 ex
816 1064 1016 1106 Evangelio,
1046 1065 1100 1104 qui

119 1106 295 1148 prohibent
318 1108 512 1141 vindictam;
536 1109 708 1139 sciendum
732 1114 783 1139 est
805 1109 838 1138 in
862 1108 1011 1138 omnibus
1034 1105 1100 1137 illis

119 1150 203 1181 locis
227 1156 351 1181 tantum
375 1149 542 1190 prohiberi
561 1151 721 1190 privatam
739 1151 927 1187 vindictam,
950 1149 1015 1179 hoc
1039 1154 1100 1185 est,

120 1203 203 1230 eam,
228 1203 313 1234 quae
336 1203 401 1223 non
425 1198 599 1223 exercetur
622 1204 641 1223 a
659 1193 853 1234 magistratu
872 1199 928 1222 aut
945 1192 1100 1222 mandato

120 1235 343 1277 magistratus.
374 1235 439 1266 Sed
456 1234 588 1275 publica
607 1235 750 1265 vindicta
767 1245 833 1265 non
850 1240 902 1265 est
919 1233 1100 1275 prohibita;

119 1277 243 1308 Paulus
267 1278 350 1307 enim
381 1276 488 1314 [Rom.
514 1277 564 1315 13,
587 1279 631 1315 4.]
662 1283 759 1308 vocat
787 1287 858 1308 eam
888 1277 1101 1307 ministerium

119 1319 198 1356 Dei;
221 1325 253 1350 et
276 1320 417 1359 pertinet
440 1320 482 1350 ad
505 1319 590 1350 hanc
614 1321 809 1351 sententiam
834 1319 946 1358 [Deut.
970 1318 1023 1357 32,
1046 1318 1098 1349 35.

118 1362 214 1394 Rom.
247 1362 297 1400 12,
327 1362 392 1400 19.]
428 1361 509 1392 Mihi
544 1363 730 1393 vindictam.
785 1363 869 1393 Nam
908 1360 1040 1402 publica
1054 1363 1098 1395 ⁵3⁷)

120 1405 282 1437 vindicta.
307 1414 391 1446 quae
414 1404 559 1446 legitime
582 1411 756 1437 exercetur
779 1416 798 1436 a
820 1406 1033 1446 magistratu,
1064 1403 1098 1434 fit

120 1447 274 1478 mandato
298 1447 371 1478 Dei.
412 1447 525 1488 Itaque
549 1448 766 1489 Evangelium
790 1448 975 1478 firmissime
998 1447 1100 1478 munit

119 1489 285 1530 publicam
308 1489 595 1530 tranquillitatem,
628 1501 700 1521 cum
724 1496 755 1521 et
779 1491 983 1531 magistratui
1005 1500 1099 1530 prae-

121 1533 213 1572 cipit,
242 1537 275 1561 ut
304 1533 481 1563 vindictam
509 1539 680 1570 exerceat,
711 1532 775 1564 hoc
804 1538 870 1571 est,
900 1538 935 1564 ut.
957 1531 1099 1573 legibus,

118 1574 248 1615 11001115,
271 1574 394 1615 gladio,
418 1574 513 1605 bellis
534 1575 720 1613 coherceat,
744 1574 899 1616 depellat,
922 1576 1034 1615 puniat
1052 1576 1099 1605 in-

119 1618 236 1648 1115105.
270 1616 416 1648 Econtra
435 1628 513 1648 vero
532 1619 690 1659 praecipit
713 1619 860 1658 privatis,
884 1628 925 1648 ne
948 1618 1098 1658 privatim

120 1665 297 1690 exerceant
320 1660 508 1697 vindictam,
530 1661 595 1691 hoc
614 1667 676 1698 est,
698 1671 740 1692 ne
760 1671 850 1691 amna
873 1662 1004 1701 capiant
1027 1661 1099 1691 sine

119 1703 256 1743 imperio
278 1703 509 1744 magistratus,
532 1714 574 1733 ne
597 1704 779 1734 seditiones
803 1708 956 1734 tumeant
980 1705 1097 1736 etc.⁵⁹')

206 1744 366 1776 Obiicitur
396 1750 427 1776 et
457 1745 539 1782 hoc,
568 1747 655 1786 quod
684 1756 785 1786 saepe
812 1746 948 1786 imperia
972 1746 1098 1785 rapiant

120 1793 152 1818 et
171 1793 303 1818 teneant
320 1788 469 1828 improbi,
494 1789 583 1829 quod
600 1787 736 1819 multum
756 1789 796 1819 sit
817 1789 968 1819 vitiorum
988 1789 1019 1818 in
1041 1789 1098 1818 im-

118 1830 235 1872 periis3
258 1830 334 1861 inde
351 1837 622 1871 argumentantur
641 1830 773 1862 fanatici
796 1832 942 1871 spirituS,
964 1831 1098 1871 imperia

118 1884 185 1905 non
209 1883 285 1904 esse
309 1873 532 1904 ordinationes
556 1873 629 1904 Dei.
666 1874 733 1904 Sed
755 1873 1023 1915 respondendum
1047 1879 1096 1903 est

118 1915 183 1947 hoc
210 1916 320 1947 modo.
366 1915 520 1947 Discerni
550 1917 668 1947 debent
691 1927 855 1957 personae
878 1917 919 1947 ab
943 1916 1024 1956 ipsis
1048 1926 1098 1946 re-

119 1959 181 1990 bus
206 1968 265 1989 seu
289 1959 506 1990 ordinatione.
543 1959 725 1997 Ordinatio,
748 1960 780 1990 id
800 1965 862 1997 est,
886 1959 1096 1990 conservatio

119 2000 224 2033 civilis
254 2002 414 2039 iustitiae,
449 2008 480 2033 et
510 2001 665 2042 politicus
696 2008 802 2033 status
833 2009 882 2033 est
913 2012 996 2042 opus
1020 2001 1095 2038 Dei,

119 2044 245 2075 etiamsi
273 2054 438 2084 personae
468 2046 645 2076 abutuntur
680 2046 885 2076 ordinatione
916 2050 977 2074 etc.
1030 2043 1097 2074 Sed

119 2086 203 2117 haec
220 2092 253 2117 et
268 2085 428 2127 pleraque
445 2086 521 2125 alia,
544 2097 629 2128 quae
647 2087 700 2118 hic
719 2089 938 2129 disputantur,
963 2087 1098 2127 copiose

120 2129 258 2160 tractavi
281 2129 312 2159 in
335 2128 504 2160 Romanis.

205 2171 330 2206 Quarta
356 2171 481 2213 regula.
518 2171 734 2214 Evangelium
759 2183 825 2204 11011
850 2172 1018 2203 constituit
1041 2182 1097 2202 no-

120 2225 194 2246 vam
216 2213 423 2255 corporalem
447 2213 609 2255 politiam,
639 2216 699 2246 sed
720 2217 809 2247 iubet
832 2226 894 2246 nos
917 2215 1097 2255 praesenti-

118 2259 181 2288 bus
214 2257 462 2298 magistratibus
498 2268 537 2288 ac
565 2256 696 2300 legibus
727 2260 973 2299 obtemperare,
1008 2258 1097 2288 iubet

119 2305 311 2341 praesentes
340 2299 472 2340 politias
505 2310 706 2332 conservare
737 2308 768 2332 et
803 2311 932 2332 ornare.
984 2299 1031 2330 lta
1064 2301 1096 2330 in

120 2353 244 2385 genere
267 2343 375 2380 docet,
400 2343 487 2384 quod
510 2342 644 2384 politiae
668 2345 731 2375 sint
752 2354 805 2375 res
823 2342 931 2376 licitae
949 2348 980 2373 et
996 2344 1096 2374 bene-

119 2471 165 2501 58)
190 2471 301 2502 publica]
332 2472 369 2496 sic
387 2472 460 2497 Editt·
482 2474 502 2495 1.
523 2475 546 2496 4.
567 2473 590 2496 5.
611 2472 650 2497 9.:
680 2473 750 2497 Editt.
771 2474 794 2495 2.
814 2473 900 2497 628.
929 2477 957 2497 11
971 2477 1050 2499 -14,
1071 2478 1097 2502 et

188 2506 258 2536 opp.:
278 2506 376 2536 politica

120 2556 165 2585 59)
191 2558 236 2581 etr.
256 2557 396 2580 omittunt
415 2557 487 2582 Editt.
509 2558 547 2580 12.
572 2557 607 2580 13.

561 123 582 153 1.
608 123 708 155 LOCl
730 121 1010 155 THEOLOGICI:
1035 121 1072 153 C.
1097 121 1308 154 SECUNDA
1330 121 1486 153 EORUM
1510 121 1666 153 AETAS.
2059 122 2122 153 550

1143 215 1215 246 ficta
1241 216 1360 247 divina.
1380 215 1488 246 *lubet
1505 215 1717 256 magistratus
1737 214 1909 256 diligenter
1933 226 2027 246 suum
2051 216 2121 247 offi-

1145 259 1228 288 cium
1252 257 1374 295 facere,
1397 259 1487 288 iubet
1507 258 1658 288 subditos
1677 258 1823 295 obedire,
1848 264 1878 288 ct
1899 259 2028 298 quidem
2047 270 2122 299 pro-

1144 341 1239 384 leges
1271 352 1362 380 esse,
1397 341 1550 373 videlicet
1583 349 1618 373 ut
1653 342 1797 373 habeant
1829 342 1990 374 honorem
2024 344 2122 375 bonis

1145 386 1299 425 operibus
1324 391 1357 416 et
1378 384 1574 425 prohibeant
1596 384 1683 415 mala
1706 395 1817 425 opera.
1861 385 1927 416 lam
1951 396 2035 426 quae
2058 387 2136 417 sint'

1144 428 1241 465 bona,
1266 437 1351 468 quae
1374 428 1438 457 sint
1462 426 1547 457 mala
1571 437 1690 466 opera,
1714 429 1834 459 iudicat
1858 429 1939 459 ratio
1964 428 2121 460 naturalis

1145 480 1204 500 seu
1227 468 1279 500 lex
1303 476 1439 500 naturae
1462 476 1493 500 et
1517 471 1739 510 magistratus.

1231 511 1418 553 Intelligant
1440 513 1540 553 igitur
1562 511 1734 552 Evangelii
1757 513 1913 543 doctores
1937 523 2031 543 suum
2054 525 2122 545 11111-

1143 564 1218 591 11115,
1242 565 1282 585 ac
1302 555 1441 585 doceant
1462 556 1502 585 de
1520 554 1641 584 iustitia
1661 554 1832 595 spirituali,
1854 566 1921 585 non
1941 554 2123 586 vociferen-

1143 602 1195 627 tur
1220 603 1334 627 contra
1357 596 1508 636 politicas
1534 597 1775 633 ordinationes,
1798 608 1864 627 non
1887 596 1994 628 ferant
2016 609 2122 629 novas

1144 638 1238 680 leges
1263 639 1304 669 (10
1327 648 1435 669 10111111
1455 640 1686 679 possessione,
1712 640 1752 670 de
1775 640 1920 677 tributis,
1945 641 1985 670 de
2007 642 2123 681 poenis

1119 683 1121 685 ’
1145 681 1350 719 delictorum,
1374 682 1415 711 de
1439 682 1663 712 contractibus
1684 687 1746 713 etc.
1785 682 1851 713 Sed
1871 683 2012 713 doceant
2030 693 2123 723 prae-

1145 729 1269 755 sentem
1304 722 1467 763 politiam,
1508 730 1702 764 praesentes
1742 723 1836 766 leges
1873 726 2123 756 conservandas

1145 776 1232 804 esse,
1251 767 1324 807 quia
1344 765 1561 807 Evangelium
1579 766 1731 806 prohibet
1750 768 1941 798 seditiones.
1983 768 2023 798 Et
2040 767 2123 798 Pau-

1144 808 1196 839 lus
1220 809 1322 849 inquit
1347 808 1454 846 [Rom.
1470 808 1544 846 1:3,1
1561 813 1663 849 sqq.]:
1688 810 1801 840 Omnis
1825 811 1931 841 anima
1956 811 2123 850 potestati,

1145 861 1229 892 quae
1252 857 1401 892 praeest,
1424 850 1489 882 hoc
1513 857 1575 888 est,
1599 853 1764 891 praesenti
1789 853 1954 893 potestati,
1980 853 2122 883 obediat.

1144 893 1184 924 Et
1208 904 1280 924 cum
1304 895 1349 924 ait
1368 894 1597 934 magistratum
1617 904 1693 924 esse
1713 896 1951 926 ordinationem
1971 896 2123 933 divinam,

1146 935 1373 976 complectitur
1396 946 1510 966 omnes
1533 942 1645 975 partes
1668 937 1791 977 politici
1815 944 1930 969 status.
1969 938 2019 968 Ac
2038 939 2123 969 sicut

1145 980 1307 1019 approbat
1347 984 1540 1018 praesentes
1575 980 1805 1014 niao‘istratusz
1844 982 1889 1011 ita
1928 986 2123 1021 praesentes

1144 1020 1250 1062 leges,
1274 1021 1403 1058 iudicia,
1427 1031 1563 1062 poenas,
1592 1022 1633 1052 mi
1648 1023 1747 1060 itiam,
1773 1023 1988 1054 dominiorum
2013 1023 2123 1054 distin-

1146 1064 1286 1094 ctionem
1317 1065 1487 1104 approbat.
1533 1064 1573 1094 Et
1602 1065 1676 1105 quia
1705 1065 1792 1095 iubet
1821 1076 1886 1095 non
1917 1064 2025 1096 solum
2048 1066 2124 1096 obe-

1146 1106 1226 1143 dire,
1252 1106 1312 1136 sed
1336 1107 1432 1136 etiam
1456 1105 1615 1137 honorem
1636 1107 1758 1137 habere
1775 1109 1993 1149 magistratui,
2016 1108 2124 1138 memi-

1145 1149 1288 1178 nerimus
1318 1147 1594 1179 assuefaciendos
1625 1158 1701 1179 esse
1728 1150 1875 1187 animos,
1906 1156 1941 1181 ut
1967 1150 2122 1181 honorifi-

1146 1191 1334 1221 centissime
1357 1192 1500 1221 sentiant
1524 1192 1565 1221 de
1589 1192 1739 1223 omnibus
1763 1193 1861 1223 rebus
1881 1191 2037 1233 politicis,
2059 1192 2124 1223 hoc

1145 1238 1210 1270 est,
1240 1232 1425 1274 intelligant
1449 1244 1562 1264 omnes
1587 1240 1699 1274 partes
1723 1233 1845 1275 politici
1870 1241 1993 1273 status,
2016 1235 2122 1277 leges,

1144 1276 1281 1313 iudicia,
1312 1281 1500 1306 contractus
1525 1282 1587 1307 010.
1612 1286 1689 1307 0550
1711 1277 1872 1308 beneficia
1894 1277 1977 1315 Dei,
2002 1284 2033 1309 et
2057 1285 2123 1309 stu-

1145 1318 1243 1349 deant
1267 1328 1386 1349 ornare
1409 1328 1466 1349 eas
1490 1324 1522 1349 et
1546 1329 1760 1358 conservare,
1784 1326 1816 1351 et
1837 1327 1931 1351 orent
1949 1320 2067 1358 Deum,
2090 1327 2125 1351 ut

1144 1360 1205 1391 has
1234 1367 1344 1391 tantas
1379 1371 1432 1391 res
1466 1363 1676 1393 necessarias
1713 1364 1754 1393 ad
1786 1364 1884 1394 vitam
1916 1362 2123 1405 corporalem

1145 1410 1340 1441 conservet,
1375 1402 1500 1445 fugiant
1525 1410 1556 1434 et
1581 1406 1707 1435 oderint
1731 1407 2029 1447 πολυπραγμοσύνην,
2060 1416 2125 1447 qua

1144 1446 1263 1486 privati
1294 1445 1385 1477 obliti
1416 1456 1498 1477 suae
1522 1449 1706 1478 vocationis
1729 1449 1912 1489 irrumpunt
1936 1450 1968 1480 in
1992 1449 2125 1490 publica

1143 1490 1277 1530 negotia
1308 1495 1370 1519 etc.
1428 1489 1598 1524 Quaedam
1632 1492 1763 1533 ingenia
1798 1502 1862 1522 11011
1898 1498 1973 1524 sunt
2008 1498 2125 1523 natura

1142 1532 1261 1562 idonea
1286 1532 1327 1562 ad
1350 1531 1634 1573 tranquillitatem,
1657 1533 1711 1564 vel
1732 1540 1867 1575 propter
1891 1536 2124 1572 curiositatem,

1143 1573 1198 1604 vel
1216 1575 1289 1615 quia
1310 1582 1385 1605 sunt
1401 1580 1518 1605 natura
1534 1575 1735 1614 turbulenta,
1754 1579 1936 1618 tyrannica,
1956 1578 2123 1608 seditiosa.

1144 1616 1211 1647 Sed
1234 1627 1300 1647 non
1323 1616 1430 1648 solum
1453 1619 1495 1648 ab
1518 1616 1685 1649 hominum
1707 1620 1861 1661 ingeniis,
1884 1631 1999 1652 verum
2022 1620 2123 1651 multo

1144 1660 1250 1700 magis
1280 1670 1298 1689 a
1329 1659 1464 1690 diabolo
1487 1661 1669 1701 periculum
1692 1668 1741 1692 est
1768 1663 2027 1704 rebuspublicis,
2058 1663 2123 1704 qui,

1145 1712 1217 1732 cum
1242 1703 1281 1732 sit
1305 1703 1480 1739 homicida,
1504 1703 1719 1735 seditionibus
1739 1716 1780 1735 ac
1801 1707 1959 1737 caedibus
1979 1707 2124 1738 delecta—

1143 1750 1196 1775 tur
1223 1750 1253 1775 et
1282 1745 1391 1775 studet
1421 1744 1552 1776 efficere
1584 1747 1815 1778 ᾰκαταστασίαν.
1867 1749 1918 1779 Ar
1948 1750 2124 1790 praecipue

1143 1793 1177 1818 ut
1209 1785 1368 1818 deformet
1386 1790 1429 1821 ⁶⁰)
1464 1788 1701 1830 Evangelium,
1730 1791 1841 1822 incitat
1870 1792 2054 1832 imperitos,
2086 1798 2123 1823 ut

1143 1836 1315 1870 praetextu
1344 1829 1513 1871 religionis
1542 1832 1702 1873 dissipent
1726 1843 1780 1864 res
1803 1833 1967 1874 politicas.
2012 1835 2124 1866 Debe-

1142 1882 1214 1903 mus
1238 1879 1346 1903 autem
1370 1879 1399 1903 et
1423 1880 1560 1904 naturae
1580 1875 1655 1906 vitia
1677 1877 1862 1917 corrigere,
1885 1884 1915 1908 et
1939 1877 2123 1920 intelligere

1143 1925 1182 1945 ac
1207 1926 1326 1946 cavere
1338 1915 1470 1946 Diaboli
1493 1918 1640 1948 insidias.
1676 1918 1766 1949 Haec
1791 1930 1925 1951 monere
1945 1922 1988 1962 pii
2009 1922 2122 1952 docto-

1142 1968 1196 1988 res
1233 1959 1368 1996 debent,
1409 1965 1440 1989 et
1478 1961 1564 1990 veris
1598 1959 1751 1992 laudibus
1787 1962 1978 2004 dignitatem
2013 1974 2121 1995 rerum

1143 1999 1284 2031 civilium
1318 2011 1455 2037 ornare,
1491 2008 1523 2032 et
1552 2009 1687 2043 propter
1720 2003 1887 2044 publicam
1920 2017 2055 2046 pacem,
2091 2013 2123 2037 et

1142 2049 1277 2084 propter
1301 2043 1476 2085 Evangelii
1506 2044 1662 2087 gloriam,
1696 2053 1727 2078 et
1756 2053 1791 2078 ut
1815 2047 2020 2089 singulorum
2044 2059 2121 2079 con—

1144 2087 1303 2117 scientiae
1326 2086 1507 2128 intelligant
1530 2088 1604 2119 Deo
1634 2089 1768 2129 placere
1798 2089 1862 2121 1100
1891 2090 1986 2122 civile
2016 2102 2121 2133 genus

1142 2129 1239 2159 vitae.
1286 2129 1474 2161 Insaniebat.
1501 2131 1600 2172 igitur
1628 2131 1851 2171 Monetarius,
1883 2144 1957 2165 cum
1985 2134 2120 2165 volebat

1143 2172 1317 2202 restituere
1345 2171 1528 2204 Mosaicam
1556 2173 1719 2214 politiam,
1755 2186 1828 2206 cum
1858 2178 2001 2218 negabat
2029 2176 2120 2209 fures

1142 2213 1256 2244 ultimo
1280 2213 1440 2256 supplicio
1469 2215 1664 2247 afficiendos
1689 2227 1781 2256 esse,
1812 2229 1885 2250 cum
1908 2219 2043 2251 volebat
2065 2230 2120 2251 res

1141 2257 1278 2287 iudicari
1308 2267 1348 2288 ex
1378 2257 1510 2300 legibus
1540 2259 1658 2301 Moysi.
1704 2260 1787 2291 Nam
1810 2261 2025 2304 Evangelium
2054 2273 2119 2293 non

1141 2300 1229 2330 iubet
1253 2306 1369 2341 gentes
1392 2302 1540 2341 recipere
1562 2302 1706 2342 politiam
1729 2302 1850 2346 Moysi,
1874 2307 1933 2335 sed
1958 2306 2117 2346 approbat

1140 2349 1336 2383 praesentes
1360 2344 1595 2385 magist1·atus;
1625 2356 1727 2386 quare
1756 2352 1787 2377 et
1810 2346 1901 2389 leges
1927 2358 2040 2379 eorum
2063 2359 2119 2388 ap—

1140 2386 1277 2424 probat,
1320 2396 1358 2416 30
1393 2392 1590 2427 potestatem
1628 2389 1682 2418 dat
1716 2387 1826 2430 legum
1861 2391 2117 2422 condendarum.

1141 2428 1224 2459 Sunt
1246 2428 1346 2469 igitur
1367 2430 1519 2469 puniendi
1543 2428 1633 2460 fures
1657 2429 1786 2472 legibus
1807 2434 2028 2472 praesentium
2051 2444 2117 2464 lna-

1142 2564 1187 2591 601
1215 2563 1352 2595 deformet]
1375 2565 1445 2590 Editt.
1469 2566 1505 2588 12.
1528 2566 1566 2589 13,
1586 2569 1635 2597 typ-
1656 2573 1756 2593 errore:
1776 2569 1920 2595 deforment

1909 2620 1965 2646 ³5*
