2358 2933
120 112 184 144 269

154 801 195 831 16,
214 802 238 827 b.

154 1935 193 1965 17,
213 1942 235 1960 a.

573 110 596 140 Ι.
619 109 723 141 LOCI
744 108 1025 140 THEOLOGICI:
1045 109 1082 140 C.
1107 109 1318 142 SECUNDA
1339 110 1496 142 EORUM
1519 110 1676 143 AETAS.

275 202 447 236 vocabulis
471 213 556 244 quae
580 204 642 234 deo
661 204 858 240 tribuuntur,
881 213 1020 243 quorum
1031 203 1095 232 sin—

275 246 361 288 gulis
384 247 567 277 tribuerunt
597 247 762 286 propriam
784 246 1002 276 substantiam
1025 245 1096 275 sive

274 289 486 320 divinitatem.
539 287 631 319 Sicut
658 287 824 318 Hesiodus
857 286 935 317 facit
969 286 1095 325 Chaos,

273 336 416 368 noctem,
435 330 594 361 herebum
617 337 679 361 etc.
725 330 773 360 Ita
796 330 850 360 isti
874 330 1095 360 distraxerunt

274 372 358 403 haec
381 374 617 410 aeternitatem,
640 378 791 408 mentem,
812 381 938 408 verum,
964 372 1094 407 bonum,

273 416 464 456 potentiam,
488 415 690 455 sapientiam,
713 414 867 444 iustitiam
886 420 917 443 et
931 413 995 443 alia
1013 413 1094 444 mul-

274 463 318 488 ta.
364 458 431 488 Aut
455 458 538 487 enim
561 456 736 487 voluerunt
761 455 948 497 significare
971 455 1094 486 Valen-

273 500 385 530 tiniani
407 501 521 535 non33)
551 498 680 529 differre
701 504 828 538 patrem
850 497 952 528 filium
974 504 1006 528 et
1030 498 1095 536 spi-

274 542 370 572 ritum
393 548 544 572 sanctum
566 541 736 580 personis,
767 541 827 570 sed
846 546 971 569 tantum
992 540 1094 568 nomi-

274 584 388 621 nibus,
424 590 461 614 ut
493 583 624 614 Iudaico
658 591 750 612 more
783 582 962 611 retinerent
996 590 1094 610 unam

273 635 462 665 personam,
484 625 552 655 Aut
569 623 744 654 voluerunt
766 621 1019 653 innumerabiles
1039 622 1094 651 de-

274 677 313 697 os
337 668 475 708 fingere.
519 665 694 696 Sciendum
711 671 820 696 autem
842 670 893 695 est
915 664 1093 704 potentiam

275 715 309 739 et
331 708 571 749 appellationes
594 709 749 738 virtutum
771 713 806 737 ut
829 707 981 743 iustitiae,
1004 705 1094 736 forti-

273 751 405 787 tudinis,
427 750 682 787 misericordiae,
701 750 850 780 omnibus
864 749 1016 789 personis
1037 758 1093 788 pa-

273 794 352 824 riter
382 793 558 823 convenire
583 794 587 825 i
612 802 675 822 nec
710 802 764 822 res
804 801 881 821 esse
921 791 1092 821 distinctas

272 845 293 866 a
326 842 444 866 natura
466 836 549 875 ipsa.
601 833 753 864 Potentia
787 834 837 864 dei
871 839 923 863 est
945 834 1018 873 ipsa
1042 833 1092 863 dei

272 883 400 908 natura.
424 877 551 907 lustitia
572 877 625 906 dei
647 882 699 907 est
721 877 793 916 ipsa
817 876 867 906 dei
891 882 1007 906 natura
1031 875 1093 905 sic-

272 926 308 950 ut
341 920 503 960 potentia,
531 918 759 949 Misericordia
783 919 834 948 dei
862 924 913 948 est
947 919 1019 957 ipsa
1041 918 1093 947 dei

272 968 389 992 natura
420 962 504 991 sicut
534 961 691 1000 potentia.
737 960 876 990 Tantum
904 961 1000 1000 igitur
1023 966 1091 990 tres

272 1013 437 1044 personae
460 1004 691 1042 praedicantur
712 1008 817 1042 pater,
840 1001 924 1032 filius
949 1008 979 1031 et
999 1002 1091 1041 spiri-

272 1051 326 1075 tus
349 1051 496 1075 sanctus.
529 1045 697 1084 Siquidem
720 1042 837 1074 officiis
857 1043 945 1074 clare
969 1044 1092 1074 discer-

272 1089 305 1118 ni
328 1093 480 1127 possunt.
525 1086 665 1126 Oportet
688 1087 773 1116 enim
787 1085 954 1116 Christum
973 1087 1091 1116 media-

272 1135 378 1160 torem
405 1136 436 1159 et
465 1129 705 1168 redemptorem
734 1129 923 1159 discernere
945 1138 965 1158 a
986 1134 1091 1168 patre,

274 1178 306 1202 et
331 1177 460 1211 oportet
483 1171 570 1201 1111110
589 1171 727 1201 001111οη1
750 1170 917 1201 Christum
936 1180 1013 1200 esse
1035 1181 1092 1200 na-

272 1220 345 1244 tura
369 1213 469 1244 filium
492 1214 554 1243 dei.
601 1213 740 1252 Oportet
759 1220 790 1243 et
813 1213 878 1243 hoc
899 1213 984 1243 scire
1003 1213 1092 1253 quod

274 1255 425 1286 Christus
450 1256 564 1295 spiritu
587 1261 704 1285 5311010
734 1254 944 1292 consoletur,
975 1256 1092 1295 guber-

272 1304 340 1334 net,
366 1308 406 1328 ac
433 1297 577 1328 vivificet
608 1298 798 1334 credentes,
826 1298 867 1328 Et
891 1299 922 1327 in
945 1297 997 1328 his
1021 1296 1092 1328 offi-

273 1341 332 1370 ciis
363 1340 500 1380 agnosci
529 1346 561 1370 et
595 1339 798 1380 apprehendi
831 1341 958 1371 trinitas
984 1341 1091 1371 debet.

272 1381 321 1413 lta
344 1382 469 1413 firmam
504 1383 666 1422 quandam
696 1383 842 1413 notitiam
872 1384 1092 1424 concipiemus

273 1430 305 1455 et
316 1423 428 1455 utilem
444 1425 486 1455 ad
498 1425 738 1455 invocationem
762 1431 793 1455 et
817 1425 859 1455 ad
876 1426 1092 1456 exercendam

273 1466 379 1497 fidem.
424 1466 519 1497 Aliae
542 1468 676 1498 ociosae
701 1466 957 1508 speculationes,
986 1478 1093 1508 neque

273 1508 398 1539 firmam
420 1510 564 1540 notitiam
587 1511 727 1550 pariunt,
750 1520 856 1550 neque
869 1511 979 1541 iuvant
996 1510 1093 1540 fidem

273 1557 327 1581 aut
363 1551 624 1588 invocationem,
661 1551 741 1583 Ciun
779 1553 945 1592 disputant
986 1553 1092 1594 magis

274 1593 350 1633 quid
373 1593 457 1622 inter
481 1603 558 1623 sese
584 1600 683 1634 agant
708 1604 873 1634 personae
898 1605 994 1635 quam
1017 1595 1094 1635 quid

272 1636 443 1665 nobiscum
478 1642 596 1676 agant,
624 1636 696 1666 Nos
729 1642 835 1666 autem
868 1637 1093 1677 apprehenda-

272 1687 344 1708 mus
368 1687 425 1707 eas
449 1678 720 1718 quemadmodtun
743 1680 907 1718 scripttu·a
927 1689 984 1709 eas
997 1680 1092 1710 nobis

272 1720 434 1759 proponit.
486 1720 645 1760 Proponit
673 1726 779 1750 autem
803 1722 966 1760 scriptura
997 1722 1093 1752 nobis

273 1760 393 1792 officia.
439 1762 475 1792 In
499 1761 582 1793 haec
605 1763 720 1793 intueri
743 1773 805 1793 nos
829 1764 928 1794 iubet.

456 1850 532 1888 De
572 1848 907 1890 Creatione.

314 1931 397 1961 Tota
420 1941 528 1962 rerum
551 1931 762 1969 universitas,
785 1931 895 1973 angeli
923 1939 954 1963 et
978 1943 1092 1964 01111105

272 1972 463 2013 corporales
494 1980 646 2011 naturae,
681 1975 812 2005 condita
843 1982 893 2005 est
924 1986 943 2006 a
966 1976 1028 2006 deo
1053 1986 1093 2006 ex

271 2015 382 2053 nihilo,
406 2016 442 2047 Id
465 2022 584 2046 vocant
608 2017 816 2053 creationem,
840 2017 881 2047 Et
905 2024 955 2048 est
971 2019 1093 2049 descri-

271 2064 326 2098 pta
350 2059 473 2088 creatio
497 2068 570 2088 cum
592 2059 624 2088 in
648 2058 770 2089 Genesi
793 2066 860 2090 tum
880 2070 980 2100 saepe
999 2060 1090 2091 alias.

271 2100 327 2130 Ps.
342 2100 475 2130 XXXII.
490 2103 552 2136 [vS.
564 2100 608 2137 6.]
622 2100 734 2132 Verbo
748 2102 867 2132 domini
880 2102 960 2133 caeli
974 2110 1036 2133 etc.
1050 2103 1091 2134 Et

272 2143 400 2172 deinde.
446 2142 520 2181 Ipse
544 2143 621 2173 dixit
645 2149 673 2173 et
699 2142 787 2174 facta
811 2150 872 2175 etc.
909 2145 972 2176 Ubi
991 2146 1091 2186 signi-

273 2228 334 2257 dei.
381 2227 462 2261 Quia
488 2227 572 2257 enim
596 2228 657 2258 deo
681 2228 811 2259 iubente
834 2240 888 2260 res
914 2232 1090 2262 extiterunt

273 2279 332 2299 seu
365 2276 457 2299 ortae
488 2276 582 2306 sunt,
613 2280 694 2311 ergo
722 2281 788 2301 non
821 2278 897 2303 sunt
928 2279 1020 2303 ortae
1050 2283 1090 2303 ex

272 2310 380 2351 aliqua
406 2312 624 2350 praecedente
647 2314 799 2351 materia,
828 2314 905 2345 Ideo
935 2321 966 2346 et
996 2316 1089 2346 Ioan-

272 2364 331 2384 nes
341 2355 384 2391 34)
413 2354 513 2394 inquit
539 2354 653 2384 Omnia
682 2365 741 2394 per
763 2356 869 2396 ipsum
892 2355 979 2388 facta
1003 2364 1090 2389 sunt.

122 2481 167 2510 33)
187 2478 242 2504 Ms.
263 2479 331 2504 add.
352 2481 433 2510 magis
453 2479 503 2504 secl
522 2483 711 2512 erpunctum.

120 2531 166 2561 34)
185 2531 302 2561 Ioannes]
321 2532 365 2556 MS.
384 2532 491 2556 Ioannis.

1137 202 1228 244 Ergo
1261 213 1402 235 11000550
1435 210 1485 235 051
1513 214 1567 234 105
1602 215 1642 235 ex
1676 203 1774 235 nihilo
1807 206 1956 236 conditas

1140 254 1225 276 esse.
1271 245 1354 277 Illud
1384 252 1491 277 autem
1519 248 1550 276 in
1578 246 1643 277 hoc
1666 246 1800 278 articulo
1824 258 1958 278 monere

1138 297 1278 319 necesse
1307 295 1376 326 est,
1408 289 1496 329 quod
1530 290 1651 320 creatio
1675 290 1722 319 sic
1745 288 1880 331 intelligi
1904 291 1958 320 (10-

1138 330 1232 367 beat,
1283 332 1370 371 quod
1398 331 1490 362 Deus
1520 341 1585 362 non
1620 332 1810 362 discesserit
1838 343 1857 362 a
1897 342 1958 362 suo

1140 371 1287 411 opificio,
1315 374 1400 404 sicut
1423 373 1516 404 faber
1546 374 1682 404 discedit
1706 384 1725 404 a
1748 375 1844 404 domo
1868 372 1958 404 sacta

1139 420 1194 444 aut
1216 413 1376 445 fabricata
1399 425 1501 451 nave,
1525 416 1584 443 sed
1607 415 1698 443 Deus
1713 421 1870 454 perpetuo
1884 424 1956 446 sus-

1139 461 1244 486 tentat
1291 462 1323 486 et
1359 461 1536 484 conservat
1565 464 1637 490 res,
1675 461 1705 484 et
1741 456 1878 495 impertit
1909 457 1957 487 eis

1138 503 1261 526 motum
1281 503 1311 526 et
1334 497 1444 526 vitam.
1489 495 1549 525 Hic
1573 495 1756 526 intellectus
1784 499 1957 528 creationis

1139 539 1348 568 necessarius
1373 543 1424 567 est
1449 543 1479 567 et
1502 539 1656 577 proprius
1679 539 1815 577 piorum.
1845 539 1958 580 ltaque

1138 580 1170 609 in
1193 579 1330 610 articulo
1355 580 1396 609 de
1420 581 1585 610 creatione
1608 590 1738 620 semper
1760 580 1957 622 intelligatur

1137 628 1297 662 perpetua
1328 623 1536 652 conservatio
1571 628 1601 652 et
1631 624 1826 653 sustentatio
1861 634 1958 664 quae·

1139 664 1273 703 daun.³⁵)
1304 662 1412 694 Credo
1435 665 1467 694 in
1491 664 1586 694 deum
1607 670 1733 704 patrem
1758 667 1957 706 omnipoten-

1138 713 1203 736 tem
1226 713 1410 736 creatorem
1433 704 1516 736 caeli
1539 712 1569 736 et
1594 713 1712 737 terrae.
1740 707 1799 737 Η10
1811 707 1956 748 intellige

1138 758 1204 778 non
1229 747 1334 779 solum
1357 749 1586 785 conditionem,
1610 749 1669 779 sed
1691 756 1881 790 perpetuam
1901 761 1958 790 gu-

1138 791 1362 821 bernationem
1386 796 1417 821 et
1441 792 1737 822 conservationem.
1773 791 1956 826 Quotannis

1137 831 1315 864 foecundat
1345 840 1485 867 terram,
1514 840 1669 874 procreat
1692 833 1806 875 fruges
1831 844 1871 865 ex
1894 841 1957 864 ter-

1138 885 1192 912 ra,
1224 881 1383 915 perpetuo
1408 876 1593 916 suppeditat
1617 877 1834 907 animantibus
1861 877 1957 907 vitam

1137 923 1167 947 et
1193 924 1331 953 motum,
1361 918 1402 948 Et
1432 917 1514 948 haec
1537 928 1644 948 rerum
1668 920 1877 949 conservatio
1900 929 1958 949 vo—

1137 967 1229 990 catur
1251 960 1337 990 actio
1356 960 1418 990 Dei
1440 960 1616 1001 generalis.
1642 977 1644 987 =.

1178 1001 1231 1032 De
1259 1001 1326 1032 hoc
1358 1001 1496 1033 articulo
1531 1001 1627 1033 valde
1661 1004 1797 1042 prodest
1833 1004 1955 1035 habere

1135 1044 1319 1074 testimonia
1343 1044 1385 1074 ad
1409 1044 1506 1074 fidem
1532 1045 1748 1075 exercendam
1772 1046 1802 1075 in
1824 1046 1956 1076 invoca-

1135 1087 1232 1116 tione.
1256 1086 1351 1116 Actis
1370 1085 1471 1116 XVII.
1497 1089 1562 1124 [vs.
1579 1087 1643 1124 284
1663 1087 1698 1117 In
1712 1088 1785 1127 ipso
1806 1089 1956 1124 sivimus,

1135 1138 1305 1159 movemur
1318 1134 1349 1159 et
1361 1138 1485 1159 sumus.
1499 1129 1582 1160 Heb.
1595 1129 1618 1159 1.
1629 1133 1691 1167 [vs.
1701 1129 1745 1168 3.]
1756 1129 1881 1160 Ferens
1891 1140 1957 1160 om-

1137 1171 1189 1201 nia
1201 1171 1304 1201 verbo
1316 1172 1480 1210 potentiae
1493 1181 1583 1202 suae.
1598 1171 1668 1201 Col.
1685 1172 1707 1201 l.
1722 1175 1786 1210 [vs.
1801 1173 1864 1210 174
1882 1173 1957 1202 Om-

1136 1214 1234 1243 1113111
1254 1223 1293 1243 eo
1312 1214 1508 1244 consistunt.
1529 1214 1552 1243 l.
1568 1214 1647 1244 Tim.
1668 1214 1709 1244 V.
1736 1215 1842 1245 Vocat
1862 1216 1957 1246 deum

1136 1255 1355 1286 vivificantem
1386 1257 1503 1286 omnia.
1535 1256 1615 1286 Item
1635 1256 1812 1297 Speramus
1836 1258 1865 1287 in
1895 1258 1956 1287 deo

1137 1298 1212 1328 vivo
1247 1299 1300 1338 qui
1337 1305 1388 1328 est
1424 1297 1572 1329 salvator
1611 1300 1751 1329 omnium
1793 1299 1957 1329 hominum

1136 1340 1274 1371 maxime
1297 1339 1446 1371 fidelium.
1491 1341 1571 1371 Item
1602 1341 1637 1370 111
1666 1342 1727 1372 1100
1751 1343 1881 1372 vivente
1905 1341 1958 1382 qui

1137 1383 1272 1423 praebet
1303 1384 1411 1413 omnia
1438 1384 1534 1414 nobis
1558 1384 1687 1414 abunde
1709 1385 1751 1414 ad
1774 1383 1957 1421 fruendum,

1137 1424 1254 1455 Matth.
1289 1425 1329 1456 X.
1353 1425 1429 1456 Duo
1452 1436 1610 1466 passeres
1635 1436 1713 1457 asse
1737 1433 1799 1457 etc.
1844 1426 1958 1456 Vestri

1138 1473 1245 1498 autem
1277 1466 1385 1507 capilli
1415 1475 1476 1498 010.
1521 1468 1578 1498 Ρ5.
1609 1468 1690 1499 Clll.
1737 1469 1852 1499 Omnia
1882 1479 1901 1498 a
1924 1474 1957 1498 te

1138 1516 1313 1549 expectant
1326 1517 1388 1541 etc.
1422 1510 1533 1541 Dante
1547 1517 1580 1541 te
1598 1510 1661 1541 illis
1685 1518 1746 1542 etc.
1776 1512 1958 1542 Avertente

1137 1558 1246 1582 autem
1264 1559 1326 1583 etc.
1356 1553 1475 1584 Emitte
1502 1555 1650 1593 spiritum
1669 1560 1732 1584 etc.
1766 1553 1822 1584 Ps.
1840 1552 1956 1584 XCIX.

1139 1597 1202 1631 [vs.
1225 1593 1270 1633 3.]
1302 1595 1428 1626 Scitote
1451 1597 1540 1636 quod
1563 1597 1712 1627 dominus
1735 1597 1806 1637 ipse
1829 1602 1880 1626 est
1903 1597 1958 1626 de-

1138 1647 1190 1673 05,
1214 1637 1285 1676 ipse
1308 1636 1385 1668 fecit
1408 1648 1471 1668 nos
1496 1645 1527 1669 et
1551 1649 1615 1668 11011
1639 1639 1701 1679 11151
1724 1649 1804 1676 nos,
1827 1649 1888 1668 nos
1901 1649 1957 1669 30-

1137 1685 1202 1708 10111
1218 1679 1360 1718 1101111105
1377 1681 1446 1711 0105
1467 1687 1528 1711 010.
1552 1681 1675 1715 Non3‘5)
1695 1683 1869 1718 nascimur,
1890 1691 1956 1711 non

1138 1721 1276 1752 vivimus
1296 1732 1376 1753 casu
1388 1729 1443 1753 aut
1464 1728 1587 1753 tantlun
1606 1725 1728 1753 nostris
1749 1725 1882 1759 viribus,
1896 1724 1956 1754 sed

1139 1763 1200 1793 deo
1213 1764 1400 1795 vivificante
1408 1771 1439 1795 et
1452 1772 1672 1796 conservante
1680 1772 1743 1797 ete.
1753 1766 1808 1796 Ps.
1820 1766 1956 1797 XXXII.

1140 1808 1202 1842 [vs.
1218 1805 1267 1836 13.
1283 1807 1345 1845 15.]
1364 1807 1416 1838 De
1431 1806 1522 1838 03010
1538 1809 1684 1848 respexit
1699 1808 1859 1845 dominus,
1878 1809 1957 1839 w‘dit

1140 1858 1252 1878 omnes
1266 1847 1350 1879 filios
1364 1849 1539 1888 hominum,
1564 1850 1625 1885 Qui
1638 1851 1778 1891 finxit37)
1793 1850 1955 1892 sigillatim

1139 1896 1201 1920 etc.
1225 1890 1281 1921 Ps.
1302 1891 1446 1921 CXLVI.
1468 1896 1531 1931 [vs.
1550 1892 1596 1930 S.]
1622 1892 1683 1927 Qui
1707 1894 1809 1933 operit
1830 1892 1955 1924 caelum

1138 1934 1279 1964 nubibus
1304 1940 1366 1964 etc.
1400 1933 1456 1964 Ps.
1476 1935 1613 1965 XXXV.
1638 1939 1699 1972 [vs.
1718 1936 1762 1974 7.]
1798 1936 1955 1966 Homines

1139 1982 1169 2005 et
1192 1976 1331 2006 iumenta
1357 1982 1418 2007 etc.
1443 1976 1512 2007 Filii
1535 1984 1644 2008 autem
1662 1977 1826 2008 hominum
1840 1981 1953 2018 01035)

1137 2017 1310 2048 Postremo
1334 2019 1431 2049 docet
1453 2019 1518 2050 1100
1540 2021 1645 2059 ipsum
1665 2021 1768 2050 oratio
1785 2021 1955 2058 dominica,

1115 2091 1117 2095 f
1137 2061 1169 2090 in
1196 2072 1258 2101 qua
1282 2062 1430 2092 iubemur
1453 2069 1564 2101 petere
1586 2073 1604 2092 a
1628 2063 1689 2093 deo
1713 2073 1829 2103 panem
1853 2065 1955 2103 quoti-

1137 2103 1276 2134 dianum.
1323 2102 1525 2135 confitemur
1557 2105 1652 2145 igitur
1686 2106 1954 2145 deumsuppedi-

1114 2151 1206 2184 [tare
1241 2147 1371 2183 victum,
1406 2156 1460 2176 res
1489 2157 1555 2177 non
1586 2148 1779 2184 sustentari,
1807 2153 1954 2178 nattuam

272 2184 345 2214 ficat
367 2194 420 2214 105
445 2194 485 2214 ex
508 2184 607 2215 nihilo
622 2187 770 2216 conditas
791 2197 869 2217 esse
882 2198 942 2228 per
955 2189 1091 2219 verbum
1114 2185 1116 2191 ¹

1135 2198 1202 2218 non
1236 2198 1312 2218 esse
1350 2187 1544 2219 foecundam
1578 2190 1640 2219 nisi
1673 2190 1846 2220 adiuvante
1881 2191 1952 2220 deo.

1135 2350 1180 2379 35)
1201 2349 1337 2379 quaedam]
1357 2350 1429 2374 Editt.
1450 2350 1539 2374 1535.;
1557 2356 1651 2375 rerum,

1135 2402 1180 2430 30)
1200 2400 1265 2429 Non]
1285 2400 1357 2425 Editt.
1380 2400 1465 2424 1535.;
1485 2401 1509 2425 111
1528 2405 1566 2425 est
1585 2402 1638 2425 Non

1114 2481 1115 2491 ἵ
1136 2452 1181 2481 37)
1204 2451 1248 2480 Qui
1266 2451 1345 2482 finxit]
1365 2451 1436 2476 Edjtt.
1460 2451 1544 2475 1535.:
1564 2451 1634 2481 fingit

1136 2502 1181 2531 38)
1201 2502 1367 2558 Filiitautem
1399 2502 1529 2526 hominum
1561 2502 1620 2532 eto]
1651 2503 1680 2526 in
1701 2504 1772 2529 Editt-
1793 2504 1866 2527 1535.
1903 2503 1949 2529 de-

1205 2541 1257 2558 sun
1273 2552 1278 2557 .

2058 112 2122 143 270

2002 1013 2040 1044 17,
2060 1014 2082 1038 1).
