2358 2933
83 136 124 167 97

158 602 184 619 10

156 803 183 821 15

150 1073 181 1092 20

121 1276 160 1306 13,
179 1275 204 1300 b.

155 1666 181 1684 1ο

117 1707 146 1737 (8
165 1708 199 1735 a.)

148 2201 178 2219 20

580 134 601 164 l,
626 132 727 164 LOCI
749 131 1022 163 THEOLOGICI:
1045 131 1083 161 Β.
1107 129 1247 160 PRIMA
1269 126 1421 159 EORUM
1446 127 1601 158 AETAS.

328 227 430 258 Vides
455 227 572 264 lector,
595 231 717 267 quanto
748 226 870 256 certius
882 228 926 262 24)
958 226 998 255 (16
1027 225 1062 256 li-
1085 227 1087 243 ¹
1107 222 1169 251 nisi
1194 220 1354 258 carnalia,
1384 225 1597 251 contemnens
1622 221 1691 258 (161,
1721 226 1752 251 et
1776 221 1829 261 qui
1853 231 1928 262 pos-

244 272 322 301 bero
346 270 481 301 arbitrio
505 270 752 309 scripserimus,
782 278 879 308 quam
905 266 959 299 vel
982 267 1062 298 Ber-

243 313 364 344 nardus
388 312 442 343 vel
456 316 459 342 i
473 311 533 343 ulli
545 310 748 348 scholastici,
763 320 863 350 porro
878 309 962 340 haec
979 320 1063 350 quae

241 355 403 386 hactenus
438 354 676 395 disputavimus
704 353 843 384 subinde
879 352 1063 384 clarescent

242 398 276 428 in
299 396 434 438 reliquis
458 396 642 437 compendii
664 395 768 426 nostri
791 394 884 426 locis.

502 479 563 512 DE
591 478 806 510 PECCATO.

286 540 372 571 Mire
395 541 614 572 obscurarunt
643 544 675 569 et
702 538 791 569 hunc
814 537 923 569 locum
946 537 1063 578 Sophi-

243 583 473 621 stae,icum'de
487 580 700 612 relationibus
720 581 855 611 rationis
878 581 909 611 in
925 585 1064 621 peccato

244 626 466 666 disputarent,
496 634 569 655 cum
600 624 839 664 distinguerent
869 624 909 653 de
944 622 1064 653 actuali

243 673 382 709 peccato
408 673 440 697 et
463 665 624 707 originali,
649 672 680 697 et
693 664 758 696 alia
770 665 883 703 multa,
908 676 992 706 quae
1011 675 1064 696 su-

241 719 482 750 pervacaneum
507 714 557 739 est
580 718 767 739 recensere.
792 708 877 743 Quid
904 709 988 739 enim
1019 713 1065 738 at·

241 752 320 782 tinet
333 752 365 782 in
379 750 580 791 Compendio
598 751 740 781 omnium
763 751 890 781 somnia
904 749 1029 781 referre
1037 750 1063 780 ’ἐῖ

242 793 314 825 Nos
338 804 409 824 rem
436 794 551 834 paucis
582 803 736 834 agemus,
770 793 1066 834 usurpabimusque

241 846 359 867 vocem
382 836 511 877 peccati
535 837 718 876 scripturae
741 846 842 866 more.

463 919 571 955 QUID
595 919 847 951 PECCATUM.

284 977 462 1010 Peccatum
494 978 653 1019 originale
677 986 728 1010 est
752 980 863 1010 nativa
888 980 1063 1020 propensio

241 1027 274 1051 et
299 1021 429 1061 quidam
453 1021 591 1063 genialis
614 1022 755 1061 impetus
773 1028 805 1052 et
824 1023 963 1062 energia,
989 1026 1061 1061 qua*

238 1063 282 1094 ad
314 1065 519 1103 peccandum
550 1063 725 1101 trahimur,
755 1069 936 1105 propagata
947 1065 990 1099 ²⁵)
1019 1065 1060 1094 ab

238 1105 365 1142 Adam,
395 1106 427 1135 in
459 1116 588 1137 omnem
622 1106 858 1146 posteritatem.
910 1105 1002 1137 Sicut
1028 1107 1061 1136 in

240 1148 307 1188 igni
321 1153 371 1178 est
384 1149 527 1189 genuina
539 1149 589 1179 vis
613 1159 677 1189 qua
689 1158 821 1180 sursum
839 1147 952 1186 fertur,
977 1148 1062 1178 sicut

240 1189 273 1220 in
306 1189 461 1231 Magnete
496 1197 547 1221 est
579 1192 721 1233 genuina
754 1193 826 1229 vis,
861 1202 925 1232 qua
958 1191 1001 1221 ad
1023 1201 1061 1221 se

240 1230 364 1263 ferrum
387 1233 497 1270 trahit,
520 1234 565 1264 ita
588 1240 639 1264 est
660 1235 693 1264 in
715 1234 846 1265 homine
873 1234 983 1264 nativa
1010 1234 1061 1264 w's

241 1275 286 1305 ad
314 1276 734 1317 peccaiitiuni.}Scri1)tu1·a
766 1286 833 1307 non
866 1281 965 1306 vocat
996 1275 1062 1306 hoc

236 1316 409 1358 originale,
432 1317 513 1349 illud
535 1318 665 1349 actuale
688 1325 870 1359 peccatum.
893 1318 954 1349 Est
977 1319 1062 1349 enim

237 1365 271 1390 et
295 1359 455 1400 originale
478 1367 651 1400 peccatum
674 1360 772 1401 plane
794 1360 934 1392 actualis
963 1370 1061 1402 quae-

237 1403 312 1433 dam
334 1412 438 1442 prava
461 1403 632 1443 cupiditas.
656 1403 724 1434 Sed
743 1410 808 1435 tam
820 1402 950 1434 actuale
965 1414 1061 1444 quam

239 1443 400 1485 originale
422 1445 551 1483 vitium,
573 1450 765 1486 peccatum*
784 1445 976 1487 simpliciter
1004 1456 1061 1477 vo-

237 1492 302 1523 cat,
333 1497 520 1528 quanquam
552 1498 786 1530 nonnunquam
815 1499 855 1520 ea
886 1498 970 1530 quae
998 1498 1060 1523 nos

237 1527 379 1559 actualia
401 1536 550 1570 peccata,
574 1537 672 1562 vocet
699 1531 825 1563 fructus
854 1532 1000 1572 peccati,
1026 1536 1062 1561 ut

237 1571 281 1601 ad
303 1570 472 1602 Romanos
495 1572 619 1604 Paulus
644 1573 740 1605 solet.
765 1580 798 1605 et
820 1574 944 1612 David,
973 1575 1062 1614 quod

239 1613 399 1653 originale
422 1624 495 1653 nos,
518 1614 601 1646 alias
626 1617 831 1654 curvitatem,
854 1616 936 1647 alias
947 1617 1061 1657 iniqui-

238 1660 338 1686 tatem
361 1655 517 1696 adpellat.
563 1657 634 1688 Nec
659 1664 710 1688 est
734 1659 822 1699 quod
845 1659 915 1689 11161
931 1659 971 1689 de
994 1658 1060 1689 illis

237 1697 346 1728 stultis
371 1698 642 1730 relationibus¹in
677 1706 816 1741 peccato
846 1701 1060 1741 disputemus.

236 1740 365 1772 Pravus
394 1739 560 1779 adfectus,
594 1753 783 1783 pravusque
814 1745 924 1774 cordis
953 1749 1061 1774 motus

240 1789 292 1814 est
315 1789 431 1815 contra
454 1783 563 1825 legem
586 1785 656 1822 dei,
679 1792 862 1825 peccatum.

386 1866 510 1900 UNDE
532 1874 705 1909 peccatum
729 1868 908 1910 Originale.

281 1927 373 1959 Deus
403 1928 479 1969 opt.
506 1927 592 1959 Max
623 1937 696 1959 cum
727 1929 930 1959 condidisset
958 1928 1061 1959 homi-

238 1969 408 2001 nem¹sine
441 1976 599 2010 peccato,
627 1971 742 2001 aderat
770 1971 800 2001 ei
830 1981 890 2012 per
913 1972 1061 2012 spiritimi

239 2022 347 2051 suum,
378 2013 433 2054 qui
463 2013 627 2043 hominem
656 2014 697 2043 ad
721 2018 812 2044 recta
834 2013 1059 2044 inflammaret.

237 2055 325 2086 Idem
338 2056 472 2096 spiritus
485 2056 728 2096 gubernaturus
741 2062 812 2086 erat
824 2066 953 2087 omnem
965 2056 1060 2086 Adae

237 2099 473 2138 posteritatem,
496 2098 558 2128 nisi
582 2097 696 2138 lapsus
716 2096 834 2129 fuisset
851 2099 969 2129 Adam.
993 2098 1059 2129 13111

237 2146 453 2181 posteaquam
490 2138 623 2181 deliquit
638 2140 763 2178 Adam,
793 2146 967 2172 aversatus
999 2145 1056 2171 6511

237 2183 319 2213 deus
342 2182 517 2219 hominem,
528 2188 563 2213 ut
574 2193 640 2213 non
653 2183 738 2214 adsit
751 2184 779 2213 ei
792 2184 995 2224 gubernator
1007 2184 1058 2214 dei

236 2225 382 2265 spiritus.
413 2225 460 2256 Ita
482 2224 529 2262 fit,
551 2231 586 2255 ut
608 2227 715 2256 anima
731 2224 816 2263 luce,
832 2227 964 2267 vitaque
984 2236 1058 2257 coe-

236 2266 311 2298 lesti
336 2277 454 2298 carens
478 2274 664 2306 excecetui·,
688 2275 719 2299 et
735 2278 811 2299 sese
830 2269 1058 2300 ardentissime

236 2315 341 2347 amet,
370 2320 431 2341 sua
459 2316 611 2351 quaerat,
633 2321 699 2341 11011
722 2312 848 2352 cupiat,
878 2321 944 2342 non
967 2310 1057 2349 velit,

78 2447 108 2475 4)
133 2446 238 2476 certius]
258 2446 299 2471 Ed.
321 2447 343 2470 7.
365 2447 464 2476 simplic
487 2447 534 2471 ius.

80 2497 110 2527 5)
134 2497 219 2522 nativa

303 2497 459 2527 propagata]
478 2497 520 2522 Ed.
540 2499 562 2522 7.
582 2498 702 2527 energia,
716 2500 741 2522 et
759 2498 866 2527 genialis
876 2499 986 2528 impetus
1002 2503 1055 2522 car-

153 2530 350 2588 nistuignorantis
370 2531 461 2559 deum,
487 2532 609 2562 querendi
634 2532 795 2562 [quaerendi]
815 2533 939 2562 carnalia,
965 2538 1055 2562 propa-

152 2570 185 2593 ga
216 2571 235 2589 s.

133 2623 252 2643 MELANTH.
268 2623 334 2643 OPER.
348 2624 398 2643 501..
413 2623 462 2643 XXI.

1085 309 1086 320 ¹
1107 306 1311 345 pravitatem.

1107 273 1179 294 siun
1210 274 1272 304 ego
1302 263 1412 293 verbis
1449 264 1623 303 consequi,
1661 262 1791 293 11111113111
1821 265 1929 294 cordis

1357 305 1443 335 Fieri
1473 305 1558 334 enim
1587 305 1716 345 nequit,
1746 306 1823 346 quin
1852 316 1930 337 sese

1106 348 1244 377 maxime
1267 353 1352 377 amet
1378 353 1541 384 creatura,
1565 357 1660 387 quam
1684 357 1750 377 non
1763 349 1931 389 absorpsit

1106 399 1198 419 amor
1230 389 1293 419 dei.
1345 389 1430 419 Fieri
1459 389 1571 429 nequit
1598 396 1633 419 ut
1661 388 1820 429 spiritalia
1845 395 1933 424 amet

1107 441 1193 461 caro.
1240 430 1295 461 Sic
1320 432 1405 461 enim
1432 431 1478 461 in*
1501 431 1623 462 Genesi
1649 432 1692 469 [6,
1722 432 1766 469 3.]
1802 430 1932 473 legitur.

1108 473 1182 503 Non
1213 473 1418 513 permanebit
1445 474 1579 513 spiritus
1608 484 1701 504 meus
1730 475 1762 504 in
1791 474 1933 512 homine,

1107 515 1183 554 quia
1212 525 1289 544 caro
1322 521 1382 545 est.
1414 514 1457 544 Et
1485 516 1573 555 apud
1601 515 1738 547 Paulum
1768 517 1809 547 ad
1838 516 1932 547 Rom.

1107 567 1177 597 cap.
1207 555 1293 586 VIII.
1319 559 1380 594 [vs.
1405 556 1435 586 5.
1445 560 1465 594 :j
1503 557 1565 591 Qui
1596 559 1777 589 secundum
1801 569 1933 590 carnem

1107 604 1195 636 sunt,
1218 599 1251 629 id
1274 604 1336 636 est,
1360 599 1501 638 quisine
1521 600 1637 639 spiritu
1662 601 1714 631 dei
1732 607 1808 631 sunt
1832 602 1932 642 (Nam

1106 640 1162 671 vel
1186 650 1227 671 ex
1248 639 1305 670 illo
1329 641 1462 681 genesis
1486 640 1560 671 1060
1584 640 1686 682 liquet
1704 653 1836 674 carnem
1856 653 1932 675 esse

1107 684 1195 714 vires
1218 681 1390 720 humanas,
1421 684 1492 713 sine
1517 684 1569 714 dei
1593 685 1736 725 spiritui*
1755 696 1839 726 quae
1864 697 1933 716 cai·-

1108 726 1159 755 nis
1193 730 1269 755 sunt
1303 724 1478 755 adfectant.
1534 725 1576 755 Et
1611 737 1725 757 rursus
1740 750 1748 765 ,
1783 727 1933 759 adfectus

1109 768 1216 798 carnis
1240 767 1403 797 inimicitia
1428 774 1477 798 est
1501 769 1662 799 adversus
1687 770 1793 807 deum,
1819 770 1932 811 Itaque

1110 820 1183 840 cum
1203 810 1335 840 tradunt
1353 809 1547 850 Sophistae,
1565 810 1741 843 Peccatum
1761 812 1932 853 originale,

1110 862 1186 883 esse
1217 852 1358 882 iustitiae
1391 852 1559 893 originalis
1589 856 1782 893 carentiam,
1814 856 1862 885 sic
1885 854 1932 886 lo-

1109 899 1252 934 quuntur
1282 895 1362 934 ipsi,
1391 900 1482 925 recte
1511 896 1630 927 dicunt.
1683 896 1750 928 Sed
1781 907 1839 928 cur
1866 908 1932 929 non

1108 937 1247 973 addunt,
1279 937 1367 976 quod
1394 938 1449 967 ubi
1480 948 1547 967 non
1577 939 1820 980 est³originalis
1842 940 1932 971 iusti-

1107 979 1168 1015 tia,
1198 988 1259 1008 seu
1288 979 1440 1018 spiritus,
1470 980 1514 1009 ibi
1544 990 1618 1010 esse
1647 991 1766 1012 revera
1789 992 1932 1021 carnem,

1106 1030 1225 1050 revera
1248 1020 1465 1060 impietatem,
1496 1032 1613 1053 revera
1637 1029 1858 1064 contemptum
1881 1034 1932 1056 re·

1104 1072 1176 1092 runi
1199 1061 1424 1101 spiritualium.
1440 1064 1483 1100 26)
1545 1064 1674 1096 Primus
1704 1066 1814 1107 itaque
1842 1065 1932 1098 adfe-

1104 1110 1177 1135 ctus
1207 1110 1240 1135 et
1262 1114 1407 1136 summus
1430 1111 1566 1137 naturae
1596 1107 1735 1138 hominis
1769 1115 1819 1139 est
1842 1119 1933 1140 amor

1105 1148 1166 1184 sui,
1190 1156 1210 1177 a
1233 1157 1298 1187 quo
1322 1148 1456 1187 rapitur,
1480 1154 1515 1178 ut
1532 1148 1621 1187 velit,
1643 1151 1874 1192 desideretque
1893 1162 1932 1183 63

1104 1194 1229 1219 tantuin
1253 1199 1338 1229 quae
1361 1199 1441 1220 suae
1464 1197 1601 1223 naturae
1629 1203 1631 1219 1
1653 1194 1751 1231 bona,
1776 1194 1930 1233 iucunda,

1106 1230 1229 1268 dulcia,
1258 1230 1405 1272 gloriosa
1428 1232 1595 1271 videntur,
1628 1235 1702 1265 odio
1731 1235 1868 1274 habeat,
1899 1244 1932 1268 et

1105 1272 1258 1304 formidet
1292 1284 1332 1304 63
1365 1284 1449 1315 (11136
1484 1281 1619 1307 naturae
1649 1278 1790 1309 adversa
1818 1280 1930 1310 viden-

1105 1321 1158 1346 tur
1174 1322 1413 1357 averseturque
1442 1327 1516 1348 eum
1536 1320 1589 1359 qui
1619 1326 1710 1350 arcet
1730 1322 1770 1351 ab
1788 1321 1827 1351 iis
1846 1332 1930 1362 quae

1107 1359 1205 1398 cupit,
1224 1364 1280 1389 aut
1298 1359 1351 1399 qui
1370 1360 1530 1400 praecipit
1551 1371 1591 1392 ea
1607 1364 1738 1400 sectari,
1759 1373 1798 1393 ea
1816 1365 1929 1404 quaeri

1106 1411 1191 1441 quae
1222 1400 1406 1441 displicent.
1457 1401 1546 1433 Proh
1575 1415 1660 1445 quae
1687 1404 1852 1436 hominum
1882 1407 1930 1436 in·

1106 1442 1413 1483 comprehensibilis
1443 1445 1575 1477 miseria
1603 1453 1663 1477 est.
1683 1447 1781 1478 :Hinc
1809 1448 1840 1478 in
1871 1448 1929 1479 ho·

1105 1485 1190 1515 mine
1214 1485 1266 1515 dei
1291 1490 1323 1515 et
1344 1485 1429 1527 legis
1448 1487 1576 1520 divinae
1595 1490 1703 1520 odium
1722 1491 1834 1520 oritur.
1854 1489 1930 1521 hinc

1105 1527 1244 1564 homini,
1273 1532 1309 1557 ut
1337 1538 1413 1558 mox
1441 1528 1539 1559 latius
1564 1531 1821 1571 explicabimus,
1844 1533 1929 1573 ignis

1107 1579 1305 1600 consumens
1329 1570 1411 1601 deus
1436 1576 1496 1601 est.

1148 1628 1233 1658 Esse
1251 1638 1331 1660 vero
1349 1636 1522 1670 peccatum
1539 1630 1699 1672 originale
1716 1632 1886 1674 Pelagiani
1906 1644 1909 1665 ι

1105 1680 1250 1711 negasse
1277 1670 1435 1703 feruntur.
1475 1683 1613 1713 quorum
1652 1675 1772 1715 dogma
1800 1674 1931 1706 revellit

1106 1712 1312 1752 Augustinus
1324 1713 1450 1755 aliquot
1462 1714 1683 1747 voluminibus
1697 1718 1833 1748 erudite.
1846 1718 1929 1748 Nam

1105 1755 1137 1784 in
1160 1754 1222 1785 hac
1246 1756 1476 1796 disputatione,
1499 1758 1702 1797 potissimum
1720 1765 1856 1799 regnat,
1879 1761 1927 1801 ita,

1105 1802 1141 1827 ut
1175 1803 1307 1828 caetera
1337 1797 1408 1829 fere
1439 1809 1523 1839 quae
1556 1806 1689 1839 praeter
1716 1801 1928 1842 Pelagianam

1106 1848 1239 1869 causam
1262 1840 1411 1880 scripsit,
1438 1841 1607 1882 frigidiora
1630 1843 1812 1874 videantur.
1858 1844 1928 1875 Nos

1106 1881 1338 1912 subiilcienius
1375 1882 1468 1913 locos
1502 1883 1627 1924 aliquot
1654 1890 1814 1916 testantes
1854 1896 1929 1917 esse

1105 1928 1276 1962 peccatum
1300 1925 1469 1966 originale.
1515 1925 1557 1956 Et
1581 1927 1657 1966 quid
1680 1929 1784 1967 potuit
1807 1927 1927 1959 clarius

1105 1965 1168 1995 dici
1192 1975 1243 2003 e0,
1267 1968 1355 2006 quod
1379 1974 1430 1998 est
1453 1969 1610 2008 scriptum
1633 1970 1675 1999 ad
1694 1968 1858 2009 Ephesios
1876 1980 1928 2001 se-

1105 2008 1212 2037 cundo
1223 2009 1340 2048 capite.
1355 2013 1416 2047 [vs.
1430 2009 1460 2040 3.
1470 2014 1490 2048 :J
1504 2010 1642 2041 Eramus
1650 2018 1768 2042 natura
1783 2012 1927 2050 filiiirae,

1105 2050 1189 2080 sicut
1214 2056 1246 2080 et
1269 2052 1402 2082 caeteri.
1428 2052 1525 2087 Quod
1540 2054 1568 2083 si
1596 2059 1714 2084 natura
1737 2064 1849 2085 sumus
1868 2054 1926 2085 filii

1104 2093 1183 2129 irae,
1207 2094 1286 2123 certi
1310 2095 1475 2125 nascimur
1498 2094 1553 2124 filii
1585 2096 1587 2107 '
1611 2096 1689 2126 irae.
1737 2096 1821 2131 Quid
1841 2097 1925 2127 enim

1104 2135 1147 2164 ibi
1177 2134 1265 2165 aliud
1296 2137 1363 2177 agit
1391 2136 1534 2174 Paulus,
1565 2148 1661 2178 quam
1692 2148 1805 2169 omnes
1840 2140 1927 2170 vires

1104 2183 1236 2208 nostras
1266 2185 1404 2218 peccato
1435 2180 1594 2210 obnoxias
1619 2181 1720 2210 nasci.
1750 2180 1829 2210 nihil
1857 2180 1926 2211 ullo

1103 2225 1251 2260 tempore
1270 2221 1302 2250 in
1322 2220 1398 2251 ullis
1416 2221 1581 2252 hominum
1601 2222 1724 2253 viribus
1745 2224 1819 2253 boni
1837 2232 1924 2253 esse.

1103 2261 1217 2302 Capite
1241 2264 1352 2303 quinto
1376 2264 1417 2294 ad
1437 2263 1604 2294 Romanos
1627 2264 1765 2295 instituit
1782 2266 1924 2306 disputa-

1103 2305 1224 2335 tionem
1248 2305 1288 2335 de
1306 2312 1456 2346 peccato,
1480 2307 1585 2346 gratia
1604 2309 1651 2336 et*
1667 2305 1753 2346 lege,
1774 2308 1828 2337 ubi
1848 2317 1924 2347 pec-

1103 2353 1210 2377 catum
1229 2348 1327 2378 docet
1346 2354 1562 2389 propagatum
1580 2349 1611 2378 in
1631 2358 1744 2379 01111165
1764 2348 1922 2379 11011111165.

1103 2389 1275 2424 Quomodo
1306 2401 1386 2421 vero
1410 2396 1627 2431 propagatum
1657 2397 1707 2421 est
1730 2392 1825 2422 unius
1848 2401 1923 2431 pec-

2041 127 2082 159 98

1968 273 2006 301 14,
2025 279 2046 296 a.

2007 688 2032 706 10

2005 942 2031 961 15

2000 1196 2030 1214 20

1967 1449 2005 1479 14,
2024 1448 2047 1473 b.

1989 1642 2018 1667 ΙΙ]

2005 1677 2019 1696 5

1964 1811 2046 1843 (31).)

2000 1897 2026 1915 10

1999 2108 2025 2125 15

1991 2317 2021 2335 20

1100 2535 1145 2565 26)
1172 2535 1198 2559 111
1217 2540 1296 2564 marg.
1315 2535 1387 2559 Editt.
1410 2536 1427 2558 i.
1448 2534 1469 2559 2.
1489 2535 1525 2559 7.:
1550 2535 1596 2559 Ubi
1621 2541 1670 2559 non
1696 2537 1733 2559 est
1753 2535 1854 2564 spiritus
1874 2534 1921 2564 dei,
1940 2535 1972 2559 ibi
1991 2535 2072 2559 omnia

1169 2569 1234 2593 vitia.

1908 2619 1923 2642 7
