<?xml version="1.0" encoding="UTF-8"?>
<!DOCTYPE html PUBLIC "-//W3C//DTD XHTML 1.0 Transitional//EN"
    "http://www.w3.org/TR/xhtml1/DTD/xhtml1-transitional.dtd">
<html xmlns="http://www.w3.org/1999/xhtml" xml:lang="en" lang="en">
 <head>
  <title>
</title>
<meta http-equiv="Content-Type" content="text/html;charset=utf-8" />
  <meta name='ocr-system' content='tesseract 3.04.00' />
  <meta name='ocr-capabilities' content='ocr_page ocr_carea ocr_par ocr_line ocrx_word'/>
</head>
<body>
  <div class='ocr_page' id='page_1' title='image "./operaquaesupersu21melauoft/operaquaesupersu21melauoft_0432.png"; bbox 0 0 2358 2933; ppageno 0'>
   <div class='ocr_carea' id='block_1_1' title="bbox 233 92 2212 133">
    <p class='ocr_par' dir='ltr' id='par_1_1' title="bbox 233 92 2212 133">
     <span class='ocr_line' id='line_1_1' title="bbox 233 92 2212 133; baseline 0.002 -9"><span class='ocrx_word' id='word_1_1' title='bbox 233 94 294 125; x_wconf 70' lang='lat'>535</span> <span class='ocrx_word' id='word_1_2' title='bbox 857 92 964 124; x_wconf 80' lang='lat' dir='ltr'>Pflu..</span> <span class='ocrx_word' id='word_1_3' title='bbox 989 92 1089 124; x_wconf 81' lang='lat' dir='ltr'>MEL.</span> <span class='ocrx_word' id='word_1_4' title='bbox 1112 92 1295 126; x_wconf 80' lang='lat' dir='ltr'>SCRIPTA</span> <span class='ocrx_word' id='word_1_5' title='bbox 1319 93 1588 127; x_wconf 75' lang='lat' dir='ltr'>DOGMATICA.</span> <span class='ocrx_word' id='word_1_6' title='bbox 2149 101 2212 133; x_wconf 81' lang='grc'>836</span> 
     </span>
    </p>
   </div>
   <div class='ocr_carea' id='block_1_2' title="bbox 229 185 1200 1279">
    <p class='ocr_par' dir='ltr' id='par_1_2' title="bbox 229 185 1200 1279">
     <span class='ocr_line' id='line_1_2' title="bbox 235 185 1197 226; baseline 0.001 -11"><span class='ocrx_word' id='word_1_7' title='bbox 235 186 414 217; x_wconf 77' lang='lat' dir='ltr'>Ecclesiam</span> <span class='ocrx_word' id='word_1_8' title='bbox 438 197 501 216; x_wconf 91' lang='lat' dir='ltr'>non</span> <span class='ocrx_word' id='word_1_9' title='bbox 525 185 690 226; x_wconf 76' lang='lat' dir='ltr'><strong>alligatam</strong></span> <span class='ocrx_word' id='word_1_10' title='bbox 714 194 789 216; x_wconf 89' lang='lat' dir='ltr'>esse</span> <span class='ocrx_word' id='word_1_11' title='bbox 811 186 852 215; x_wconf 83' lang='lat' dir='ltr'>ad</span> <span class='ocrx_word' id='word_1_12' title='bbox 876 192 986 215; x_wconf 88' lang='lat' dir='ltr'>certos</span> <span class='ocrx_word' id='word_1_13' title='bbox 1010 185 1121 216; x_wconf 87' lang='lat' dir='ltr'>titulos</span> <span class='ocrx_word' id='word_1_14' title='bbox 1144 193 1197 216; x_wconf 85' lang='lat' dir='ltr'>aut</span> 
     </span>
     <span class='ocr_line' id='line_1_3' title="bbox 233 227 1197 268; baseline 0.002 -12"><span class='ocrx_word' id='word_1_15' title='bbox 233 230 476 259; x_wconf 60' lang='lat' dir='ltr'>,ut-,cessionem</span> <span class='ocrx_word' id='word_1_16' title='bbox 500 229 705 258; x_wconf 79' lang='lat' dir='ltr'>ordinariam.</span> <span class='ocrx_word' id='word_1_17' title='bbox 730 227 812 257; x_wconf 80' lang='lat' dir='ltr'>Nam</span> <span class='ocrx_word' id='word_1_18' title='bbox 836 237 908 258; x_wconf 90' lang='lat' dir='ltr'>cum</span> <span class='ocrx_word' id='word_1_19' title='bbox 932 227 965 257; x_wconf 90' lang='lat' dir='ltr'>hi</span> <span class='ocrx_word' id='word_1_20' title='bbox 988 234 1113 265; x_wconf 88' lang='lat' dir='ltr'>errant,</span> <span class='ocrx_word' id='word_1_21' title='bbox 1143 228 1197 268; x_wconf 90' lang='lat' dir='ltr'>qui</span> 
     </span>
     <span class='ocr_line' id='line_1_4' title="bbox 233 270 1155 310; baseline 0.001 -12"><span class='ocrx_word' id='word_1_22' title='bbox 233 272 425 301; x_wconf 81' lang='lat' dir='ltr'>ordinariam</span> <span class='ocrx_word' id='word_1_23' title='bbox 449 277 640 310; x_wconf 81' lang='lat' dir='ltr'>potestatem</span> <span class='ocrx_word' id='word_1_24' title='bbox 664 276 784 305; x_wconf 83' lang='lat' dir='ltr'>tenent,</span> <span class='ocrx_word' id='word_1_25' title='bbox 807 279 873 299; x_wconf 94' lang='lat' dir='ltr'>non</span> <span class='ocrx_word' id='word_1_26' title='bbox 896 276 971 299; x_wconf 87' lang='lat' dir='ltr'>sunt</span> <span class='ocrx_word' id='word_1_27' title='bbox 994 270 1155 300; x_wconf 88' lang='lat' dir='ltr'>audiendi.</span> 
     </span>
     <span class='ocr_line' id='line_1_5' title="bbox 318 310 1198 351; baseline -0.001 -8"><span class='ocrx_word' id='word_1_28' title='bbox 318 313 406 343; x_wconf 83' lang='lat' dir='ltr'>llaec</span> <span class='ocrx_word' id='word_1_29' title='bbox 430 313 589 342; x_wconf 78' lang='lat' dir='ltr'>sententia</span> <span class='ocrx_word' id='word_1_30' title='bbox 610 321 689 342; x_wconf 78' lang='lat' dir='ltr'>vera</span> <span class='ocrx_word' id='word_1_31' title='bbox 711 318 776 348; x_wconf 81' lang='lat' dir='ltr'>est,</span> <span class='ocrx_word' id='word_1_32' title='bbox 807 312 866 341; x_wconf 87' lang='lat' dir='ltr'>sed</span> <span class='ocrx_word' id='word_1_33' title='bbox 889 310 1029 351; x_wconf 86' lang='lat' dir='ltr'>politicis</span> <span class='ocrx_word' id='word_1_34' title='bbox 1052 312 1130 342; x_wconf 79' lang='lat' dir='ltr'>viris</span> <span class='ocrx_word' id='word_1_35' title='bbox 1153 312 1198 342; x_wconf 90' lang='lat' dir='ltr'>in·</span> 
     </span>
     <span class='ocr_line' id='line_1_6' title="bbox 232 353 1198 395; baseline 0 -11"><span class='ocrx_word' id='word_1_36' title='bbox 232 362 324 395; x_wconf 78' lang='lat' dir='ltr'>gmta</span> <span class='ocrx_word' id='word_1_37' title='bbox 348 363 407 385; x_wconf 82' lang='lat' dir='ltr'>est.</span> <span class='ocrx_word' id='word_1_38' title='bbox 432 355 485 394; x_wconf 91' lang='lat' dir='ltr'>qui</span> <span class='ocrx_word' id='word_1_39' title='bbox 505 355 613 384; x_wconf 84' lang='lat' dir='ltr'>vident</span> <span class='ocrx_word' id='word_1_40' title='bbox 637 354 711 383; x_wconf 88' lang='lat' dir='ltr'>inde</span> <span class='ocrx_word' id='word_1_41' title='bbox 735 354 810 383; x_wconf 89' lang='lat' dir='ltr'>oriri</span> <span class='ocrx_word' id='word_1_42' title='bbox 834 354 1081 393; x_wconf 78' lang='lat' dir='ltr'>dissipationes:</span> <span class='ocrx_word' id='word_1_43' title='bbox 1123 353 1198 384; x_wconf 89' lang='lat' dir='ltr'>ldeo</span> 
     </span>
     <span class='ocr_line' id='line_1_7' title="bbox 232 394 1199 443; baseline -0.001 -17"><span class='ocrx_word' id='word_1_44' title='bbox 232 399 391 427; x_wconf 70' lang='lat' dir='ltr'>intuentes</span> <span class='ocrx_word' id='word_1_45' title='bbox 422 397 554 443; x_wconf 83' lang='lat' dir='ltr'>imperia</span> <span class='ocrx_word' id='word_1_46' title='bbox 582 402 611 426; x_wconf 85' lang='lat' dir='ltr'>et</span> <span class='ocrx_word' id='word_1_47' title='bbox 636 394 766 435; x_wconf 83' lang='lat' dir='ltr'>politias</span> <span class='ocrx_word' id='word_1_48' title='bbox 790 395 948 426; x_wconf 84' lang='lat' dir='ltr'>humanas</span> <span class='ocrx_word' id='word_1_49' title='bbox 972 396 1111 435; x_wconf 84' lang='lat' dir='ltr'>quadam</span> <span class='ocrx_word' id='word_1_50' title='bbox 1133 396 1199 425; x_wconf 89' lang='lat' dir='ltr'>imi—</span> 
     </span>
     <span class='ocr_line' id='line_1_8' title="bbox 233 437 1199 477; baseline -0.001 -9"><span class='ocrx_word' id='word_1_51' title='bbox 233 440 351 468; x_wconf 84' lang='lat' dir='ltr'>tatione</span> <span class='ocrx_word' id='word_1_52' title='bbox 369 438 600 468; x_wconf 80' lang='lat' dir='ltr'>transiormant</span> <span class='ocrx_word' id='word_1_53' title='bbox 625 437 806 468; x_wconf 73' lang='lat' dir='ltr'>Ecclesiam</span> <span class='ocrx_word' id='word_1_54' title='bbox 835 439 866 467; x_wconf 91' lang='lat' dir='ltr'>in</span> <span class='ocrx_word' id='word_1_55' title='bbox 892 447 1038 477; x_wconf 86' lang='lat' dir='ltr'>regnum.</span> <span class='ocrx_word' id='word_1_56' title='bbox 1084 437 1127 468; x_wconf 89' lang='lat' dir='ltr'>Ut</span> <span class='ocrx_word' id='word_1_57' title='bbox 1150 447 1199 467; x_wconf 88' lang='lat' dir='ltr'>re-</span> 
     </span>
     <span class='ocr_line' id='line_1_9' title="bbox 231 478 1199 520; baseline -0.001 -10"><span class='ocrx_word' id='word_1_58' title='bbox 231 491 329 519; x_wconf 73' lang='lat' dir='ltr'>gnum</span> <span class='ocrx_word' id='word_1_59' title='bbox 353 481 542 510; x_wconf 81' lang='lat' dir='ltr'>Francieum</span> <span class='ocrx_word' id='word_1_60' title='bbox 567 485 615 509; x_wconf 90' lang='lat' dir='ltr'>est</span> <span class='ocrx_word' id='word_1_61' title='bbox 640 479 809 510; x_wconf 90' lang='lat' dir='ltr'>multitudo</span> <span class='ocrx_word' id='word_1_62' title='bbox 833 480 992 510; x_wconf 77' lang='lat' dir='ltr'>Francico</span> <span class='ocrx_word' id='word_1_63' title='bbox 1016 478 1100 520; x_wconf 86' lang='lat' dir='ltr'>Regi</span> <span class='ocrx_word' id='word_1_64' title='bbox 1123 480 1199 509; x_wconf 90' lang='lat' dir='ltr'>sub·</span> 
     </span>
     <span class='ocr_line' id='line_1_10' title="bbox 231 520 1199 562; baseline -0.002 -10"><span class='ocrx_word' id='word_1_65' title='bbox 231 524 324 557; x_wconf 71' lang='lat' dir='ltr'>iet-ta,</span> <span class='ocrx_word' id='word_1_66' title='bbox 354 523 506 552; x_wconf 86' lang='lat' dir='ltr'>distincta</span> <span class='ocrx_word' id='word_1_67' title='bbox 532 521 675 562; x_wconf 78' lang='lat' dir='ltr'>Legibus</span> <span class='ocrx_word' id='word_1_68' title='bbox 700 529 729 552; x_wconf 89' lang='lat' dir='ltr'>et</span> <span class='ocrx_word' id='word_1_69' title='bbox 753 520 835 552; x_wconf 85' lang='lat' dir='ltr'>locis</span> <span class='ocrx_word' id='word_1_70' title='bbox 858 522 1048 552; x_wconf 89' lang='lat' dir='ltr'>iudiciorum</span> <span class='ocrx_word' id='word_1_71' title='bbox 1071 531 1090 551; x_wconf 88' lang='lat' dir='ltr'>a</span> <span class='ocrx_word' id='word_1_72' title='bbox 1114 527 1199 552; x_wconf 85' lang='lat' dir='ltr'>cete·</span> 
     </span>
     <span class='ocr_line' id='line_1_11' title="bbox 231 562 1199 604; baseline -0.001 -11"><span class='ocrx_word' id='word_1_73' title='bbox 231 565 274 594; x_wconf 66' lang='lat' dir='ltr'>ris</span> <span class='ocrx_word' id='word_1_74' title='bbox 299 565 470 600; x_wconf 77' lang='lat' dir='ltr'>Gentibus.</span> <span class='ocrx_word' id='word_1_75' title='bbox 494 564 614 594; x_wconf 83' lang='lat' dir='ltr'>munita</span> <span class='ocrx_word' id='word_1_76' title='bbox 639 564 822 602; x_wconf 81' lang='lat' dir='ltr'>praesidiis.</span> <span class='ocrx_word' id='word_1_77' title='bbox 845 562 977 604; x_wconf 76' lang='lat' dir='ltr'>alligata</span> <span class='ocrx_word' id='word_1_78' title='bbox 1002 564 1043 593; x_wconf 91' lang='lat' dir='ltr'>ad</span> <span class='ocrx_word' id='word_1_79' title='bbox 1066 572 1199 593; x_wconf 89' lang='lat' dir='ltr'>succes-</span> 
     </span>
     <span class='ocr_line' id='line_1_12' title="bbox 231 605 1199 646; baseline 0 -11"><span class='ocrx_word' id='word_1_80' title='bbox 231 607 354 637; x_wconf 61' lang='lat' dir='ltr'>sionem</span> <span class='ocrx_word' id='word_1_81' title='bbox 379 607 575 637; x_wconf 77' lang='lat' dir='ltr'>ordinariam</span> <span class='ocrx_word' id='word_1_82' title='bbox 599 605 735 646; x_wconf 82' lang='lat' dir='ltr'>Regum,</span> <span class='ocrx_word' id='word_1_83' title='bbox 759 612 790 636; x_wconf 89' lang='lat' dir='ltr'>et</span> <span class='ocrx_word' id='word_1_84' title='bbox 814 606 846 636; x_wconf 92' lang='lat' dir='ltr'>in</span> <span class='ocrx_word' id='word_1_85' title='bbox 865 606 990 636; x_wconf 89' lang='lat' dir='ltr'>iudiciis</span> <span class='ocrx_word' id='word_1_86' title='bbox 1010 605 1199 635; x_wconf 85' lang='lat' dir='ltr'>necessario</span> 
     </span>
     <span class='ocr_line' id='line_1_13' title="bbox 231 646 1199 688; baseline 0.001 -13"><span class='ocrx_word' id='word_1_87' title='bbox 231 650 460 688; x_wconf 69' lang='lat' dir='ltr'>obtemperans</span> <span class='ocrx_word' id='word_1_88' title='bbox 484 647 626 688; x_wconf 85' lang='lat' dir='ltr'>Legibus</span> <span class='ocrx_word' id='word_1_89' title='bbox 649 654 681 678; x_wconf 91' lang='lat' dir='ltr'>et</span> <span class='ocrx_word' id='word_1_90' title='bbox 700 648 954 688; x_wconf 78' lang='lat' dir='ltr'>interpretationi</span> <span class='ocrx_word' id='word_1_91' title='bbox 970 646 1081 688; x_wconf 83' lang='lat' dir='ltr'>Regis,</span> <span class='ocrx_word' id='word_1_92' title='bbox 1108 648 1199 677; x_wconf 87' lang='lat' dir='ltr'>cuius</span> 
     </span>
     <span class='ocr_line' id='line_1_14' title="bbox 231 688 1199 731; baseline -0.002 -11"><span class='ocrx_word' id='word_1_93' title='bbox 231 691 450 731; x_wconf 76' lang='lat' dir='ltr'>interpretatio</span> <span class='ocrx_word' id='word_1_94' title='bbox 473 696 607 730; x_wconf 89' lang='lat' dir='ltr'>propter</span> <span class='ocrx_word' id='word_1_95' title='bbox 625 691 852 720; x_wconf 85' lang='lat' dir='ltr'>auctoritatem</span> <span class='ocrx_word' id='word_1_96' title='bbox 870 688 974 720; x_wconf 89' lang='lat' dir='ltr'>valet:</span> <span class='ocrx_word' id='word_1_97' title='bbox 1020 689 1067 719; x_wconf 87' lang='lat' dir='ltr'>lta</span> <span class='ocrx_word' id='word_1_98' title='bbox 1089 690 1199 729; x_wconf 88' lang='lat' dir='ltr'>imagi-</span> 
     </span>
     <span class='ocr_line' id='line_1_15' title="bbox 230 730 1200 768; baseline -0.002 -5"><span class='ocrx_word' id='word_1_99' title='bbox 230 740 347 763; x_wconf 86' lang='lat' dir='ltr'>nantur</span> <span class='ocrx_word' id='word_1_100' title='bbox 370 732 472 763; x_wconf 80' lang='lat' dir='ltr'>multi,</span> <span class='ocrx_word' id='word_1_101' title='bbox 496 731 678 763; x_wconf 76' lang='lat' dir='ltr'>Ecclesiam</span> <span class='ocrx_word' id='word_1_102' title='bbox 701 731 934 762; x_wconf 86' lang='lat' dir='ltr'>multitudinem</span> <span class='ocrx_word' id='word_1_103' title='bbox 952 740 1039 768; x_wconf 88' lang='lat' dir='ltr'>esse,</span> <span class='ocrx_word' id='word_1_104' title='bbox 1062 732 1116 762; x_wconf 84' lang='lat' dir='ltr'>uni</span> <span class='ocrx_word' id='word_1_105' title='bbox 1136 730 1200 760; x_wconf 86' lang='lat' dir='ltr'>Ro-</span> 
     </span>
     <span class='ocr_line' id='line_1_16' title="bbox 230 772 1200 810; baseline -0.003 -5"><span class='ocrx_word' id='word_1_106' title='bbox 230 786 325 805; x_wconf 87' lang='lat' dir='ltr'>mano</span> <span class='ocrx_word' id='word_1_107' title='bbox 345 774 495 805; x_wconf 79' lang='lat' dir='ltr'>Pontifici</span> <span class='ocrx_word' id='word_1_108' title='bbox 519 775 711 810; x_wconf 84' lang='lat' dir='ltr'>subiectam,</span> <span class='ocrx_word' id='word_1_109' title='bbox 730 774 915 804; x_wconf 86' lang='lat' dir='ltr'>distinctam</span> <span class='ocrx_word' id='word_1_110' title='bbox 939 783 958 803; x_wconf 90' lang='lat' dir='ltr'>a</span> <span class='ocrx_word' id='word_1_111' title='bbox 982 773 1101 804; x_wconf 87' lang='lat' dir='ltr'>ceteris</span> <span class='ocrx_word' id='word_1_112' title='bbox 1114 772 1200 802; x_wconf 92' lang='lat' dir='ltr'>Gen-</span> 
     </span>
     <span class='ocr_line' id='line_1_17' title="bbox 229 814 1200 857; baseline -0.002 -11"><span class='ocrx_word' id='word_1_113' title='bbox 229 819 315 848; x_wconf 86' lang='lat' dir='ltr'>tibus</span> <span class='ocrx_word' id='word_1_114' title='bbox 339 827 396 857; x_wconf 88' lang='lat' dir='ltr'>per</span> <span class='ocrx_word' id='word_1_115' title='bbox 419 817 640 852; x_wconf 84' lang='lat' dir='ltr'>ceremonias,</span> <span class='ocrx_word' id='word_1_116' title='bbox 674 826 756 856; x_wconf 86' lang='lat' dir='ltr'>quas</span> <span class='ocrx_word' id='word_1_117' title='bbox 780 816 986 846; x_wconf 86' lang='lat' dir='ltr'>instituerunt</span> <span class='ocrx_word' id='word_1_118' title='bbox 1012 814 1200 850; x_wconf 87' lang='lat' dir='ltr'>Pontifices,</span> 
     </span>
     <span class='ocr_line' id='line_1_18' title="bbox 230 856 1200 901; baseline -0.005 -10"><span class='ocrx_word' id='word_1_119' title='bbox 230 861 396 901; x_wconf 84' lang='lat' dir='ltr'>alligatam</span> <span class='ocrx_word' id='word_1_120' title='bbox 430 859 471 889; x_wconf 83' lang='lat' dir='ltr'>ad</span> <span class='ocrx_word' id='word_1_121' title='bbox 505 859 751 889; x_wconf 80' lang='lat' dir='ltr'>successionem</span> <span class='ocrx_word' id='word_1_122' title='bbox 786 858 985 888; x_wconf 79' lang='lat' dir='ltr'>ordinariam</span> <span class='ocrx_word' id='word_1_123' title='bbox 1018 856 1200 897; x_wconf 84' lang='lat' dir='ltr'>Episcopo-</span> 
     </span>
     <span class='ocr_line' id='line_1_19' title="bbox 230 898 1200 940; baseline -0.006 -6"><span class='ocrx_word' id='word_1_124' title='bbox 230 914 297 934; x_wconf 90' lang='lat' dir='ltr'>rum</span> <span class='ocrx_word' id='word_1_125' title='bbox 320 909 350 933; x_wconf 89' lang='lat' dir='ltr'>et</span> <span class='ocrx_word' id='word_1_126' title='bbox 375 902 416 932; x_wconf 84' lang='lat' dir='ltr'>ad</span> <span class='ocrx_word' id='word_1_127' title='bbox 440 900 740 940; x_wconf 81' lang='lat' dir='ltr'>interpretationem</span> <span class='ocrx_word' id='word_1_128' title='bbox 762 901 961 939; x_wconf 84' lang='lat' dir='ltr'>scripturae,</span> <span class='ocrx_word' id='word_1_129' title='bbox 995 909 1091 939; x_wconf 89' lang='lat' dir='ltr'>quam</span> <span class='ocrx_word' id='word_1_130' title='bbox 1114 898 1200 929; x_wconf 89' lang='lat' dir='ltr'>Pon-</span> 
     </span>
     <span class='ocr_line' id='line_1_20' title="bbox 230 941 1199 984; baseline -0.005 -9"><span class='ocrx_word' id='word_1_131' title='bbox 230 946 332 976; x_wconf 77' lang='lat' dir='ltr'>tifices</span> <span class='ocrx_word' id='word_1_132' title='bbox 356 950 411 975; x_wconf 88' lang='lat' dir='ltr'>aut</span> <span class='ocrx_word' id='word_1_133' title='bbox 440 943 564 984; x_wconf 69' lang='lat' dir='ltr'>Synodi</span> <span class='ocrx_word' id='word_1_134' title='bbox 596 943 734 973; x_wconf 87' lang='lat' dir='ltr'>tradunt.</span> <span class='ocrx_word' id='word_1_135' title='bbox 781 941 865 976; x_wconf 85' lang='lat' dir='ltr'>Quia</span> <span class='ocrx_word' id='word_1_136' title='bbox 889 942 974 972; x_wconf 89' lang='lat' dir='ltr'>enim</span> <span class='ocrx_word' id='word_1_137' title='bbox 998 950 1098 981; x_wconf 82' lang='lat' dir='ltr'>saepe</span> <span class='ocrx_word' id='word_1_138' title='bbox 1121 942 1199 971; x_wconf 88' lang='lat' dir='ltr'>inci-</span> 
     </span>
     <span class='ocr_line' id='line_1_21' title="bbox 229 982 1198 1023; baseline -0.007 -4"><span class='ocrx_word' id='word_1_139' title='bbox 229 989 304 1019; x_wconf 85' lang='lat' dir='ltr'>dunt</span> <span class='ocrx_word' id='word_1_140' title='bbox 330 986 553 1017; x_wconf 73' lang='lat' dir='ltr'>dissensiones</span> <span class='ocrx_word' id='word_1_141' title='bbox 573 985 612 1015; x_wconf 90' lang='lat' dir='ltr'>de</span> <span class='ocrx_word' id='word_1_142' title='bbox 635 984 772 1023; x_wconf 87' lang='lat' dir='ltr'>scripto,</span> <span class='ocrx_word' id='word_1_143' title='bbox 795 984 905 1014; x_wconf 86' lang='lat' dir='ltr'>dicunt</span> <span class='ocrx_word' id='word_1_144' title='bbox 928 982 1025 1014; x_wconf 88' lang='lat' dir='ltr'>aliam</span> <span class='ocrx_word' id='word_1_145' title='bbox 1044 988 1198 1023; x_wconf 82' lang='lat' dir='ltr'>oportere</span> 
     </span>
     <span class='ocr_line' id='line_1_22' title="bbox 229 1025 1198 1067; baseline -0.006 -7"><span class='ocrx_word' id='word_1_146' title='bbox 229 1029 372 1066; x_wconf 74' lang='lat' dir='ltr'>regulam</span> <span class='ocrx_word' id='word_1_147' title='bbox 397 1035 518 1058; x_wconf 72' lang='lat' dir='ltr'>certam</span> <span class='ocrx_word' id='word_1_148' title='bbox 547 1036 637 1063; x_wconf 65' lang='lat' dir='ltr'>esse,</span> <span class='ocrx_word' id='word_1_149' title='bbox 667 1025 793 1056; x_wconf 89' lang='lat' dir='ltr'>scilicet</span> <span class='ocrx_word' id='word_1_150' title='bbox 817 1035 931 1056; x_wconf 73' lang='lat' dir='ltr'>vocem</span> <span class='ocrx_word' id='word_1_151' title='bbox 956 1026 1198 1067; x_wconf 80' lang='lat' dir='ltr'>gubernatoris,</span> 
     </span>
     <span class='ocr_line' id='line_1_23' title="bbox 229 1064 1198 1111; baseline -0.007 -8"><span class='ocrx_word' id='word_1_152' title='bbox 229 1064 315 1103; x_wconf 55' lang='lat' dir='ltr'>usin</span> <span class='ocrx_word' id='word_1_153' title='bbox 340 1081 441 1111; x_wconf 85' lang='lat' dir='ltr'>regno</span> <span class='ocrx_word' id='word_1_154' title='bbox 465 1079 530 1099; x_wconf 75' lang='lat' dir='ltr'>vox</span> <span class='ocrx_word' id='word_1_155' title='bbox 554 1069 652 1109; x_wconf 86' lang='lat' dir='ltr'>Regis</span> <span class='ocrx_word' id='word_1_156' title='bbox 675 1068 903 1098; x_wconf 88' lang='lat' dir='ltr'>auctoritatem</span> <span class='ocrx_word' id='word_1_157' title='bbox 922 1066 1018 1098; x_wconf 84' lang='lat' dir='ltr'>habet</span> <span class='ocrx_word' id='word_1_158' title='bbox 1041 1068 1198 1107; x_wconf 88' lang='lat' dir='ltr'>interpre-</span> 
     </span>
     <span class='ocr_line' id='line_1_24' title="bbox 230 1108 1199 1153; baseline -0.004 -10"><span class='ocrx_word' id='word_1_159' title='bbox 230 1115 316 1145; x_wconf 82' lang='lat' dir='ltr'>tandi</span> <span class='ocrx_word' id='word_1_160' title='bbox 352 1113 469 1153; x_wconf 80' lang='lat' dir='ltr'>Leges.</span> <span class='ocrx_word' id='word_1_161' title='bbox 536 1111 626 1141; x_wconf 84' lang='lat' dir='ltr'>Haec</span> <span class='ocrx_word' id='word_1_162' title='bbox 664 1109 760 1141; x_wconf 81' lang='lat' dir='ltr'>valde</span> <span class='ocrx_word' id='word_1_163' title='bbox 799 1108 1015 1150; x_wconf 82' lang='lat' dir='ltr'>plausibiliter</span> <span class='ocrx_word' id='word_1_164' title='bbox 1049 1110 1199 1140; x_wconf 90' lang='lat' dir='ltr'>dicuntur</span> 
     </span>
     <span class='ocr_line' id='line_1_25' title="bbox 229 1150 1197 1198; baseline -0.006 -11"><span class='ocrx_word' id='word_1_165' title='bbox 229 1157 313 1198; x_wconf 87' lang='lat' dir='ltr'>apud</span> <span class='ocrx_word' id='word_1_166' title='bbox 339 1161 498 1195; x_wconf 87' lang='lat' dir='ltr'>potentes.</span> <span class='ocrx_word' id='word_1_167' title='bbox 534 1154 630 1183; x_wconf 81' lang='lat' dir='ltr'>Amat</span> <span class='ocrx_word' id='word_1_168' title='bbox 654 1153 738 1183; x_wconf 90' lang='lat' dir='ltr'>enim</span> <span class='ocrx_word' id='word_1_169' title='bbox 762 1152 903 1182; x_wconf 88' lang='lat' dir='ltr'>humana</span> <span class='ocrx_word' id='word_1_170' title='bbox 926 1153 1008 1182; x_wconf 90' lang='lat' dir='ltr'>ratio</span> <span class='ocrx_word' id='word_1_171' title='bbox 1032 1150 1130 1182; x_wconf 91' lang='lat' dir='ltr'>talem</span> <span class='ocrx_word' id='word_1_172' title='bbox 1152 1152 1197 1191; x_wconf 90' lang='lat' dir='ltr'>pi-</span> 
     </span>
     <span class='ocr_line' id='line_1_26' title="bbox 230 1193 1197 1236; baseline -0.007 -6"><span class='ocrx_word' id='word_1_173' title='bbox 230 1206 354 1231; x_wconf 89' lang='lat' dir='ltr'>cturam</span> <span class='ocrx_word' id='word_1_174' title='bbox 368 1195 537 1228; x_wconf 83' lang='lat' dir='ltr'>Ecclesiae</span> <span class='ocrx_word' id='word_1_175' title='bbox 561 1200 794 1236; x_wconf 83' lang='lat' dir='ltr'>congruentem</span> <span class='ocrx_word' id='word_1_176' title='bbox 817 1205 889 1225; x_wconf 88' lang='lat' dir='ltr'>cum</span> <span class='ocrx_word' id='word_1_177' title='bbox 909 1193 1057 1225; x_wconf 86' lang='lat' dir='ltr'>civilibus</span> <span class='ocrx_word' id='word_1_178' title='bbox 1075 1194 1197 1233; x_wconf 89' lang='lat' dir='ltr'>opinio-</span> 
     </span>
     <span class='ocr_line' id='line_1_27' title="bbox 230 1235 1198 1279; baseline -0.007 -7"><span class='ocrx_word' id='word_1_179' title='bbox 230 1243 340 1276; x_wconf 81' lang='lat' dir='ltr'>nibus,</span> <span class='ocrx_word' id='word_1_180' title='bbox 375 1246 404 1270; x_wconf 90' lang='lat' dir='ltr'>et</span> <span class='ocrx_word' id='word_1_181' title='bbox 438 1244 590 1279; x_wconf 90' lang='lat' dir='ltr'>potentes</span> <span class='ocrx_word' id='word_1_182' title='bbox 618 1235 800 1278; x_wconf 86' lang='lat' dir='ltr'>intelligunt</span> <span class='ocrx_word' id='word_1_183' title='bbox 823 1237 936 1277; x_wconf 83' lang='lat' dir='ltr'>augeri</span> <span class='ocrx_word' id='word_1_184' title='bbox 959 1236 1023 1266; x_wconf 90' lang='lat' dir='ltr'>hac</span> <span class='ocrx_word' id='word_1_185' title='bbox 1046 1237 1198 1276; x_wconf 88' lang='lat' dir='ltr'>opinione</span> 
     </span>
    </p>
   </div>
   <div class='ocr_carea' id='block_1_3' title="bbox 1221 268 1224 1030">
    <p class='ocr_par' dir='ltr' id='par_1_3' title="bbox 1221 268 1224 1030">
     <span class='ocr_line' id='line_1_28' title="bbox 1221 268 1224 1030; baseline 0 0"><span class='ocrx_word' id='word_1_186' title='bbox 1221 268 1224 1030; x_wconf 95' lang='lat' dir='ltr'> </span> 
     </span>
    </p>
   </div>
   <div class='ocr_carea' id='block_1_4' title="bbox 1240 186 2215 1273">
    <p class='ocr_par' dir='ltr' id='par_1_4' title="bbox 1242 186 2212 385">
     <span class='ocr_line' id='line_1_29' title="bbox 1245 186 2211 234; baseline 0.008 -18"><span class='ocrx_word' id='word_1_187' title='bbox 1245 192 1358 217; x_wconf 83' lang='lat' dir='ltr'>centes</span> <span class='ocrx_word' id='word_1_188' title='bbox 1392 186 1445 218; x_wconf 78' lang='lat' dir='ltr'>vel</span> <span class='ocrx_word' id='word_1_189' title='bbox 1478 187 1594 218; x_wconf 83' lang='lat' dir='ltr'>infirmi</span> <span class='ocrx_word' id='word_1_190' title='bbox 1627 194 1658 219; x_wconf 87' lang='lat' dir='ltr'>et</span> <span class='ocrx_word' id='word_1_191' title='bbox 1682 188 1879 227; x_wconf 76' lang='lat' dir='ltr'>dubitantes,</span> <span class='ocrx_word' id='word_1_192' title='bbox 1913 196 1948 221; x_wconf 86' lang='lat' dir='ltr'>ut</span> <span class='ocrx_word' id='word_1_193' title='bbox 1970 190 2120 231; x_wconf 81' lang='lat' dir='ltr'>Apostoli</span> <span class='ocrx_word' id='word_1_194' title='bbox 2149 194 2211 234; x_wconf 84' lang='lat' dir='ltr'>ipsi</span> 
     </span>
     <span class='ocr_line' id='line_1_30' title="bbox 1245 228 2211 272; baseline 0.008 -14"><span class='ocrx_word' id='word_1_195' title='bbox 1245 228 1299 259; x_wconf 89' lang='lat' dir='ltr'>diu</span> <span class='ocrx_word' id='word_1_196' title='bbox 1321 229 1499 259; x_wconf 80' lang='lat' dir='ltr'>retinebant</span> <span class='ocrx_word' id='word_1_197' title='bbox 1522 229 1682 261; x_wconf 90' lang='lat' dir='ltr'>somnium</span> <span class='ocrx_word' id='word_1_198' title='bbox 1705 231 1745 261; x_wconf 89' lang='lat' dir='ltr'>de</span> <span class='ocrx_word' id='word_1_199' title='bbox 1767 232 1900 272; x_wconf 89' lang='lat' dir='ltr'>imperio</span> <span class='ocrx_word' id='word_1_200' title='bbox 1921 233 2096 264; x_wconf 85' lang='lat' dir='ltr'>mundano.</span> <span class='ocrx_word' id='word_1_201' title='bbox 2131 233 2211 269; x_wconf 85' lang='lat' dir='ltr'>Quis</span> 
     </span>
     <span class='ocr_line' id='line_1_31' title="bbox 1245 271 2211 315; baseline 0.007 -15"><span class='ocrx_word' id='word_1_202' title='bbox 1245 271 1340 311; x_wconf 83' lang='lat' dir='ltr'>igitur</span> <span class='ocrx_word' id='word_1_203' title='bbox 1373 271 1433 301; x_wconf 90' lang='lat' dir='ltr'>erit</span> <span class='ocrx_word' id='word_1_204' title='bbox 1467 271 1581 308; x_wconf 83' lang='lat' dir='ltr'>iudex,</span> <span class='ocrx_word' id='word_1_205' title='bbox 1617 273 1747 312; x_wconf 86' lang='lat' dir='ltr'>quando</span> <span class='ocrx_word' id='word_1_206' title='bbox 1782 273 1822 304; x_wconf 89' lang='lat' dir='ltr'>de</span> <span class='ocrx_word' id='word_1_207' title='bbox 1844 274 2025 315; x_wconf 87' lang='lat' dir='ltr'>scripturae</span> <span class='ocrx_word' id='word_1_208' title='bbox 2051 277 2211 308; x_wconf 80' lang='lat' dir='ltr'>sententia</span> 
     </span>
     <span class='ocr_line' id='line_1_32' title="bbox 1246 313 2212 355; baseline 0.007 -13"><span class='ocrx_word' id='word_1_209' title='bbox 1246 313 1406 343; x_wconf 87' lang='lat' dir='ltr'>dissensio</span> <span class='ocrx_word' id='word_1_210' title='bbox 1431 313 1543 350; x_wconf 84' lang='lat' dir='ltr'>oritur,</span> <span class='ocrx_word' id='word_1_211' title='bbox 1567 323 1638 344; x_wconf 90' lang='lat' dir='ltr'>cum</span> <span class='ocrx_word' id='word_1_212' title='bbox 1661 320 1737 344; x_wconf 89' lang='lat' dir='ltr'>tunc</span> <span class='ocrx_word' id='word_1_213' title='bbox 1760 324 1841 355; x_wconf 87' lang='lat' dir='ltr'>opus</span> <span class='ocrx_word' id='word_1_214' title='bbox 1864 316 1905 346; x_wconf 87' lang='lat' dir='ltr'>sit</span> <span class='ocrx_word' id='word_1_215' title='bbox 1928 326 2011 347; x_wconf 88' lang='lat' dir='ltr'>voce</span> <span class='ocrx_word' id='word_1_216' title='bbox 2035 317 2212 349; x_wconf 81' lang='lat' dir='ltr'>dirimentis</span> 
     </span>
     <span class='ocr_line' id='line_1_33' title="bbox 1242 354 1522 385; baseline -0.004 0"><span class='ocrx_word' id='word_1_217' title='bbox 1242 354 1522 385; x_wconf 74' lang='lat' dir='ltr'>controversiam?</span> 
     </span>
    </p>

    <p class='ocr_par' dir='ltr' id='par_1_5' title="bbox 1242 395 2215 938">
     <span class='ocr_line' id='line_1_34' title="bbox 1327 395 2210 440; baseline 0.009 -15"><span class='ocrx_word' id='word_1_218' title='bbox 1327 395 1541 436; x_wconf 77' lang='lat' dir='ltr'>Respondent</span> <span class='ocrx_word' id='word_1_219' title='bbox 1579 397 1685 437; x_wconf 84' lang='lat' dir='ltr'>lpsum</span> <span class='ocrx_word' id='word_1_220' title='bbox 1716 399 1850 429; x_wconf 89' lang='lat' dir='ltr'>verbum</span> <span class='ocrx_word' id='word_1_221' title='bbox 1881 398 1943 431; x_wconf 89' lang='lat' dir='ltr'>Dei</span> <span class='ocrx_word' id='word_1_222' title='bbox 1965 407 2016 431; x_wconf 89' lang='lat' dir='ltr'>est</span> <span class='ocrx_word' id='word_1_223' title='bbox 2038 401 2151 440; x_wconf 86' lang='lat' dir='ltr'>iudex,</span> <span class='ocrx_word' id='word_1_224' title='bbox 2180 408 2210 432; x_wconf 90' lang='lat' dir='ltr'>et</span> 
     </span>
     <span class='ocr_line' id='line_1_35' title="bbox 1242 437 2211 483; baseline 0.007 -16"><span class='ocrx_word' id='word_1_225' title='bbox 1242 438 1369 468; x_wconf 79' lang='lat' dir='ltr'>accedit</span> <span class='ocrx_word' id='word_1_226' title='bbox 1399 437 1563 469; x_wconf 85' lang='lat' dir='ltr'>consessio</span> <span class='ocrx_word' id='word_1_227' title='bbox 1600 449 1697 470; x_wconf 87' lang='lat' dir='ltr'>verae</span> <span class='ocrx_word' id='word_1_228' title='bbox 1729 439 1910 472; x_wconf 85' lang='lat' dir='ltr'>Ecclesiae.</span> <span class='ocrx_word' id='word_1_229' title='bbox 1956 441 2094 483; x_wconf 88' lang='lat' dir='ltr'>Semper</span> <span class='ocrx_word' id='word_1_230' title='bbox 2126 444 2211 474; x_wconf 88' lang='lat' dir='ltr'>enim</span> 
     </span>
     <span class='ocr_line' id='line_1_36' title="bbox 1243 481 2212 524; baseline 0.006 -15"><span class='ocrx_word' id='word_1_231' title='bbox 1243 486 1424 520; x_wconf 89' lang='lat' dir='ltr'>sequuntur</span> <span class='ocrx_word' id='word_1_232' title='bbox 1452 481 1588 511; x_wconf 91' lang='lat' dir='ltr'>verbum</span> <span class='ocrx_word' id='word_1_233' title='bbox 1616 488 1769 522; x_wconf 87' lang='lat' dir='ltr'>tanquam</span> <span class='ocrx_word' id='word_1_234' title='bbox 1797 483 1936 514; x_wconf 89' lang='lat' dir='ltr'>iudicem</span> <span class='ocrx_word' id='word_1_235' title='bbox 1965 482 2063 524; x_wconf 86' lang='lat' dir='ltr'>aliqui</span> <span class='ocrx_word' id='word_1_236' title='bbox 2085 485 2145 524; x_wconf 91' lang='lat' dir='ltr'>pii,</span> <span class='ocrx_word' id='word_1_237' title='bbox 2180 491 2212 516; x_wconf 84' lang='lat' dir='ltr'>et</span> 
     </span>
     <span class='ocr_line' id='line_1_37' title="bbox 1244 520 2210 567; baseline 0.006 -16"><span class='ocrx_word' id='word_1_238' title='bbox 1244 520 1452 553; x_wconf 85' lang='lat' dir='ltr'>consessione</span> <span class='ocrx_word' id='word_1_239' title='bbox 1475 522 1651 554; x_wconf 84' lang='lat' dir='ltr'>firmiomm</span> <span class='ocrx_word' id='word_1_240' title='bbox 1675 524 1869 555; x_wconf 89' lang='lat' dir='ltr'>adiuvantur</span> <span class='ocrx_word' id='word_1_241' title='bbox 1891 524 2023 562; x_wconf 84' lang='lat' dir='ltr'>infirmi,</span> <span class='ocrx_word' id='word_1_242' title='bbox 2050 532 2087 556; x_wconf 90' lang='lat' dir='ltr'>ut</span> <span class='ocrx_word' id='word_1_243' title='bbox 2108 527 2210 567; x_wconf 83' lang='lat' dir='ltr'>inquit</span> 
     </span>
     <span class='ocr_line' id='line_1_38' title="bbox 1244 563 2213 603; baseline 0.006 -10"><span class='ocrx_word' id='word_1_244' title='bbox 1244 563 1392 594; x_wconf 77' lang='lat' dir='ltr'>Christus</span> <span class='ocrx_word' id='word_1_245' title='bbox 1416 564 1509 601; x_wconf 90' lang='lat' dir='ltr'>[Luc.</span> <span class='ocrx_word' id='word_1_246' title='bbox 1533 564 1585 601; x_wconf 71' lang='lat'>⁴22,</span> <span class='ocrx_word' id='word_1_247' title='bbox 1608 565 1692 603; x_wconf 53' lang='lat'>324:</span> <span class='ocrx_word' id='word_1_248' title='bbox 1727 565 1766 595; x_wconf 90' lang='lat' dir='ltr'>Et</span> <span class='ocrx_word' id='word_1_249' title='bbox 1790 572 1825 596; x_wconf 88' lang='lat' dir='ltr'>tu</span> <span class='ocrx_word' id='word_1_250' title='bbox 1849 576 2032 597; x_wconf 90' lang='lat' dir='ltr'>conversus</span> <span class='ocrx_word' id='word_1_251' title='bbox 2056 567 2213 599; x_wconf 79' lang='lat' dir='ltr'>confirma</span> 
     </span>
     <span class='ocr_line' id='line_1_39' title="bbox 1244 604 2213 640; baseline 0.005 -5"><span class='ocrx_word' id='word_1_252' title='bbox 1244 604 1361 636; x_wconf 77' lang='lat' dir='ltr'>fratres</span> <span class='ocrx_word' id='word_1_253' title='bbox 1396 612 1480 636; x_wconf 69' lang='lat' dir='ltr'>tuos</span> <span class='ocrx_word' id='word_1_254' title='bbox 1528 606 1599 636; x_wconf 90' lang='lat' dir='ltr'>lloc</span> <span class='ocrx_word' id='word_1_255' title='bbox 1632 609 1729 638; x_wconf 92' lang='lat' dir='ltr'>modo</span> <span class='ocrx_word' id='word_1_256' title='bbox 1753 608 1943 639; x_wconf 87' lang='lat' dir='ltr'>dirimuntur</span> <span class='ocrx_word' id='word_1_257' title='bbox 1966 610 2213 640; x_wconf 83' lang='lat' dir='ltr'>controversiae</span> 
     </span>
     <span class='ocr_line' id='line_1_40' title="bbox 1245 648 2213 689; baseline 0.006 -13"><span class='ocrx_word' id='word_1_258' title='bbox 1245 648 1285 677; x_wconf 89' lang='lat' dir='ltr'>de</span> <span class='ocrx_word' id='word_1_259' title='bbox 1318 648 1475 677; x_wconf 90' lang='lat' dir='ltr'>doctrina.</span> <span class='ocrx_word' id='word_1_260' title='bbox 1520 648 1562 678; x_wconf 87' lang='lat' dir='ltr'>Et</span> <span class='ocrx_word' id='word_1_261' title='bbox 1596 659 1667 679; x_wconf 90' lang='lat' dir='ltr'>cum</span> <span class='ocrx_word' id='word_1_262' title='bbox 1694 650 1798 680; x_wconf 85' lang='lat' dir='ltr'>maior</span> <span class='ocrx_word' id='word_1_263' title='bbox 1820 660 1897 689; x_wconf 87' lang='lat' dir='ltr'>pars</span> <span class='ocrx_word' id='word_1_264' title='bbox 1921 650 2009 681; x_wconf 91' lang='lat' dir='ltr'>hunc</span> <span class='ocrx_word' id='word_1_265' title='bbox 2030 660 2143 681; x_wconf 87' lang='lat' dir='ltr'>verum</span> <span class='ocrx_word' id='word_1_266' title='bbox 2167 652 2213 682; x_wconf 87' lang='lat' dir='ltr'>iu-</span> 
     </span>
     <span class='ocr_line' id='line_1_41' title="bbox 1245 689 2214 730; baseline 0.006 -12"><span class='ocrx_word' id='word_1_267' title='bbox 1245 690 1350 719; x_wconf 90' lang='lat' dir='ltr'>dicem</span> <span class='ocrx_word' id='word_1_268' title='bbox 1384 694 1414 719; x_wconf 89' lang='lat' dir='ltr'>et</span> <span class='ocrx_word' id='word_1_269' title='bbox 1443 689 1529 719; x_wconf 89' lang='lat' dir='ltr'>hanc</span> <span class='ocrx_word' id='word_1_270' title='bbox 1552 700 1662 720; x_wconf 89' lang='lat' dir='ltr'>veram</span> <span class='ocrx_word' id='word_1_271' title='bbox 1687 690 1930 722; x_wconf 82' lang='lat' dir='ltr'>consessionem</span> <span class='ocrx_word' id='word_1_272' title='bbox 1953 702 2019 723; x_wconf 90' lang='lat' dir='ltr'>non</span> <span class='ocrx_word' id='word_1_273' title='bbox 2041 693 2147 730; x_wconf 87' lang='lat' dir='ltr'>audit,</span> <span class='ocrx_word' id='word_1_274' title='bbox 2177 698 2214 724; x_wconf 77' lang='lat' dir='ltr'>ut</span> 
     </span>
     <span class='ocr_line' id='line_1_42' title="bbox 1244 732 2213 774; baseline 0.006 -15"><span class='ocrx_word' id='word_1_275' title='bbox 1244 740 1344 770; x_wconf 82' lang='lat' dir='ltr'>saepe</span> <span class='ocrx_word' id='word_1_276' title='bbox 1383 732 1533 761; x_wconf 87' lang='lat' dir='ltr'>accidere</span> <span class='ocrx_word' id='word_1_277' title='bbox 1567 733 1662 763; x_wconf 86' lang='lat' dir='ltr'>etiam</span> <span class='ocrx_word' id='word_1_278' title='bbox 1696 738 1809 763; x_wconf 83' lang='lat' dir='ltr'>vetera</span> <span class='ocrx_word' id='word_1_279' title='bbox 1842 732 1993 774; x_wconf 87' lang='lat' dir='ltr'>exempla</span> <span class='ocrx_word' id='word_1_280' title='bbox 2026 734 2213 772; x_wconf 85' lang='lat' dir='ltr'>ostendunt,</span> 
     </span>
     <span class='ocr_line' id='line_1_43' title="bbox 1244 771 2214 809; baseline 0.006 -8"><span class='ocrx_word' id='word_1_281' title='bbox 1244 772 1335 802; x_wconf 88' lang='lat' dir='ltr'>Deus</span> <span class='ocrx_word' id='word_1_282' title='bbox 1358 771 1529 805; x_wconf 78' lang='lat' dir='ltr'>Ecclesiae</span> <span class='ocrx_word' id='word_1_283' title='bbox 1551 773 1648 804; x_wconf 83' lang='lat' dir='ltr'>iudex</span> <span class='ocrx_word' id='word_1_284' title='bbox 1670 775 1802 805; x_wconf 90' lang='lat' dir='ltr'>tandem</span> <span class='ocrx_word' id='word_1_285' title='bbox 1824 775 1941 806; x_wconf 90' lang='lat' dir='ltr'>dirimit</span> <span class='ocrx_word' id='word_1_286' title='bbox 1954 777 2214 809; x_wconf 83' lang='lat' dir='ltr'>controversiam</span> 
     </span>
     <span class='ocr_line' id='line_1_44' title="bbox 1245 813 2214 857; baseline 0.006 -14"><span class='ocrx_word' id='word_1_287' title='bbox 1245 813 1357 844; x_wconf 86' lang='lat' dir='ltr'>delens</span> <span class='ocrx_word' id='word_1_288' title='bbox 1381 813 1609 854; x_wconf 77' lang='lat' dir='ltr'>blasphemos,</span> <span class='ocrx_word' id='word_1_289' title='bbox 1632 821 1684 852; x_wconf 90' lang='lat' dir='ltr'>ut,</span> <span class='ocrx_word' id='word_1_290' title='bbox 1708 825 1782 848; x_wconf 89' lang='lat' dir='ltr'>cum</span> <span class='ocrx_word' id='word_1_291' title='bbox 1803 817 1906 847; x_wconf 87' lang='lat' dir='ltr'>maior</span> <span class='ocrx_word' id='word_1_292' title='bbox 1927 827 2003 857; x_wconf 86' lang='lat' dir='ltr'>pars</span> <span class='ocrx_word' id='word_1_293' title='bbox 2022 817 2214 849; x_wconf 83' lang='lat' dir='ltr'>ludaeorum</span> 
     </span>
     <span class='ocr_line' id='line_1_45' title="bbox 1245 856 2215 898; baseline 0.006 -13"><span class='ocrx_word' id='word_1_294' title='bbox 1245 856 1483 887; x_wconf 86' lang='lat' dir='ltr'>contradiceret</span> <span class='ocrx_word' id='word_1_295' title='bbox 1495 856 1650 887; x_wconf 90' lang='lat' dir='ltr'>leremiae</span> <span class='ocrx_word' id='word_1_296' title='bbox 1673 863 1703 888; x_wconf 92' lang='lat' dir='ltr'>et</span> <span class='ocrx_word' id='word_1_297' title='bbox 1716 858 1832 888; x_wconf 89' lang='lat' dir='ltr'>deinde</span> <span class='ocrx_word' id='word_1_298' title='bbox 1844 857 2026 898; x_wconf 89' lang='lat' dir='ltr'>Apostolis,</span> <span class='ocrx_word' id='word_1_299' title='bbox 2038 859 2215 896; x_wconf 57' lang='lat' dir='ltr'>tandemffl)</span> 
     </span>
     <span class='ocr_line' id='line_1_46' title="bbox 1244 897 1656 938; baseline 0 -9"><span class='ocrx_word' id='word_1_300' title='bbox 1244 897 1425 938; x_wconf 85' lang='lat' dir='ltr'>blasphemi</span> <span class='ocrx_word' id='word_1_301' title='bbox 1450 898 1548 929; x_wconf 89' lang='lat' dir='ltr'>deleti</span> <span class='ocrx_word' id='word_1_302' title='bbox 1571 905 1656 930; x_wconf 89' lang='lat' dir='ltr'>sunt.</span> 
     </span>
    </p>

    <p class='ocr_par' dir='ltr' id='par_1_6' title="bbox 1240 940 2215 1273">
     <span class='ocr_line' id='line_1_47' title="bbox 1328 940 2213 982; baseline 0.003 -12"><span class='ocrx_word' id='word_1_303' title='bbox 1328 940 1388 970; x_wconf 86' lang='lat' dir='ltr'>Est</span> <span class='ocrx_word' id='word_1_304' title='bbox 1420 941 1517 981; x_wconf 87' lang='lat' dir='ltr'>igitur</span> <span class='ocrx_word' id='word_1_305' title='bbox 1550 940 1778 972; x_wconf 87' lang='lat' dir='ltr'>dissimilitudo</span> <span class='ocrx_word' id='word_1_306' title='bbox 1806 941 1915 982; x_wconf 89' lang='lat' dir='ltr'>aliqua</span> <span class='ocrx_word' id='word_1_307' title='bbox 1936 942 2128 973; x_wconf 85' lang='lat' dir='ltr'>iudiciorum</span> <span class='ocrx_word' id='word_1_308' title='bbox 2150 941 2213 973; x_wconf 83' lang='lat' dir='ltr'>Ec-</span> 
     </span>
     <span class='ocr_line' id='line_1_48' title="bbox 1243 981 2213 1025; baseline 0.004 -14"><span class='ocrx_word' id='word_1_309' title='bbox 1243 981 1366 1012; x_wconf 88' lang='lat' dir='ltr'>clesiae</span> <span class='ocrx_word' id='word_1_310' title='bbox 1389 989 1421 1013; x_wconf 89' lang='lat' dir='ltr'>et</span> <span class='ocrx_word' id='word_1_311' title='bbox 1443 984 1633 1014; x_wconf 90' lang='lat' dir='ltr'>iudiciorum</span> <span class='ocrx_word' id='word_1_312' title='bbox 1654 982 1870 1023; x_wconf 88' lang='lat' dir='ltr'>politicorum.</span> <span class='ocrx_word' id='word_1_313' title='bbox 1914 984 1997 1015; x_wconf 87' lang='lat' dir='ltr'>Nam</span> <span class='ocrx_word' id='word_1_314' title='bbox 2018 986 2051 1015; x_wconf 93' lang='lat' dir='ltr'>in</span> <span class='ocrx_word' id='word_1_315' title='bbox 2072 983 2213 1025; x_wconf 79' lang='lat' dir='ltr'>politicis</span> 
     </span>
     <span class='ocr_line' id='line_1_49' title="bbox 1242 1023 2214 1067; baseline 0.003 -13"><span class='ocrx_word' id='word_1_316' title='bbox 1242 1030 1296 1054; x_wconf 89' lang='lat' dir='ltr'>aut</span> <span class='ocrx_word' id='word_1_317' title='bbox 1318 1023 1501 1056; x_wconf 83' lang='lat' dir='ltr'>Monarcha</span> <span class='ocrx_word' id='word_1_318' title='bbox 1524 1024 1616 1056; x_wconf 87' lang='lat' dir='ltr'>solus</span> <span class='ocrx_word' id='word_1_319' title='bbox 1638 1027 1833 1057; x_wconf 89' lang='lat' dir='ltr'>auctoritate</span> <span class='ocrx_word' id='word_1_320' title='bbox 1856 1036 1916 1056; x_wconf 89' lang='lat' dir='ltr'>sua</span> <span class='ocrx_word' id='word_1_321' title='bbox 1937 1027 2126 1067; x_wconf 82' lang='lat' dir='ltr'>pronuntiat</span> <span class='ocrx_word' id='word_1_322' title='bbox 2158 1032 2214 1057; x_wconf 80' lang='lat' dir='ltr'>aut</span> 
     </span>
     <span class='ocr_line' id='line_1_50' title="bbox 1242 1066 2213 1109; baseline 0.002 -13"><span class='ocrx_word' id='word_1_323' title='bbox 1242 1067 1273 1096; x_wconf 91' lang='lat' dir='ltr'>in</span> <span class='ocrx_word' id='word_1_324' title='bbox 1305 1072 1424 1097; x_wconf 87' lang='lat' dir='ltr'>senatu</span> <span class='ocrx_word' id='word_1_325' title='bbox 1453 1066 1540 1097; x_wconf 87' lang='lat' dir='ltr'>valet</span> <span class='ocrx_word' id='word_1_326' title='bbox 1573 1068 1734 1098; x_wconf 89' lang='lat' dir='ltr'>sententia</span> <span class='ocrx_word' id='word_1_327' title='bbox 1768 1069 1900 1099; x_wconf 89' lang='lat' dir='ltr'>maioris</span> <span class='ocrx_word' id='word_1_328' title='bbox 1928 1069 2048 1109; x_wconf 85' lang='lat' dir='ltr'>partis;</span> <span class='ocrx_word' id='word_1_329' title='bbox 2091 1068 2160 1100; x_wconf 88' lang='lat' dir='ltr'>Sed</span> <span class='ocrx_word' id='word_1_330' title='bbox 2180 1069 2213 1098; x_wconf 89' lang='lat' dir='ltr'>in</span> 
     </span>
     <span class='ocr_line' id='line_1_51' title="bbox 1240 1107 2214 1151; baseline 0.003 -13"><span class='ocrx_word' id='word_1_331' title='bbox 1240 1107 1394 1139; x_wconf 88' lang='lat' dir='ltr'>Ecclesia</span> <span class='ocrx_word' id='word_1_332' title='bbox 1417 1107 1504 1139; x_wconf 88' lang='lat' dir='ltr'>valet</span> <span class='ocrx_word' id='word_1_333' title='bbox 1525 1111 1685 1141; x_wconf 84' lang='lat' dir='ltr'>sententia</span> <span class='ocrx_word' id='word_1_334' title='bbox 1713 1119 1901 1151; x_wconf 85' lang='lat' dir='ltr'>congruens</span> <span class='ocrx_word' id='word_1_335' title='bbox 1930 1120 2004 1141; x_wconf 90' lang='lat' dir='ltr'>cum</span> <span class='ocrx_word' id='word_1_336' title='bbox 2025 1111 2128 1142; x_wconf 88' lang='lat' dir='ltr'>verbo</span> <span class='ocrx_word' id='word_1_337' title='bbox 2149 1109 2214 1141; x_wconf 87' lang='lat' dir='ltr'>Dei</span> 
     </span>
     <span class='ocr_line' id='line_1_52' title="bbox 1241 1149 2215 1192; baseline 0.003 -12"><span class='ocrx_word' id='word_1_338' title='bbox 1241 1156 1274 1181; x_wconf 89' lang='lat' dir='ltr'>et</span> <span class='ocrx_word' id='word_1_339' title='bbox 1309 1149 1519 1184; x_wconf 83' lang='lat' dir='ltr'>consessione</span> <span class='ocrx_word' id='word_1_340' title='bbox 1541 1152 1682 1191; x_wconf 90' lang='lat' dir='ltr'>piorum,</span> <span class='ocrx_word' id='word_1_341' title='bbox 1716 1153 1787 1183; x_wconf 91' lang='lat' dir='ltr'>sive</span> <span class='ocrx_word' id='word_1_342' title='bbox 1810 1153 1875 1183; x_wconf 89' lang='lat' dir='ltr'>sint</span> <span class='ocrx_word' id='word_1_343' title='bbox 1897 1151 2022 1192; x_wconf 88' lang='lat' dir='ltr'>plures,</span> <span class='ocrx_word' id='word_1_344' title='bbox 2044 1153 2115 1183; x_wconf 88' lang='lat' dir='ltr'>sive</span> <span class='ocrx_word' id='word_1_345' title='bbox 2135 1161 2215 1192; x_wconf 86' lang='lat' dir='ltr'>pau-</span> 
     </span>
     <span class='ocr_line' id='line_1_53' title="bbox 1242 1194 2213 1233; baseline 0.003 -11"><span class='ocrx_word' id='word_1_346' title='bbox 1242 1194 1347 1223; x_wconf 88' lang='lat' dir='ltr'>ciores</span> <span class='ocrx_word' id='word_1_347' title='bbox 1381 1194 1496 1233; x_wconf 81' lang='lat' dir='ltr'>impiis.</span> <span class='ocrx_word' id='word_1_348' title='bbox 1543 1194 1590 1224; x_wconf 87' lang='lat' dir='ltr'>lta</span> <span class='ocrx_word' id='word_1_349' title='bbox 1612 1199 1743 1225; x_wconf 87' lang='lat' dir='ltr'>veteres</span> <span class='ocrx_word' id='word_1_350' title='bbox 1767 1195 2003 1226; x_wconf 79' lang='lat' dir='ltr'>damnaverunt</span> <span class='ocrx_word' id='word_1_351' title='bbox 2025 1194 2213 1226; x_wconf 86' lang='lat' dir='ltr'>Samosate-</span> 
     </span>
     <span class='ocr_line' id='line_1_54' title="bbox 1242 1235 2215 1273; baseline 0.002 -9"><span class='ocrx_word' id='word_1_352' title='bbox 1242 1245 1317 1265; x_wconf 91' lang='lat' dir='ltr'>num</span> <span class='ocrx_word' id='word_1_353' title='bbox 1336 1241 1367 1265; x_wconf 91' lang='lat' dir='ltr'>et</span> <span class='ocrx_word' id='word_1_354' title='bbox 1390 1235 1506 1265; x_wconf 91' lang='lat' dir='ltr'>deinde</span> <span class='ocrx_word' id='word_1_355' title='bbox 1529 1236 1653 1266; x_wconf 88' lang='lat' dir='ltr'>Arium.</span> <span class='ocrx_word' id='word_1_356' title='bbox 1698 1236 1797 1267; x_wconf 79' lang='lat' dir='ltr'>ludex</span> <span class='ocrx_word' id='word_1_357' title='bbox 1820 1243 1891 1267; x_wconf 90' lang='lat' dir='ltr'>erat</span> <span class='ocrx_word' id='word_1_358' title='bbox 1913 1237 2049 1267; x_wconf 89' lang='lat' dir='ltr'>verbum</span> <span class='ocrx_word' id='word_1_359' title='bbox 2071 1235 2152 1273; x_wconf 91' lang='lat' dir='ltr'>Dei,</span> <span class='ocrx_word' id='word_1_360' title='bbox 2182 1236 2215 1266; x_wconf 89' lang='lat' dir='ltr'>id</span> 
     </span>
    </p>
   </div>
   <div class='ocr_carea' id='block_1_5' title="bbox 231 1277 2215 1319">
    <p class='ocr_par' dir='ltr' id='par_1_7' title="bbox 231 1277 2215 1319">
     <span class='ocr_line' id='line_1_55' title="bbox 231 1277 2215 1319; baseline -0.003 -5"><span class='ocrx_word' id='word_1_361' title='bbox 231 1293 321 1314; x_wconf 83' lang='lat' dir='ltr'>suam</span> <span class='ocrx_word' id='word_1_362' title='bbox 355 1282 597 1316; x_wconf 80' lang='lat' dir='ltr'>auctoritatem,</span> <span class='ocrx_word' id='word_1_363' title='bbox 633 1286 663 1310; x_wconf 86' lang='lat' dir='ltr'>et</span> <span class='ocrx_word' id='word_1_364' title='bbox 687 1278 771 1309; x_wconf 84' lang='lat' dir='ltr'>hanc</span> <span class='ocrx_word' id='word_1_365' title='bbox 793 1277 931 1309; x_wconf 82' lang='lat' dir='ltr'>formam</span> <span class='ocrx_word' id='word_1_366' title='bbox 950 1279 1133 1309; x_wconf 84' lang='lat' dir='ltr'>existimant</span> <span class='ocrx_word' id='word_1_367' title='bbox 1155 1278 1198 1308; x_wconf 90' lang='lat' dir='ltr'>ad</span> <span class='ocrx_word' id='word_1_368' title='bbox 1220 1277 1223 1308; x_wconf 98' lang='grc' dir='ltr'>Ι</span> <span class='ocrx_word' id='word_1_369' title='bbox 1243 1282 1312 1313; x_wconf 81' lang='lat' dir='ltr'>est,</span> <span class='ocrx_word' id='word_1_370' title='bbox 1345 1277 1529 1307; x_wconf 81' lang='lat' dir='ltr'>testimonia</span> <span class='ocrx_word' id='word_1_371' title='bbox 1554 1287 1594 1308; x_wconf 83' lang='lat' dir='ltr'>ex</span> <span class='ocrx_word' id='word_1_372' title='bbox 1616 1277 1796 1319; x_wconf 83' lang='lat' dir='ltr'>Evangelio</span> <span class='ocrx_word' id='word_1_373' title='bbox 1819 1279 1906 1309; x_wconf 89' lang='lat' dir='ltr'>bona</span> <span class='ocrx_word' id='word_1_374' title='bbox 1928 1278 1991 1309; x_wconf 89' lang='lat' dir='ltr'>fide</span> <span class='ocrx_word' id='word_1_375' title='bbox 2015 1285 2048 1309; x_wconf 89' lang='lat' dir='ltr'>et</span> <span class='ocrx_word' id='word_1_376' title='bbox 2069 1279 2140 1309; x_wconf 89' lang='lat' dir='ltr'>sine</span> <span class='ocrx_word' id='word_1_377' title='bbox 2161 1287 2215 1308; x_wconf 91' lang='lat' dir='ltr'>so-</span> 
     </span>
    </p>
   </div>
   <div class='ocr_carea' id='block_1_6' title="bbox 230 1322 1203 2375">
    <p class='ocr_par' dir='ltr' id='par_1_8' title="bbox 230 1322 635 1366">
     <span class='ocr_line' id='line_1_56' title="bbox 230 1322 635 1366; baseline -0.012 -10"><span class='ocrx_word' id='word_1_378' title='bbox 230 1335 343 1366; x_wconf 80' lang='lat' dir='ltr'>pacem</span> <span class='ocrx_word' id='word_1_379' title='bbox 366 1322 526 1354; x_wconf 87' lang='lat' dir='ltr'>utiliorem</span> <span class='ocrx_word' id='word_1_380' title='bbox 550 1331 635 1352; x_wconf 89' lang='lat' dir='ltr'>esse.</span> 
     </span>
    </p>

    <p class='ocr_par' dir='ltr' id='par_1_9' title="bbox 231 1361 1203 2375">
     <span class='ocr_line' id='line_1_57' title="bbox 316 1361 1199 1404; baseline -0.007 -7"><span class='ocrx_word' id='word_1_381' title='bbox 316 1366 428 1397; x_wconf 84' lang='lat' dir='ltr'>Sciant</span> <span class='ocrx_word' id='word_1_382' title='bbox 462 1371 570 1395; x_wconf 89' lang='lat' dir='ltr'>autem</span> <span class='ocrx_word' id='word_1_383' title='bbox 598 1364 651 1404; x_wconf 91' lang='lat' dir='ltr'>pii,</span> <span class='ocrx_word' id='word_1_384' title='bbox 675 1364 705 1393; x_wconf 88' lang='lat' dir='ltr'>in</span> <span class='ocrx_word' id='word_1_385' title='bbox 728 1362 791 1393; x_wconf 89' lang='lat' dir='ltr'>hac</span> <span class='ocrx_word' id='word_1_386' title='bbox 815 1363 992 1393; x_wconf 84' lang='lat' dir='ltr'>imitatione</span> <span class='ocrx_word' id='word_1_387' title='bbox 1015 1361 1068 1392; x_wconf 86' lang='lat' dir='ltr'>vel</span> <span class='ocrx_word' id='word_1_388' title='bbox 1091 1362 1199 1401; x_wconf 89' lang='lat' dir='ltr'>potius</span> 
     </span>
     <span class='ocr_line' id='line_1_58' title="bbox 232 1404 1199 1447; baseline -0.006 -8"><span class='ocrx_word' id='word_1_389' title='bbox 232 1411 386 1447; x_wconf 69' lang='grc' dir='ltr'><strong><em>κακοζηλία</em></strong></span> <span class='ocrx_word' id='word_1_390' title='bbox 422 1406 542 1438; x_wconf 85' lang='lat' dir='ltr'>multos</span> <span class='ocrx_word' id='word_1_391' title='bbox 577 1415 708 1436; x_wconf 87' lang='lat' dir='ltr'>errores</span> <span class='ocrx_word' id='word_1_392' title='bbox 731 1414 816 1435; x_wconf 83' lang='lat' dir='ltr'>esse.</span> <span class='ocrx_word' id='word_1_393' title='bbox 862 1404 1115 1435; x_wconf 88' lang='lat' dir='ltr'>Concedendum</span> <span class='ocrx_word' id='word_1_394' title='bbox 1138 1410 1199 1440; x_wconf 90' lang='lat' dir='ltr'>est,</span> 
     </span>
     <span class='ocr_line' id='line_1_59' title="bbox 233 1441 1200 1487; baseline -0.007 -5"><span class='ocrx_word' id='word_1_395' title='bbox 233 1441 412 1483; x_wconf 73' lang='lat' dir='ltr'>Ecclesiam</span> <span class='ocrx_word' id='word_1_396' title='bbox 436 1459 512 1480; x_wconf 90' lang='lat' dir='ltr'>esse</span> <span class='ocrx_word' id='word_1_397' title='bbox 535 1454 663 1479; x_wconf 86' lang='lat' dir='ltr'>coetum</span> <span class='ocrx_word' id='word_1_398' title='bbox 686 1445 863 1482; x_wconf 81' lang='lat' dir='ltr'>visibilem3</span> <span class='ocrx_word' id='word_1_399' title='bbox 882 1446 996 1487; x_wconf 81' lang='lat' dir='ltr'>Neque</span> <span class='ocrx_word' id='word_1_400' title='bbox 1019 1452 1125 1476; x_wconf 90' lang='lat' dir='ltr'>tamen</span> <span class='ocrx_word' id='word_1_401' title='bbox 1149 1455 1200 1476; x_wconf 87' lang='lat' dir='ltr'>es-</span> 
     </span>
     <span class='ocr_line' id='line_1_60' title="bbox 232 1487 1200 1535; baseline -0.008 -10"><span class='ocrx_word' id='word_1_402' title='bbox 232 1505 267 1525; x_wconf 66' lang='lat' dir='ltr'>se</span> <span class='ocrx_word' id='word_1_403' title='bbox 290 1503 426 1535; x_wconf 86' lang='lat' dir='ltr'>regnum</span> <span class='ocrx_word' id='word_1_404' title='bbox 449 1490 654 1527; x_wconf 80' lang='lat' dir='ltr'>Pontificum,</span> <span class='ocrx_word' id='word_1_405' title='bbox 674 1489 733 1519; x_wconf 90' lang='lat' dir='ltr'>sed</span> <span class='ocrx_word' id='word_1_406' title='bbox 757 1494 884 1519; x_wconf 86' lang='lat' dir='ltr'>coetum</span> <span class='ocrx_word' id='word_1_407' title='bbox 909 1487 1046 1519; x_wconf 87' lang='lat' dir='ltr'>similem</span> <span class='ocrx_word' id='word_1_408' title='bbox 1059 1487 1200 1518; x_wconf 88' lang='lat' dir='ltr'>Schola-</span> 
     </span>
     <span class='ocr_line' id='line_1_61' title="bbox 232 1530 1199 1570; baseline -0.007 -3"><span class='ocrx_word' id='word_1_409' title='bbox 232 1537 314 1567; x_wconf 70' lang='lat' dir='ltr'>stico</span> <span class='ocrx_word' id='word_1_410' title='bbox 338 1535 454 1566; x_wconf 85' lang='lat' dir='ltr'>coetui.</span> <span class='ocrx_word' id='word_1_411' title='bbox 502 1532 579 1564; x_wconf 90' lang='lat' dir='ltr'>Vult</span> <span class='ocrx_word' id='word_1_412' title='bbox 603 1533 687 1563; x_wconf 88' lang='lat' dir='ltr'>enim</span> <span class='ocrx_word' id='word_1_413' title='bbox 710 1531 801 1561; x_wconf 90' lang='lat' dir='ltr'>Deus</span> <span class='ocrx_word' id='word_1_414' title='bbox 815 1530 998 1561; x_wconf 86' lang='lat' dir='ltr'>Ecclesiam</span> <span class='ocrx_word' id='word_1_415' title='bbox 1020 1540 1086 1561; x_wconf 91' lang='lat' dir='ltr'>non</span> <span class='ocrx_word' id='word_1_416' title='bbox 1108 1540 1199 1570; x_wconf 91' lang='lat' dir='ltr'>pror-</span> 
     </span>
     <span class='ocr_line' id='line_1_62' title="bbox 232 1570 1199 1614; baseline -0.005 -7"><span class='ocrx_word' id='word_1_417' title='bbox 232 1590 288 1609; x_wconf 55' lang='lat' dir='ltr'>sus</span> <span class='ocrx_word' id='word_1_418' title='bbox 312 1578 455 1608; x_wconf 86' lang='lat' dir='ltr'>abditam</span> <span class='ocrx_word' id='word_1_419' title='bbox 478 1585 553 1606; x_wconf 86' lang='lat' dir='ltr'>esse</span> <span class='ocrx_word' id='word_1_420' title='bbox 576 1576 607 1605; x_wconf 90' lang='lat' dir='ltr'>in</span> <span class='ocrx_word' id='word_1_421' title='bbox 631 1573 775 1605; x_wconf 87' lang='lat' dir='ltr'>latebras</span> <span class='ocrx_word' id='word_1_422' title='bbox 799 1579 853 1603; x_wconf 89' lang='lat' dir='ltr'>aut</span> <span class='ocrx_word' id='word_1_423' title='bbox 866 1574 1023 1614; x_wconf 88' lang='lat' dir='ltr'>ignotam,</span> <span class='ocrx_word' id='word_1_424' title='bbox 1047 1572 1107 1603; x_wconf 87' lang='lat' dir='ltr'>sed</span> <span class='ocrx_word' id='word_1_425' title='bbox 1130 1570 1199 1602; x_wconf 82' lang='lat' dir='ltr'>vult</span> 
     </span>
     <span class='ocr_line' id='line_1_63' title="bbox 232 1613 1200 1658; baseline -0.007 -7"><span class='ocrx_word' id='word_1_426' title='bbox 232 1631 302 1651; x_wconf 76' lang='lat' dir='ltr'>eam</span> <span class='ocrx_word' id='word_1_427' title='bbox 326 1619 486 1655; x_wconf 79' lang='lat' dir='ltr'>exaudiri,</span> <span class='ocrx_word' id='word_1_428' title='bbox 521 1616 589 1648; x_wconf 89' lang='lat' dir='ltr'>vult</span> <span class='ocrx_word' id='word_1_429' title='bbox 620 1617 757 1658; x_wconf 84' lang='lat' dir='ltr'>agnosci</span> <span class='ocrx_word' id='word_1_430' title='bbox 785 1615 886 1646; x_wconf 87' lang='lat' dir='ltr'>filium</span> <span class='ocrx_word' id='word_1_431' title='bbox 908 1626 1002 1647; x_wconf 90' lang='lat' dir='ltr'>suum</span> <span class='ocrx_word' id='word_1_432' title='bbox 1023 1613 1200 1645; x_wconf 90' lang='lat' dir='ltr'>Dominum</span> 
     </span>
     <span class='ocr_line' id='line_1_64' title="bbox 232 1656 1200 1698; baseline -0.007 -5"><span class='ocrx_word' id='word_1_433' title='bbox 232 1668 378 1693; x_wconf 82' lang='lat' dir='ltr'>nostrum</span> <span class='ocrx_word' id='word_1_434' title='bbox 402 1661 506 1691; x_wconf 83' lang='lat' dir='ltr'>lesum</span> <span class='ocrx_word' id='word_1_435' title='bbox 523 1659 697 1696; x_wconf 80' lang='lat' dir='ltr'>Christum,</span> <span class='ocrx_word' id='word_1_436' title='bbox 721 1657 790 1688; x_wconf 90' lang='lat' dir='ltr'>vult</span> <span class='ocrx_word' id='word_1_437' title='bbox 813 1667 850 1688; x_wconf 89' lang='lat' dir='ltr'>se</span> <span class='ocrx_word' id='word_1_438' title='bbox 873 1668 1004 1698; x_wconf 87' lang='lat' dir='ltr'>semper</span> <span class='ocrx_word' id='word_1_439' title='bbox 1026 1657 1068 1687; x_wconf 90' lang='lat' dir='ltr'>ab</span> <span class='ocrx_word' id='word_1_440' title='bbox 1093 1656 1200 1697; x_wconf 85' lang='lat' dir='ltr'>aliqua</span> 
     </span>
     <span class='ocr_line' id='line_1_65' title="bbox 231 1699 1200 1745; baseline -0.007 -10"><span class='ocrx_word' id='word_1_441' title='bbox 231 1712 323 1745; x_wconf 77' lang='lat' dir='ltr'>parte</span> <span class='ocrx_word' id='word_1_442' title='bbox 357 1704 485 1745; x_wconf 87' lang='lat' dir='ltr'>generis</span> <span class='ocrx_word' id='word_1_443' title='bbox 519 1701 649 1732; x_wconf 89' lang='lat' dir='ltr'>humani</span> <span class='ocrx_word' id='word_1_444' title='bbox 673 1701 831 1736; x_wconf 82' lang='lat' dir='ltr'>invocari,</span> <span class='ocrx_word' id='word_1_445' title='bbox 865 1699 934 1730; x_wconf 86' lang='lat' dir='ltr'>vult</span> <span class='ocrx_word' id='word_1_446' title='bbox 958 1709 1136 1739; x_wconf 78' lang='lat' dir='ltr'>excerpere</span> <span class='ocrx_word' id='word_1_447' title='bbox 1161 1709 1200 1729; x_wconf 78' lang='lat' dir='ltr'>ex</span> 
     </span>
     <span class='ocr_line' id='line_1_66' title="bbox 234 1741 1200 1789; baseline -0.007 -12"><span class='ocrx_word' id='word_1_448' title='bbox 234 1757 350 1789; x_wconf 65' lang='lat' dir='ltr'>genere</span> <span class='ocrx_word' id='word_1_449' title='bbox 371 1747 510 1776; x_wconf 88' lang='lat' dir='ltr'>humano</span> <span class='ocrx_word' id='word_1_450' title='bbox 534 1744 769 1774; x_wconf 87' lang='lat' dir='ltr'>haereditatem</span> <span class='ocrx_word' id='word_1_451' title='bbox 792 1741 892 1777; x_wconf 82' lang='lat' dir='ltr'>Fili03</span> <span class='ocrx_word' id='word_1_452' title='bbox 937 1742 1012 1772; x_wconf 90' lang='lat' dir='ltr'>Ideo</span> <span class='ocrx_word' id='word_1_453' title='bbox 1043 1742 1200 1781; x_wconf 87' lang='lat' dir='ltr'>scriptum</span> 
     </span>
     <span class='ocr_line' id='line_1_67' title="bbox 232 1782 1201 1825; baseline -0.006 -6"><span class='ocrx_word' id='word_1_454' title='bbox 232 1782 279 1819; x_wconf 69' lang='lat' dir='ltr'>est</span> <span class='ocrx_word' id='word_1_455' title='bbox 305 1787 437 1825; x_wconf 69' lang='lat' dir='ltr'>[psalm.</span> <span class='ocrx_word' id='word_1_456' title='bbox 463 1787 513 1823; x_wconf 79' lang='lat'>18,</span> <span class='ocrx_word' id='word_1_457' title='bbox 532 1787 596 1824; x_wconf 85' lang='lat'>5.]:</span> <span class='ocrx_word' id='word_1_458' title='bbox 624 1786 658 1816; x_wconf 91' lang='lat' dir='ltr'>ln</span> <span class='ocrx_word' id='word_1_459' title='bbox 682 1795 809 1816; x_wconf 89' lang='lat' dir='ltr'>omnem</span> <span class='ocrx_word' id='word_1_460' title='bbox 835 1790 955 1815; x_wconf 86' lang='lat' dir='ltr'>terram</span> <span class='ocrx_word' id='word_1_461' title='bbox 978 1784 1076 1814; x_wconf 78' lang='lat' dir='ltr'>exivit</span> <span class='ocrx_word' id='word_1_462' title='bbox 1099 1793 1201 1813; x_wconf 92' lang='lat' dir='ltr'>sonus</span> 
     </span>
     <span class='ocr_line' id='line_1_68' title="bbox 233 1825 1200 1868; baseline -0.007 -6"><span class='ocrx_word' id='word_1_463' title='bbox 233 1842 353 1862; x_wconf 78' lang='lat' dir='ltr'>corum.</span> <span class='ocrx_word' id='word_1_464' title='bbox 401 1830 439 1860; x_wconf 89' lang='lat' dir='ltr'>Et</span> <span class='ocrx_word' id='word_1_465' title='bbox 472 1828 623 1860; x_wconf 85' lang='lat' dir='ltr'>Christus</span> <span class='ocrx_word' id='word_1_466' title='bbox 664 1829 737 1868; x_wconf 87' lang='lat' dir='ltr'>ipse</span> <span class='ocrx_word' id='word_1_467' title='bbox 769 1827 846 1857; x_wconf 91' lang='lat' dir='ltr'>dicit</span> <span class='ocrx_word' id='word_1_468' title='bbox 880 1825 967 1857; x_wconf 83' lang='lat' dir='ltr'>Psal.</span> <span class='ocrx_word' id='word_1_469' title='bbox 1002 1826 1033 1856; x_wconf 75' lang='lat'>2.</span> <span class='ocrx_word' id='word_1_470' title='bbox 1069 1829 1132 1863; x_wconf 90' lang='lat' dir='ltr'>[vs.</span> <span class='ocrx_word' id='word_1_471' title='bbox 1156 1826 1200 1863; x_wconf 91' lang='grc'>7.]</span> 
     </span>
     <span class='ocr_line' id='line_1_69' title="bbox 236 1868 1201 1911; baseline -0.006 -8"><span class='ocrx_word' id='word_1_472' title='bbox 236 1874 436 1904; x_wconf 56' lang='lat' dir='ltr'>praedicabo</span> <span class='ocrx_word' id='word_1_473' title='bbox 472 1872 511 1902; x_wconf 89' lang='lat' dir='ltr'>de</span> <span class='ocrx_word' id='word_1_474' title='bbox 534 1876 720 1911; x_wconf 89' lang='lat' dir='ltr'>praecepto.</span> <span class='ocrx_word' id='word_1_475' title='bbox 766 1869 923 1899; x_wconf 86' lang='lat' dir='ltr'>Mansura</span> <span class='ocrx_word' id='word_1_476' title='bbox 943 1875 993 1899; x_wconf 89' lang='lat' dir='ltr'>est</span> <span class='ocrx_word' id='word_1_477' title='bbox 1015 1868 1114 1909; x_wconf 86' lang='lat' dir='ltr'>igitur</span> <span class='ocrx_word' id='word_1_478' title='bbox 1136 1878 1201 1898; x_wconf 77' lang='lat' dir='ltr'>vox</span> 
     </span>
     <span class='ocr_line' id='line_1_70' title="bbox 233 1909 1202 1956; baseline -0.007 -10"><span class='ocrx_word' id='word_1_479' title='bbox 233 1914 403 1956; x_wconf 77' lang='lat' dir='ltr'>Evangelii</span> <span class='ocrx_word' id='word_1_480' title='bbox 427 1921 457 1945; x_wconf 89' lang='lat' dir='ltr'>et</span> <span class='ocrx_word' id='word_1_481' title='bbox 481 1914 657 1950; x_wconf 74' lang='lat' dir='ltr'>ministetii,</span> <span class='ocrx_word' id='word_1_482' title='bbox 682 1918 713 1943; x_wconf 92' lang='lat' dir='ltr'>et</span> <span class='ocrx_word' id='word_1_483' title='bbox 737 1912 797 1942; x_wconf 87' lang='lat' dir='ltr'>erit</span> <span class='ocrx_word' id='word_1_484' title='bbox 820 1910 937 1952; x_wconf 86' lang='lat' dir='ltr'>aliquis</span> <span class='ocrx_word' id='word_1_485' title='bbox 960 1909 1098 1941; x_wconf 82' lang='lat' dir='ltr'>visibilis</span> <span class='ocrx_word' id='word_1_486' title='bbox 1129 1920 1202 1940; x_wconf 91' lang='lat' dir='ltr'>coe-</span> 
     </span>
     <span class='ocr_line' id='line_1_71' title="bbox 233 1951 1203 1992; baseline -0.006 -4"><span class='ocrx_word' id='word_1_487' title='bbox 233 1968 284 1988; x_wconf 58' lang='lat' dir='ltr'>tus</span> <span class='ocrx_word' id='word_1_488' title='bbox 305 1956 454 1988; x_wconf 84' lang='lat' dir='ltr'>Ecclesia</span> <span class='ocrx_word' id='word_1_489' title='bbox 477 1955 557 1992; x_wconf 90' lang='lat' dir='ltr'>Dei,</span> <span class='ocrx_word' id='word_1_490' title='bbox 581 1956 641 1986; x_wconf 90' lang='lat' dir='ltr'>sed</span> <span class='ocrx_word' id='word_1_491' title='bbox 664 1960 698 1985; x_wconf 88' lang='lat' dir='ltr'>ut</span> <span class='ocrx_word' id='word_1_492' title='bbox 722 1960 836 1984; x_wconf 85' lang='lat' dir='ltr'>coetus</span> <span class='ocrx_word' id='word_1_493' title='bbox 860 1952 1096 1983; x_wconf 87' lang='lat' dir='ltr'>Scholasticus.</span> <span class='ocrx_word' id='word_1_494' title='bbox 1143 1951 1203 1982; x_wconf 88' lang='lat' dir='ltr'>Est</span> 
     </span>
     <span class='ocr_line' id='line_1_72' title="bbox 234 1995 1202 2031; baseline -0.003 -4"><span class='ocrx_word' id='word_1_495' title='bbox 234 2001 326 2031; x_wconf 66' lang='lat' dir='ltr'>ordo.</span> <span class='ocrx_word' id='word_1_496' title='bbox 346 2006 396 2029; x_wconf 85' lang='lat' dir='ltr'>est</span> <span class='ocrx_word' id='word_1_497' title='bbox 419 1999 593 2029; x_wconf 74' lang='lat' dir='ltr'>discrimen</span> <span class='ocrx_word' id='word_1_498' title='bbox 616 1998 699 2027; x_wconf 87' lang='lat' dir='ltr'>inter</span> <span class='ocrx_word' id='word_1_499' title='bbox 721 1996 878 2026; x_wconf 86' lang='lat' dir='ltr'>docentes</span> <span class='ocrx_word' id='word_1_500' title='bbox 903 2003 933 2025; x_wconf 90' lang='lat' dir='ltr'>et</span> <span class='ocrx_word' id='word_1_501' title='bbox 956 1995 1140 2031; x_wconf 83' lang='lat' dir='ltr'>auditores,</span> <span class='ocrx_word' id='word_1_502' title='bbox 1171 2000 1202 2024; x_wconf 90' lang='lat' dir='ltr'>et</span> 
     </span>
     <span class='ocr_line' id='line_1_73' title="bbox 235 2036 1201 2083; baseline -0.005 -12"><span class='ocrx_word' id='word_1_503' title='bbox 235 2048 308 2072; x_wconf 49' lang='lat' dir='ltr'>sunt</span> <span class='ocrx_word' id='word_1_504' title='bbox 332 2042 472 2083; x_wconf 66' lang='lat' dir='ltr'>gradu&#39;s:</span> <span class='ocrx_word' id='word_1_505' title='bbox 498 2039 562 2070; x_wconf 87' lang='lat' dir='ltr'>Alii</span> <span class='ocrx_word' id='word_1_506' title='bbox 585 2046 660 2070; x_wconf 86' lang='lat' dir='ltr'>sunt</span> <span class='ocrx_word' id='word_1_507' title='bbox 683 2037 848 2079; x_wconf 78' lang='lat' dir='ltr'>Apostoli,</span> <span class='ocrx_word' id='word_1_508' title='bbox 867 2037 920 2068; x_wconf 91' lang='lat' dir='ltr'>alii</span> <span class='ocrx_word' id='word_1_509' title='bbox 945 2044 1019 2067; x_wconf 81' lang='lat' dir='ltr'>sunt</span> <span class='ocrx_word' id='word_1_510' title='bbox 1034 2036 1201 2073; x_wconf 85' lang='lat' dir='ltr'>Pastores,</span> 
     </span>
     <span class='ocr_line' id='line_1_74' title="bbox 233 2078 1199 2121; baseline -0.006 -7"><span class='ocrx_word' id='word_1_511' title='bbox 233 2084 287 2114; x_wconf 77' lang='lat' dir='ltr'>alii</span> <span class='ocrx_word' id='word_1_512' title='bbox 309 2084 489 2118; x_wconf 73' lang='lat' dir='ltr'>Doctores,</span> <span class='ocrx_word' id='word_1_513' title='bbox 513 2088 545 2113; x_wconf 89' lang='lat' dir='ltr'>et</span> <span class='ocrx_word' id='word_1_514' title='bbox 568 2087 657 2112; x_wconf 89' lang='lat' dir='ltr'>recte</span> <span class='ocrx_word' id='word_1_515' title='bbox 675 2079 864 2121; x_wconf 87' lang='lat' dir='ltr'>intelligitur</span> <span class='ocrx_word' id='word_1_516' title='bbox 888 2080 927 2110; x_wconf 90' lang='lat' dir='ltr'>de</span> <span class='ocrx_word' id='word_1_517' title='bbox 951 2078 1069 2110; x_wconf 77' lang='lat' dir='ltr'>visibili</span> <span class='ocrx_word' id='word_1_518' title='bbox 1094 2084 1199 2116; x_wconf 89' lang='lat' dir='ltr'>coetu,</span> 
     </span>
     <span class='ocr_line' id='line_1_75' title="bbox 235 2120 1200 2166; baseline -0.004 -12"><span class='ocrx_word' id='word_1_519' title='bbox 235 2127 321 2166; x_wconf 79' lang='lat' dir='ltr'>quod</span> <span class='ocrx_word' id='word_1_520' title='bbox 344 2127 499 2165; x_wconf 84' lang='lat' dir='ltr'>scriptum</span> <span class='ocrx_word' id='word_1_521' title='bbox 523 2130 572 2155; x_wconf 87' lang='lat' dir='ltr'>est</span> <span class='ocrx_word' id='word_1_522' title='bbox 597 2122 724 2160; x_wconf 76' lang='lat' dir='ltr'>[Matth.</span> <span class='ocrx_word' id='word_1_523' title='bbox 751 2122 800 2159; x_wconf 71' lang='lat'>15,</span> <span class='ocrx_word' id='word_1_524' title='bbox 826 2122 905 2159; x_wconf 81' lang='lat'>17.]:</span> <span class='ocrx_word' id='word_1_525' title='bbox 933 2121 997 2152; x_wconf 89' lang='lat' dir='ltr'>Dic</span> <span class='ocrx_word' id='word_1_526' title='bbox 1021 2120 1200 2151; x_wconf 86' lang='lat' dir='ltr'>Ecclesiae.</span> 
     </span>
     <span class='ocr_line' id='line_1_76' title="bbox 235 2162 1201 2208; baseline -0.006 -10"><span class='ocrx_word' id='word_1_527' title='bbox 235 2169 300 2198; x_wconf 75' lang='lat' dir='ltr'>Sed</span> <span class='ocrx_word' id='word_1_528' title='bbox 324 2169 459 2208; x_wconf 87' lang='lat' dir='ltr'>primum</span> <span class='ocrx_word' id='word_1_529' title='bbox 478 2167 650 2197; x_wconf 84' lang='lat' dir='ltr'>videndum</span> <span class='ocrx_word' id='word_1_530' title='bbox 674 2171 739 2202; x_wconf 88' lang='lat' dir='ltr'>est,</span> <span class='ocrx_word' id='word_1_531' title='bbox 774 2165 827 2205; x_wconf 90' lang='lat' dir='ltr'>qui</span> <span class='ocrx_word' id='word_1_532' title='bbox 851 2165 913 2194; x_wconf 86' lang='lat' dir='ltr'>sint</span> <span class='ocrx_word' id='word_1_533' title='bbox 938 2164 1082 2194; x_wconf 90' lang='lat' dir='ltr'>membra</span> <span class='ocrx_word' id='word_1_534' title='bbox 1106 2162 1201 2194; x_wconf 89' lang='lat' dir='ltr'>huius</span> 
     </span>
     <span class='ocr_line' id='line_1_77' title="bbox 235 2204 1202 2241; baseline -0.004 -2"><span class='ocrx_word' id='word_1_535' title='bbox 235 2210 372 2241; x_wconf 73' lang='lat' dir='ltr'>visibilis</span> <span class='ocrx_word' id='word_1_536' title='bbox 391 2208 569 2241; x_wconf 86' lang='lat' dir='ltr'>Ecclesiae.</span> <span class='ocrx_word' id='word_1_537' title='bbox 610 2208 693 2238; x_wconf 88' lang='lat' dir='ltr'>Nam</span> <span class='ocrx_word' id='word_1_538' title='bbox 717 2208 972 2238; x_wconf 87' lang='lat' dir='ltr'>condemnantes</span> <span class='ocrx_word' id='word_1_539' title='bbox 995 2204 1202 2236; x_wconf 83' lang='lat' dir='ltr'>manifestam</span> 
     </span>
     <span class='ocr_line' id='line_1_78' title="bbox 237 2248 1202 2291; baseline -0.005 -9"><span class='ocrx_word' id='word_1_540' title='bbox 237 2253 402 2282; x_wconf 62' lang='lat' dir='ltr'>veritatem</span> <span class='ocrx_word' id='word_1_541' title='bbox 422 2249 591 2291; x_wconf 82' lang='lat' dir='ltr'>Evangelii</span> <span class='ocrx_word' id='word_1_542' title='bbox 615 2256 646 2280; x_wconf 87' lang='lat' dir='ltr'>et</span> <span class='ocrx_word' id='word_1_543' title='bbox 664 2256 858 2280; x_wconf 84' lang='lat' dir='ltr'>exercentes</span> <span class='ocrx_word' id='word_1_544' title='bbox 882 2249 1050 2278; x_wconf 79' lang='lat' dir='ltr'>saevitiam</span> <span class='ocrx_word' id='word_1_545' title='bbox 1072 2248 1114 2278; x_wconf 90' lang='lat' dir='ltr'>ad</span> <span class='ocrx_word' id='word_1_546' title='bbox 1137 2253 1202 2277; x_wconf 90' lang='lat' dir='ltr'>sta-</span> 
     </span>
     <span class='ocr_line' id='line_1_79' title="bbox 235 2289 1202 2325; baseline -0.005 -1"><span class='ocrx_word' id='word_1_547' title='bbox 235 2293 394 2325; x_wconf 84' lang='lat' dir='ltr'>biliendos</span> <span class='ocrx_word' id='word_1_548' title='bbox 417 2293 607 2324; x_wconf 83' lang='lat' dir='ltr'>manifestos</span> <span class='ocrx_word' id='word_1_549' title='bbox 636 2301 766 2322; x_wconf 88' lang='lat' dir='ltr'>errores</span> <span class='ocrx_word' id='word_1_550' title='bbox 790 2301 855 2321; x_wconf 92' lang='lat' dir='ltr'>non</span> <span class='ocrx_word' id='word_1_551' title='bbox 878 2297 953 2321; x_wconf 86' lang='lat' dir='ltr'>sunt</span> <span class='ocrx_word' id='word_1_552' title='bbox 975 2290 1121 2320; x_wconf 87' lang='lat' dir='ltr'>membra</span> <span class='ocrx_word' id='word_1_553' title='bbox 1144 2289 1202 2320; x_wconf 89' lang='lat' dir='ltr'>hu-</span> 
     </span>
     <span class='ocr_line' id='line_1_80' title="bbox 235 2331 1201 2375; baseline -0.007 -7"><span class='ocrx_word' id='word_1_554' title='bbox 235 2339 283 2368; x_wconf 87' lang='lat' dir='ltr'>ius</span> <span class='ocrx_word' id='word_1_555' title='bbox 318 2342 443 2372; x_wconf 71' lang='lat' dir='ltr'>coetus.</span> <span class='ocrx_word' id='word_1_556' title='bbox 478 2336 517 2365; x_wconf 89' lang='lat' dir='ltr'>de</span> <span class='ocrx_word' id='word_1_557' title='bbox 551 2345 615 2375; x_wconf 91' lang='lat' dir='ltr'>quo</span> <span class='ocrx_word' id='word_1_558' title='bbox 650 2335 806 2374; x_wconf 83' lang='lat' dir='ltr'>scriptum</span> <span class='ocrx_word' id='word_1_559' title='bbox 841 2339 904 2363; x_wconf 88' lang='lat' dir='ltr'>est:</span> <span class='ocrx_word' id='word_1_560' title='bbox 928 2332 992 2363; x_wconf 77' lang='lat' dir='ltr'>Dic</span> <span class='ocrx_word' id='word_1_561' title='bbox 1021 2331 1201 2362; x_wconf 87' lang='lat' dir='ltr'>Ecclesiae.</span> 
     </span>
    </p>
   </div>
   <div class='ocr_carea' id='block_1_7' title="bbox 236 2376 1226 2418">
    <p class='ocr_par' dir='ltr' id='par_1_10' title="bbox 236 2376 1226 2418">
     <span class='ocr_line' id='line_1_81' title="bbox 236 2376 1226 2418; baseline -0.007 -8"><span class='ocrx_word' id='word_1_562' title='bbox 236 2379 360 2410; x_wconf 85' lang='lat' dir='ltr'>Deinde</span> <span class='ocrx_word' id='word_1_563' title='bbox 383 2388 487 2418; x_wconf 90' lang='lat' dir='ltr'>neque</span> <span class='ocrx_word' id='word_1_564' title='bbox 505 2377 569 2408; x_wconf 91' lang='lat' dir='ltr'>hoc</span> <span class='ocrx_word' id='word_1_565' title='bbox 593 2377 811 2416; x_wconf 88' lang='lat' dir='ltr'>recipiendum</span> <span class='ocrx_word' id='word_1_566' title='bbox 824 2382 886 2413; x_wconf 86' lang='lat' dir='ltr'>est,</span> <span class='ocrx_word' id='word_1_567' title='bbox 909 2376 1064 2405; x_wconf 90' lang='lat' dir='ltr'>maiorem</span> <span class='ocrx_word' id='word_1_568' title='bbox 1075 2380 1204 2414; x_wconf 90' lang='lat' dir='ltr'>partem</span> <span class='ocrx_word' id='word_1_569' title='bbox 1224 2384 1226 2387; x_wconf 94' lang='lat'>·</span> 
     </span>
    </p>
   </div>
   <div class='ocr_carea' id='block_1_8' title="bbox 235 2417 1205 2500">
    <p class='ocr_par' dir='ltr' id='par_1_11' title="bbox 235 2417 1205 2500">
     <span class='ocr_line' id='line_1_82' title="bbox 235 2417 1205 2462; baseline -0.004 -12"><span class='ocrx_word' id='word_1_570' title='bbox 235 2421 464 2462; x_wconf 35' lang='lat' dir='ltr'>⁴suffragiorum</span> <span class='ocrx_word' id='word_1_571' title='bbox 486 2418 728 2450; x_wconf 87' lang='lat' dir='ltr'>anteferendam</span> <span class='ocrx_word' id='word_1_572' title='bbox 751 2428 843 2453; x_wconf 80' lang='lat' dir='ltr'>esse:</span> <span class='ocrx_word' id='word_1_573' title='bbox 877 2419 962 2459; x_wconf 84' lang='lat' dir='ltr'>quia,</span> <span class='ocrx_word' id='word_1_574' title='bbox 986 2417 1110 2448; x_wconf 80' lang='lat' dir='ltr'>etiamsi</span> <span class='ocrx_word' id='word_1_575' title='bbox 1128 2421 1205 2447; x_wconf 88' lang='lat' dir='ltr'>sunt</span> 
     </span>
     <span class='ocr_line' id='line_1_83' title="bbox 235 2457 1204 2500; baseline -0.006 -6"><span class='ocrx_word' id='word_1_576' title='bbox 235 2463 322 2494; x_wconf 89' lang='lat' dir='ltr'>multi</span> <span class='ocrx_word' id='word_1_577' title='bbox 353 2469 442 2494; x_wconf 84' lang='lat' dir='ltr'>recte</span> <span class='ocrx_word' id='word_1_578' title='bbox 465 2462 660 2498; x_wconf 79' lang='lat' dir='ltr'>sentientes,</span> <span class='ocrx_word' id='word_1_579' title='bbox 694 2462 871 2492; x_wconf 87' lang='lat' dir='ltr'>retinentes</span> <span class='ocrx_word' id='word_1_580' title='bbox 894 2460 1000 2491; x_wconf 91' lang='lat' dir='ltr'>lucem</span> <span class='ocrx_word' id='word_1_581' title='bbox 1022 2457 1204 2500; x_wconf 85' lang='lat' dir='ltr'>Evangelii,</span> 
     </span>
    </p>
   </div>
   <div class='ocr_carea' id='block_1_9' title="bbox 1241 1318 2217 2367">
    <p class='ocr_par' dir='ltr' id='par_1_12' title="bbox 1241 1318 2216 1992">
     <span class='ocr_line' id='line_1_84' title="bbox 1241 1318 2215 1360; baseline 0.003 -12"><span class='ocrx_word' id='word_1_582' title='bbox 1241 1318 1380 1359; x_wconf 84' lang='lat' dir='ltr'>phistica</span> <span class='ocrx_word' id='word_1_583' title='bbox 1402 1318 1542 1359; x_wconf 85' lang='lat' dir='ltr'>prolata,</span> <span class='ocrx_word' id='word_1_584' title='bbox 1573 1330 1657 1360; x_wconf 85' lang='lat' dir='ltr'>quae</span> <span class='ocrx_word' id='word_1_585' title='bbox 1691 1321 1890 1351; x_wconf 72' lang='lat' dir='ltr'>conw&#39;ncunt</span> <span class='ocrx_word' id='word_1_586' title='bbox 1922 1331 1989 1351; x_wconf 88' lang='lat' dir='ltr'>non</span> <span class='ocrx_word' id='word_1_587' title='bbox 2013 1319 2215 1351; x_wconf 84' lang='lat' dir='ltr'>calumniose</span> 
     </span>
     <span class='ocr_line' id='line_1_85' title="bbox 1242 1361 2215 1396; baseline 0.003 -6"><span class='ocrx_word' id='word_1_588' title='bbox 1242 1361 1454 1396; x_wconf 77' lang='lat' dir='ltr'>iudicantem3</span> <span class='ocrx_word' id='word_1_589' title='bbox 1499 1362 1565 1392; x_wconf 91' lang='lat' dir='ltr'>Sed</span> <span class='ocrx_word' id='word_1_590' title='bbox 1587 1368 1695 1392; x_wconf 90' lang='lat' dir='ltr'>tamen</span> <span class='ocrx_word' id='word_1_591' title='bbox 1718 1361 1852 1392; x_wconf 89' lang='lat' dir='ltr'>multum</span> <span class='ocrx_word' id='word_1_592' title='bbox 1875 1363 2114 1393; x_wconf 89' lang='lat' dir='ltr'>adiuvabantur</span> <span class='ocrx_word' id='word_1_593' title='bbox 2135 1367 2215 1393; x_wconf 81' lang='lat' dir='ltr'>tunc</span> 
     </span>
     <span class='ocr_line' id='line_1_86' title="bbox 1243 1402 2215 1444; baseline 0.001 -11"><span class='ocrx_word' id='word_1_594' title='bbox 1243 1412 1373 1443; x_wconf 89' lang='lat' dir='ltr'>quoque</span> <span class='ocrx_word' id='word_1_595' title='bbox 1395 1402 1512 1433; x_wconf 87' lang='lat' dir='ltr'>infirmi</span> <span class='ocrx_word' id='word_1_596' title='bbox 1534 1404 1566 1433; x_wconf 90' lang='lat' dir='ltr'>in</span> <span class='ocrx_word' id='word_1_597' title='bbox 1589 1404 1830 1444; x_wconf 87' lang='lat' dir='ltr'>pronuntiando</span> <span class='ocrx_word' id='word_1_598' title='bbox 1866 1402 2076 1434; x_wconf 88' lang='lat' dir='ltr'>confessione</span> <span class='ocrx_word' id='word_1_599' title='bbox 2097 1403 2215 1435; x_wconf 87' lang='lat' dir='ltr'>firmio-</span> 
     </span>
     <span class='ocr_line' id='line_1_87' title="bbox 1243 1443 2215 1487; baseline 0.001 -12"><span class='ocrx_word' id='word_1_600' title='bbox 1243 1456 1324 1481; x_wconf 90' lang='lat' dir='ltr'>rum,</span> <span class='ocrx_word' id='word_1_601' title='bbox 1358 1443 1485 1477; x_wconf 88' lang='lat' dir='ltr'>scilicet</span> <span class='ocrx_word' id='word_1_602' title='bbox 1508 1455 1631 1483; x_wconf 86' lang='lat' dir='ltr'>eorum,</span> <span class='ocrx_word' id='word_1_603' title='bbox 1665 1446 1720 1487; x_wconf 85' lang='lat' dir='ltr'>qui</span> <span class='ocrx_word' id='word_1_604' title='bbox 1748 1445 1932 1486; x_wconf 89' lang='lat' dir='ltr'>Apostolos</span> <span class='ocrx_word' id='word_1_605' title='bbox 1955 1451 2011 1476; x_wconf 89' lang='lat' dir='ltr'>aut</span> <span class='ocrx_word' id='word_1_606' title='bbox 2033 1455 2146 1476; x_wconf 90' lang='lat' dir='ltr'>eorum</span> <span class='ocrx_word' id='word_1_607' title='bbox 2169 1446 2215 1476; x_wconf 90' lang='lat' dir='ltr'>di—</span> 
     </span>
     <span class='ocr_line' id='line_1_88' title="bbox 1244 1485 2215 1528; baseline 0.001 -11"><span class='ocrx_word' id='word_1_608' title='bbox 1244 1485 1390 1527; x_wconf 90' lang='lat' dir='ltr'>scipulos</span> <span class='ocrx_word' id='word_1_609' title='bbox 1413 1487 1587 1517; x_wconf 77' lang='lat' dir='ltr'>andlerant</span> <span class='ocrx_word' id='word_1_610' title='bbox 1609 1493 1641 1518; x_wconf 92' lang='lat' dir='ltr'>et</span> <span class='ocrx_word' id='word_1_611' title='bbox 1664 1497 1748 1528; x_wconf 90' lang='lat' dir='ltr'>quos</span> <span class='ocrx_word' id='word_1_612' title='bbox 1772 1489 1946 1518; x_wconf 86' lang='lat' dir='ltr'>constabat</span> <span class='ocrx_word' id='word_1_613' title='bbox 1973 1486 2077 1518; x_wconf 85' lang='lat' dir='ltr'>fuisse</span> <span class='ocrx_word' id='word_1_614' title='bbox 2099 1487 2215 1518; x_wconf 87' lang='lat' dir='ltr'>fideles</span> 
     </span>
     <span class='ocr_line' id='line_1_89' title="bbox 1244 1529 2215 1571; baseline 0.003 -13"><span class='ocrx_word' id='word_1_615' title='bbox 1244 1529 1399 1559; x_wconf 89' lang='lat' dir='ltr'>custodes</span> <span class='ocrx_word' id='word_1_616' title='bbox 1423 1529 1603 1567; x_wconf 88' lang='lat' dir='ltr'>doctrinae,</span> <span class='ocrx_word' id='word_1_617' title='bbox 1628 1536 1663 1560; x_wconf 91' lang='lat' dir='ltr'>ut</span> <span class='ocrx_word' id='word_1_618' title='bbox 1685 1529 1871 1571; x_wconf 85' lang='lat' dir='ltr'>Polycarpi,</span> <span class='ocrx_word' id='word_1_619' title='bbox 1893 1530 2027 1567; x_wconf 77' lang='lat' dir='ltr'>irenaei,</span> <span class='ocrx_word' id='word_1_620' title='bbox 2063 1529 2215 1571; x_wconf 85' lang='lat' dir='ltr'>Gregorii</span> 
     </span>
     <span class='ocr_line' id='line_1_90' title="bbox 1243 1571 2216 1611; baseline 0.001 -10"><span class='ocrx_word' id='word_1_621' title='bbox 1243 1571 1550 1601; x_wconf 89' lang='lat' dir='ltr'>Neocaesariensis:</span> <span class='ocrx_word' id='word_1_622' title='bbox 1574 1571 1626 1603; x_wconf 93' lang='lat' dir='ltr'>Ab</span> <span class='ocrx_word' id='word_1_623' title='bbox 1649 1571 1701 1603; x_wconf 92' lang='lat' dir='ltr'>his</span> <span class='ocrx_word' id='word_1_624' title='bbox 1724 1573 1925 1602; x_wconf 89' lang='lat' dir='ltr'>recentiores</span> <span class='ocrx_word' id='word_1_625' title='bbox 1948 1572 2118 1602; x_wconf 88' lang='lat' dir='ltr'>audierant</span> <span class='ocrx_word' id='word_1_626' title='bbox 2129 1572 2216 1611; x_wconf 70' lang='grc' dir='ltr'><strong><em>λόγον</em></strong></span> 
     </span>
     <span class='ocr_line' id='line_1_91' title="bbox 1243 1612 2215 1654; baseline 0.001 -11"><span class='ocrx_word' id='word_1_627' title='bbox 1243 1612 1429 1654; x_wconf 86' lang='lat' dir='ltr'>significare</span> <span class='ocrx_word' id='word_1_628' title='bbox 1462 1623 1648 1653; x_wconf 85' lang='lat' dir='ltr'>personam.</span> <span class='ocrx_word' id='word_1_629' title='bbox 1704 1613 1826 1644; x_wconf 86' lang='lat' dir='ltr'>Postea</span> <span class='ocrx_word' id='word_1_630' title='bbox 1859 1614 1920 1654; x_wconf 88' lang='lat' dir='ltr'>ipsi</span> <span class='ocrx_word' id='word_1_631' title='bbox 1955 1612 2085 1646; x_wconf 88' lang='lat' dir='ltr'>collatis</span> <span class='ocrx_word' id='word_1_632' title='bbox 2120 1614 2215 1647; x_wconf 81' lang='lat' dir='ltr'>dictis</span> 
     </span>
     <span class='ocr_line' id='line_1_92' title="bbox 1244 1654 2214 1696; baseline 0 -10"><span class='ocrx_word' id='word_1_633' title='bbox 1244 1654 1415 1696; x_wconf 82' lang='lat' dir='ltr'>Evangelii</span> <span class='ocrx_word' id='word_1_634' title='bbox 1438 1662 1624 1695; x_wconf 89' lang='lat' dir='ltr'>agnoscunt</span> <span class='ocrx_word' id='word_1_635' title='bbox 1645 1655 1730 1686; x_wconf 90' lang='lat' dir='ltr'>hanc</span> <span class='ocrx_word' id='word_1_636' title='bbox 1753 1657 1894 1686; x_wconf 88' lang='lat' dir='ltr'>nativam</span> <span class='ocrx_word' id='word_1_637' title='bbox 1917 1665 1992 1686; x_wconf 91' lang='lat' dir='ltr'>esse</span> <span class='ocrx_word' id='word_1_638' title='bbox 2010 1656 2214 1694; x_wconf 88' lang='lat' dir='ltr'>sententiam,</span> 
     </span>
     <span class='ocr_line' id='line_1_93' title="bbox 1244 1696 2215 1739; baseline 0.001 -11"><span class='ocrx_word' id='word_1_639' title='bbox 1244 1708 1341 1738; x_wconf 90' lang='lat' dir='ltr'>quam</span> <span class='ocrx_word' id='word_1_640' title='bbox 1375 1698 1416 1728; x_wconf 89' lang='lat' dir='ltr'>ab</span> <span class='ocrx_word' id='word_1_641' title='bbox 1451 1697 1515 1728; x_wconf 90' lang='lat' dir='ltr'>illis</span> <span class='ocrx_word' id='word_1_642' title='bbox 1545 1699 1725 1729; x_wconf 87' lang='lat' dir='ltr'>audierant.</span> <span class='ocrx_word' id='word_1_643' title='bbox 1770 1697 1879 1739; x_wconf 87' lang='lat' dir='ltr'>Aliqui</span> <span class='ocrx_word' id='word_1_644' title='bbox 1901 1698 1998 1729; x_wconf 89' lang='lat' dir='ltr'>etiam</span> <span class='ocrx_word' id='word_1_645' title='bbox 2020 1708 2086 1729; x_wconf 89' lang='lat' dir='ltr'>non</span> <span class='ocrx_word' id='word_1_646' title='bbox 2109 1696 2215 1729; x_wconf 83' lang='lat' dir='ltr'>solum</span> 
     </span>
     <span class='ocr_line' id='line_1_94' title="bbox 1245 1739 2216 1781; baseline 0 -11"><span class='ocrx_word' id='word_1_647' title='bbox 1245 1741 1374 1771; x_wconf 87' lang='lat' dir='ltr'>discunt</span> <span class='ocrx_word' id='word_1_648' title='bbox 1396 1750 1416 1770; x_wconf 88' lang='lat' dir='ltr'>a</span> <span class='ocrx_word' id='word_1_649' title='bbox 1439 1741 1618 1781; x_wconf 80' lang='lat' dir='ltr'>prioribus,</span> <span class='ocrx_word' id='word_1_650' title='bbox 1654 1741 1714 1771; x_wconf 91' lang='lat' dir='ltr'>sed</span> <span class='ocrx_word' id='word_1_651' title='bbox 1737 1741 1832 1771; x_wconf 88' lang='lat' dir='ltr'>etiam</span> <span class='ocrx_word' id='word_1_652' title='bbox 1855 1746 2009 1781; x_wconf 86' lang='lat' dir='ltr'>tanquam</span> <span class='ocrx_word' id='word_1_653' title='bbox 2027 1750 2048 1770; x_wconf 94' lang='lat' dir='ltr'>a</span> <span class='ocrx_word' id='word_1_654' title='bbox 2068 1739 2216 1770; x_wconf 87' lang='lat' dir='ltr'>firmiori-</span> 
     </span>
     <span class='ocr_line' id='line_1_95' title="bbox 1245 1780 2214 1814; baseline -0.001 -1"><span class='ocrx_word' id='word_1_655' title='bbox 1245 1783 1306 1813; x_wconf 92' lang='lat' dir='ltr'>bus</span> <span class='ocrx_word' id='word_1_656' title='bbox 1331 1782 1575 1813; x_wconf 85' lang='lat' dir='ltr'>confirmantur.</span> <span class='ocrx_word' id='word_1_657' title='bbox 1621 1783 1668 1814; x_wconf 90' lang='lat' dir='ltr'>Ita</span> <span class='ocrx_word' id='word_1_658' title='bbox 1691 1782 1809 1813; x_wconf 84' lang='lat' dir='ltr'>Petms</span> <span class='ocrx_word' id='word_1_659' title='bbox 1828 1782 2072 1813; x_wconf 85' lang='lat' dir='ltr'>Alexandrinus</span> <span class='ocrx_word' id='word_1_660' title='bbox 2094 1780 2214 1813; x_wconf 83' lang='lat' dir='ltr'>refuta·</span> 
     </span>
     <span class='ocr_line' id='line_1_96' title="bbox 1244 1823 2215 1865; baseline 0 -11"><span class='ocrx_word' id='word_1_661' title='bbox 1244 1825 1298 1855; x_wconf 90' lang='lat' dir='ltr'>bat</span> <span class='ocrx_word' id='word_1_662' title='bbox 1319 1823 1501 1862; x_wconf 86' lang='lat' dir='ltr'>Meletium,</span> <span class='ocrx_word' id='word_1_663' title='bbox 1526 1826 1647 1856; x_wconf 85' lang='lat' dir='ltr'>citabat</span> <span class='ocrx_word' id='word_1_664' title='bbox 1668 1823 1901 1865; x_wconf 84' lang='lat' dir='ltr'>Evangelium,</span> <span class='ocrx_word' id='word_1_665' title='bbox 1929 1824 2017 1865; x_wconf 90' lang='lat' dir='ltr'>quod</span> <span class='ocrx_word' id='word_1_666' title='bbox 2040 1824 2121 1854; x_wconf 89' lang='lat' dir='ltr'>satis</span> <span class='ocrx_word' id='word_1_667' title='bbox 2141 1833 2215 1864; x_wconf 90' lang='lat' dir='ltr'>per-</span> 
     </span>
     <span class='ocr_line' id='line_1_97' title="bbox 1245 1866 2216 1907; baseline -0.001 -10"><span class='ocrx_word' id='word_1_668' title='bbox 1245 1868 1359 1907; x_wconf 89' lang='lat' dir='ltr'>spicue</span> <span class='ocrx_word' id='word_1_669' title='bbox 1382 1867 1477 1897; x_wconf 86' lang='lat' dir='ltr'>docet</span> <span class='ocrx_word' id='word_1_670' title='bbox 1501 1867 1707 1907; x_wconf 88' lang='lat' dir='ltr'>recipiendos</span> <span class='ocrx_word' id='word_1_671' title='bbox 1731 1876 1807 1898; x_wconf 84' lang='lat' dir='ltr'>esse</span> <span class='ocrx_word' id='word_1_672' title='bbox 1818 1866 1942 1907; x_wconf 84' lang='lat' dir='ltr'>lapsos,</span> <span class='ocrx_word' id='word_1_673' title='bbox 1966 1867 2021 1907; x_wconf 90' lang='lat' dir='ltr'>qui</span> <span class='ocrx_word' id='word_1_674' title='bbox 2043 1866 2216 1896; x_wconf 87' lang='lat' dir='ltr'>emendan-</span> 
     </span>
     <span class='ocr_line' id='line_1_98' title="bbox 1245 1906 2213 1949; baseline -0.001 -10"><span class='ocrx_word' id='word_1_675' title='bbox 1245 1915 1313 1945; x_wconf 77' lang='lat' dir='ltr'>tur,</span> <span class='ocrx_word' id='word_1_676' title='bbox 1338 1908 1405 1940; x_wconf 88' lang='lat' dir='ltr'>Sed</span> <span class='ocrx_word' id='word_1_677' title='bbox 1426 1908 1523 1940; x_wconf 90' lang='lat' dir='ltr'>simul</span> <span class='ocrx_word' id='word_1_678' title='bbox 1546 1910 1762 1940; x_wconf 88' lang='lat' dir='ltr'>adiuvabatur</span> <span class='ocrx_word' id='word_1_679' title='bbox 1785 1908 1941 1949; x_wconf 88' lang='lat' dir='ltr'>exemplis</span> <span class='ocrx_word' id='word_1_680' title='bbox 1964 1908 2084 1948; x_wconf 89' lang='lat' dir='ltr'>prioris</span> <span class='ocrx_word' id='word_1_681' title='bbox 2102 1906 2213 1939; x_wconf 82' lang='lat' dir='ltr'>Eccle-</span> 
     </span>
     <span class='ocr_line' id='line_1_99' title="bbox 1245 1950 2011 1992; baseline -0.003 -11"><span class='ocrx_word' id='word_1_682' title='bbox 1245 1952 1324 1987; x_wconf 86' lang='lat' dir='ltr'>siae,</span> <span class='ocrx_word' id='word_1_683' title='bbox 1349 1961 1433 1992; x_wconf 89' lang='lat' dir='ltr'>quae</span> <span class='ocrx_word' id='word_1_684' title='bbox 1455 1961 1586 1991; x_wconf 89' lang='lat' dir='ltr'>semper</span> <span class='ocrx_word' id='word_1_685' title='bbox 1608 1958 1683 1982; x_wconf 79' lang='lat' dir='ltr'>ante</span> <span class='ocrx_word' id='word_1_686' title='bbox 1695 1950 1808 1990; x_wconf 88' lang='lat' dir='ltr'>lapsos</span> <span class='ocrx_word' id='word_1_687' title='bbox 1832 1956 2011 1991; x_wconf 86' lang='lat' dir='ltr'>receperat.</span> 
     </span>
    </p>

    <p class='ocr_par' dir='ltr' id='par_1_13' title="bbox 1244 1990 2217 2367">
     <span class='ocr_line' id='line_1_100' title="bbox 1308 1990 2215 2033; baseline 0 -11"><span class='ocrx_word' id='word_1_688' title='bbox 1308 1993 1355 2023; x_wconf 85' lang='lat' dir='ltr'>lta</span> <span class='ocrx_word' id='word_1_689' title='bbox 1378 2002 1439 2022; x_wconf 90' lang='lat' dir='ltr'>nos</span> <span class='ocrx_word' id='word_1_690' title='bbox 1463 1995 1711 2033; x_wconf 88' lang='lat' dir='ltr'>pronuntiamus</span> <span class='ocrx_word' id='word_1_691' title='bbox 1730 1993 1770 2023; x_wconf 86' lang='lat' dir='ltr'>de</span> <span class='ocrx_word' id='word_1_692' title='bbox 1789 1993 1956 2033; x_wconf 83' lang='lat' dir='ltr'>Baptismo</span> <span class='ocrx_word' id='word_1_693' title='bbox 1970 1990 2215 2029; x_wconf 66' lang='lat' dir='ltr'>Infandum-³⁹2)</span> 
     </span>
     <span class='ocr_line' id='line_1_101' title="bbox 1245 2032 2217 2074; baseline -0.001 -9"><span class='ocrx_word' id='word_1_694' title='bbox 1245 2035 1411 2065; x_wconf 89' lang='lat' dir='ltr'>Habemus</span> <span class='ocrx_word' id='word_1_695' title='bbox 1446 2036 1631 2066; x_wconf 89' lang='lat' dir='ltr'>testimonia</span> <span class='ocrx_word' id='word_1_696' title='bbox 1660 2036 1691 2066; x_wconf 93' lang='lat' dir='ltr'>in</span> <span class='ocrx_word' id='word_1_697' title='bbox 1714 2036 1885 2074; x_wconf 88' lang='lat' dir='ltr'>scripturis</span> <span class='ocrx_word' id='word_1_698' title='bbox 1909 2032 2100 2071; x_wconf 84' lang='lat' dir='ltr'>manifesta,</span> <span class='ocrx_word' id='word_1_699' title='bbox 2133 2043 2217 2074; x_wconf 85' lang='lat' dir='ltr'>quae</span> 
     </span>
     <span class='ocr_line' id='line_1_102' title="bbox 1244 2075 2217 2117; baseline -0.002 -9"><span class='ocrx_word' id='word_1_700' title='bbox 1244 2076 1407 2108; x_wconf 87' lang='lat' dir='ltr'>affirmant</span> <span class='ocrx_word' id='word_1_701' title='bbox 1431 2083 1523 2108; x_wconf 87' lang='lat' dir='ltr'>extra</span> <span class='ocrx_word' id='word_1_702' title='bbox 1545 2076 1730 2109; x_wconf 86' lang='lat' dir='ltr'>Ecclesiam</span> <span class='ocrx_word' id='word_1_703' title='bbox 1753 2087 1818 2107; x_wconf 90' lang='lat' dir='ltr'>non</span> <span class='ocrx_word' id='word_1_704' title='bbox 1841 2087 1917 2108; x_wconf 90' lang='lat' dir='ltr'>esse</span> <span class='ocrx_word' id='word_1_705' title='bbox 1940 2075 2093 2107; x_wconf 85' lang='lat' dir='ltr'>salutem:</span> <span class='ocrx_word' id='word_1_706' title='bbox 2126 2076 2217 2117; x_wconf 86' lang='lat' dir='ltr'>Ergo</span> 
     </span>
     <span class='ocr_line' id='line_1_103' title="bbox 1245 2118 2217 2158; baseline 0 -9"><span class='ocrx_word' id='word_1_707' title='bbox 1245 2120 1416 2149; x_wconf 86' lang='lat' dir='ltr'>inserimus</span> <span class='ocrx_word' id='word_1_708' title='bbox 1451 2118 1623 2151; x_wconf 87' lang='lat' dir='ltr'>Ecclesiae</span> <span class='ocrx_word' id='word_1_709' title='bbox 1657 2118 1808 2150; x_wconf 83' lang='lat' dir='ltr'>infantes.</span> <span class='ocrx_word' id='word_1_710' title='bbox 1868 2119 1996 2149; x_wconf 88' lang='lat' dir='ltr'>Deinde</span> <span class='ocrx_word' id='word_1_711' title='bbox 2029 2124 2062 2149; x_wconf 91' lang='lat' dir='ltr'>et</span> <span class='ocrx_word' id='word_1_712' title='bbox 2094 2119 2217 2158; x_wconf 84' lang='lat' dir='ltr'>primae</span> 
     </span>
     <span class='ocr_line' id='line_1_104' title="bbox 1245 2159 2217 2193; baseline -0.002 -1"><span class='ocrx_word' id='word_1_713' title='bbox 1245 2159 1416 2192; x_wconf 86' lang='lat' dir='ltr'>Ecclesiae</span> <span class='ocrx_word' id='word_1_714' title='bbox 1449 2162 1643 2193; x_wconf 88' lang='lat' dir='ltr'>testimoniis</span> <span class='ocrx_word' id='word_1_715' title='bbox 1676 2163 1834 2193; x_wconf 88' lang='lat' dir='ltr'>iuvamur.</span> <span class='ocrx_word' id='word_1_716' title='bbox 1880 2160 1929 2191; x_wconf 88' lang='lat' dir='ltr'>lta</span> <span class='ocrx_word' id='word_1_717' title='bbox 1949 2161 2047 2191; x_wconf 85' lang='lat' dir='ltr'>iudex</span> <span class='ocrx_word' id='word_1_718' title='bbox 2070 2165 2121 2191; x_wconf 86' lang='lat' dir='ltr'>est</span> <span class='ocrx_word' id='word_1_719' title='bbox 2143 2170 2217 2191; x_wconf 87' lang='lat' dir='ltr'>ver-</span> 
     </span>
     <span class='ocr_line' id='line_1_105' title="bbox 1246 2201 2216 2245; baseline -0.002 -11"><span class='ocrx_word' id='word_1_720' title='bbox 1246 2205 1319 2234; x_wconf 91' lang='lat' dir='ltr'>bum</span> <span class='ocrx_word' id='word_1_721' title='bbox 1339 2203 1418 2240; x_wconf 86' lang='lat' dir='ltr'>Dei,</span> <span class='ocrx_word' id='word_1_722' title='bbox 1442 2209 1473 2234; x_wconf 90' lang='lat' dir='ltr'>et</span> <span class='ocrx_word' id='word_1_723' title='bbox 1505 2205 1634 2235; x_wconf 87' lang='lat' dir='ltr'>accedit</span> <span class='ocrx_word' id='word_1_724' title='bbox 1667 2213 1768 2245; x_wconf 89' lang='lat' dir='ltr'>purae</span> <span class='ocrx_word' id='word_1_725' title='bbox 1801 2203 2003 2244; x_wconf 88' lang='lat' dir='ltr'>antiquitatis</span> <span class='ocrx_word' id='word_1_726' title='bbox 2037 2201 2216 2235; x_wconf 82' lang='lat' dir='ltr'>consessio.</span> 
     </span>
     <span class='ocr_line' id='line_1_106' title="bbox 1244 2245 2217 2277; baseline 0 -2"><span class='ocrx_word' id='word_1_727' title='bbox 1244 2245 1323 2276; x_wconf 90' lang='lat' dir='ltr'>Vult</span> <span class='ocrx_word' id='word_1_728' title='bbox 1358 2246 1441 2276; x_wconf 89' lang='lat' dir='ltr'>enim</span> <span class='ocrx_word' id='word_1_729' title='bbox 1464 2245 1556 2276; x_wconf 84' lang='lat' dir='ltr'>Deus</span> <span class='ocrx_word' id='word_1_730' title='bbox 1590 2247 1622 2277; x_wconf 90' lang='lat' dir='ltr'>in</span> <span class='ocrx_word' id='word_1_731' title='bbox 1645 2245 1797 2277; x_wconf 86' lang='lat' dir='ltr'>Ecclesia</span> <span class='ocrx_word' id='word_1_732' title='bbox 1831 2255 1906 2276; x_wconf 89' lang='lat' dir='ltr'>esse</span> <span class='ocrx_word' id='word_1_733' title='bbox 1928 2245 2139 2276; x_wconf 89' lang='lat' dir='ltr'>ministerium</span> <span class='ocrx_word' id='word_1_734' title='bbox 2160 2254 2217 2275; x_wconf 87' lang='lat' dir='ltr'>vo-</span> 
     </span>
     <span class='ocr_line' id='line_1_107' title="bbox 1246 2286 2216 2325; baseline -0.002 -6"><span class='ocrx_word' id='word_1_735' title='bbox 1246 2288 1305 2319; x_wconf 90' lang='lat' dir='ltr'>cis.</span> <span class='ocrx_word' id='word_1_736' title='bbox 1352 2287 1464 2322; x_wconf 86' lang='lat' dir='ltr'>Quare</span> <span class='ocrx_word' id='word_1_737' title='bbox 1487 2289 1648 2319; x_wconf 87' lang='lat' dir='ltr'>audienda</span> <span class='ocrx_word' id='word_1_738' title='bbox 1671 2295 1722 2320; x_wconf 87' lang='lat' dir='ltr'>est</span> <span class='ocrx_word' id='word_1_739' title='bbox 1744 2286 1897 2319; x_wconf 88' lang='lat' dir='ltr'>Ecclesia</span> <span class='ocrx_word' id='word_1_740' title='bbox 1918 2293 1953 2318; x_wconf 89' lang='lat' dir='ltr'>ut</span> <span class='ocrx_word' id='word_1_741' title='bbox 1977 2287 2122 2325; x_wconf 84' lang='lat' dir='ltr'>doctrix,</span> <span class='ocrx_word' id='word_1_742' title='bbox 2157 2286 2216 2317; x_wconf 90' lang='lat' dir='ltr'>sed</span> 
     </span>
     <span class='ocr_line' id='line_1_108' title="bbox 1246 2329 2217 2367; baseline 0 -8"><span class='ocrx_word' id='word_1_743' title='bbox 1246 2329 1341 2360; x_wconf 85' lang='lat' dir='ltr'>Fides</span> <span class='ocrx_word' id='word_1_744' title='bbox 1364 2336 1394 2360; x_wconf 86' lang='lat' dir='ltr'>et</span> <span class='ocrx_word' id='word_1_745' title='bbox 1418 2329 1583 2361; x_wconf 85' lang='lat' dir='ltr'>lnvocatio</span> <span class='ocrx_word' id='word_1_746' title='bbox 1606 2332 1750 2362; x_wconf 88' lang='lat' dir='ltr'>nituntur</span> <span class='ocrx_word' id='word_1_747' title='bbox 1772 2331 1873 2361; x_wconf 88' lang='lat' dir='ltr'>verbo</span> <span class='ocrx_word' id='word_1_748' title='bbox 1891 2329 1964 2367; x_wconf 87' lang='lat' dir='ltr'>Dei,</span> <span class='ocrx_word' id='word_1_749' title='bbox 1986 2339 2052 2360; x_wconf 90' lang='lat' dir='ltr'>non</span> <span class='ocrx_word' id='word_1_750' title='bbox 2074 2329 2217 2360; x_wconf 83' lang='lat' dir='ltr'>humana</span> 
     </span>
    </p>
   </div>
   <div class='ocr_carea' id='block_1_10' title="bbox 1248 2459 1945 2489">
    <p class='ocr_par' dir='ltr' id='par_1_14' title="bbox 1248 2459 1945 2489">
     <span class='ocr_line' id='line_1_109' title="bbox 1248 2459 1945 2489; baseline -0.001 -7"><span class='ocrx_word' id='word_1_751' title='bbox 1248 2459 1293 2488; x_wconf 84' lang='grc'>89)</span> <span class='ocrx_word' id='word_1_752' title='bbox 1329 2459 1443 2489; x_wconf 75' lang='lat' dir='ltr'>tandem]</span> <span class='ocrx_word' id='word_1_753' title='bbox 1461 2459 1532 2484; x_wconf 85' lang='lat' dir='ltr'>Editt.</span> <span class='ocrx_word' id='word_1_754' title='bbox 1552 2459 1591 2483; x_wconf 80' lang='lat'>20.</span> <span class='ocrx_word' id='word_1_755' title='bbox 1610 2459 1649 2482; x_wconf 88' lang='lat'>25.</span> <span class='ocrx_word' id='word_1_756' title='bbox 1670 2463 1756 2483; x_wconf 83' lang='lat' dir='ltr'>errore</span> <span class='ocrx_word' id='word_1_757' title='bbox 1776 2460 1840 2488; x_wconf 78' lang='lat' dir='ltr'>typ.:</span> <span class='ocrx_word' id='word_1_758' title='bbox 1860 2459 1945 2481; x_wconf 77' lang='lat' dir='ltr'>tamen</span> 
     </span>
    </p>
   </div>
   <div class='ocr_carea' id='block_1_11' title="bbox 236 2501 1944 2545">
    <p class='ocr_par' dir='ltr' id='par_1_15' title="bbox 236 2501 1944 2545">
     <span class='ocr_line' id='line_1_110' title="bbox 236 2501 1944 2545; baseline -0.003 -9"><span class='ocrx_word' id='word_1_759' title='bbox 236 2516 344 2536; x_wconf 83' lang='lat' dir='ltr'>tamen</span> <span class='ocrx_word' id='word_1_760' title='bbox 379 2504 569 2545; x_wconf 85' lang='lat' dir='ltr'>plerumque</span> <span class='ocrx_word' id='word_1_761' title='bbox 603 2502 712 2544; x_wconf 82' lang='lat' dir='ltr'>plures</span> <span class='ocrx_word' id='word_1_762' title='bbox 735 2510 810 2534; x_wconf 86' lang='lat' dir='ltr'>sunt</span> <span class='ocrx_word' id='word_1_763' title='bbox 835 2501 887 2533; x_wconf 77' lang='lat' dir='ltr'>vel</span> <span class='ocrx_word' id='word_1_764' title='bbox 910 2501 1017 2543; x_wconf 87' lang='lat' dir='ltr'>palam</span> <span class='ocrx_word' id='word_1_765' title='bbox 1042 2501 1204 2532; x_wconf 87' lang='lat' dir='ltr'>contradi·</span> <span class='ocrx_word' id='word_1_766' title='bbox 1248 2509 1306 2537; x_wconf 69' lang='lat'>89⁵]</span> <span class='ocrx_word' id='word_1_767' title='bbox 1326 2509 1482 2539; x_wconf 58' lang='lat' dir='ltr'>[orantium]</span> <span class='ocrx_word' id='word_1_768' title='bbox 1501 2509 1572 2535; x_wconf 68' lang='lat' dir='ltr'>Editt-</span> <span class='ocrx_word' id='word_1_769' title='bbox 1593 2510 1616 2532; x_wconf 83' lang='lat'>2.</span> <span class='ocrx_word' id='word_1_770' title='bbox 1636 2510 1726 2532; x_wconf 78' lang='lat'>4-14.</span> <span class='ocrx_word' id='word_1_771' title='bbox 1752 2508 1788 2531; x_wconf 80' lang='lat'>19.</span> <span class='ocrx_word' id='word_1_772' title='bbox 1809 2507 1944 2533; x_wconf 79' lang='lat' dir='ltr'>intantum.</span> 
     </span>
    </p>
   </div>
  </div>
 </body>
</html>
