<?xml version="1.0" encoding="UTF-8"?>
<!DOCTYPE html PUBLIC "-//W3C//DTD XHTML 1.0 Transitional//EN"
    "http://www.w3.org/TR/xhtml1/DTD/xhtml1-transitional.dtd">
<html xmlns="http://www.w3.org/1999/xhtml" xml:lang="en" lang="en">
 <head>
  <title>
</title>
<meta http-equiv="Content-Type" content="text/html;charset=utf-8" />
  <meta name='ocr-system' content='tesseract 3.04.00' />
  <meta name='ocr-capabilities' content='ocr_page ocr_carea ocr_par ocr_line ocrx_word'/>
</head>
<body>
  <div class='ocr_page' id='page_1' title='image "./operaquaesupersu21melauoft_0390.png"; bbox 0 0 2358 2933; ppageno 0'>
   <div class='ocr_carea' id='block_1_1' title="bbox 292 104 352 133">
    <p class='ocr_par' dir='ltr' id='par_1_1' title="bbox 292 104 352 133">
     <span class='ocr_line' id='line_1_1' title="bbox 292 104 352 133; baseline 0 -1"><span class='ocrx_word' id='word_1_1' title='bbox 292 104 352 133; x_wconf 66' lang='lat'>751</span> 
     </span>
    </p>
   </div>
   <div class='ocr_carea' id='block_1_2' title="bbox 290 198 1263 987">
    <p class='ocr_par' dir='ltr' id='par_1_2' title="bbox 290 198 1263 987">
     <span class='ocr_line' id='line_1_2' title="bbox 293 198 1263 241; baseline 0.005 -14"><span class='ocrx_word' id='word_1_2' title='bbox 293 198 342 227; x_wconf 85' lang='lat' dir='ltr'>bis</span> <span class='ocrx_word' id='word_1_3' title='bbox 367 198 555 237; x_wconf 76' lang='lat' dir='ltr'>proposito.</span> <span class='ocrx_word' id='word_1_4' title='bbox 589 207 618 227; x_wconf 81' lang='lat' dir='ltr'>et</span> <span class='ocrx_word' id='word_1_5' title='bbox 644 198 772 238; x_wconf 87' lang='lat' dir='ltr'>quidem</span> <span class='ocrx_word' id='word_1_6' title='bbox 800 200 1007 237; x_wconf 72' lang='lat' dir='ltr'>promissioni</span> <span class='ocrx_word' id='word_1_7' title='bbox 1031 203 1192 241; x_wconf 76' lang='lat' dir='ltr'>gratuitae</span> <span class='ocrx_word' id='word_1_8' title='bbox 1216 213 1263 232; x_wconf 94' lang='lat' dir='ltr'>re-</span> 
     </span>
     <span class='ocr_line' id='line_1_3' title="bbox 293 238 1262 281; baseline 0.004 -11"><span class='ocrx_word' id='word_1_9' title='bbox 293 238 531 270; x_wconf 66' lang='lat' dir='ltr'>conciliationis</span> <span class='ocrx_word' id='word_1_10' title='bbox 567 240 705 269; x_wconf 75' lang='lat' dir='ltr'>donatae</span> <span class='ocrx_word' id='word_1_11' title='bbox 740 248 869 281; x_wconf 84' lang='lat' dir='ltr'>propter</span> <span class='ocrx_word' id='word_1_12' title='bbox 903 242 1070 274; x_wconf 76' lang='lat' dir='ltr'>Christum</span> <span class='ocrx_word' id='word_1_13' title='bbox 1105 243 1262 274; x_wconf 83' lang='lat' dir='ltr'>Mediato-</span> 
     </span>
     <span class='ocr_line' id='line_1_4' title="bbox 293 281 1263 325; baseline 0.005 -14"><span class='ocrx_word' id='word_1_14' title='bbox 293 292 375 311; x_wconf 83' lang='lat' dir='ltr'>rem:</span> <span class='ocrx_word' id='word_1_15' title='bbox 423 281 545 321; x_wconf 72' lang='lat' dir='ltr'>Estque</span> <span class='ocrx_word' id='word_1_16' title='bbox 575 282 691 311; x_wconf 74' lang='lat' dir='ltr'>fiducia</span> <span class='ocrx_word' id='word_1_17' title='bbox 722 283 965 315; x_wconf 73' lang='lat' dir='ltr'>misericordiae</span> <span class='ocrx_word' id='word_1_18' title='bbox 989 285 1050 315; x_wconf 93' lang='lat' dir='ltr'>Dei</span> <span class='ocrx_word' id='word_1_19' title='bbox 1081 287 1263 325; x_wconf 88' lang='lat' dir='ltr'>promissae</span> 
     </span>
     <span class='ocr_line' id='line_1_5' title="bbox 293 322 1263 363; baseline 0.007 -12"><span class='ocrx_word' id='word_1_20' title='bbox 293 332 426 363; x_wconf 77' lang='lat' dir='ltr'>propter</span> <span class='ocrx_word' id='word_1_21' title='bbox 460 323 623 353; x_wconf 80' lang='lat' dir='ltr'>Christum</span> <span class='ocrx_word' id='word_1_22' title='bbox 657 322 880 355; x_wconf 83' lang='lat' dir='ltr'>Mediatorem.</span> <span class='ocrx_word' id='word_1_23' title='bbox 942 326 1024 357; x_wconf 89' lang='lat' dir='ltr'>Nam</span> <span class='ocrx_word' id='word_1_24' title='bbox 1061 327 1177 358; x_wconf 80' lang='lat' dir='ltr'>fiducia</span> <span class='ocrx_word' id='word_1_25' title='bbox 1212 334 1263 358; x_wconf 85' lang='lat' dir='ltr'>est</span> 
     </span>
     <span class='ocr_line' id='line_1_6' title="bbox 291 364 1261 409; baseline 0.005 -14"><span class='ocrx_word' id='word_1_26' title='bbox 291 373 399 395; x_wconf 77' lang='lat' dir='ltr'>motus</span> <span class='ocrx_word' id='word_1_27' title='bbox 429 366 458 394; x_wconf 90' lang='lat' dir='ltr'>in</span> <span class='ocrx_word' id='word_1_28' title='bbox 490 364 673 402; x_wconf 71' lang='lat' dir='ltr'>voluntate,</span> <span class='ocrx_word' id='word_1_29' title='bbox 707 368 894 397; x_wconf 86' lang='lat' dir='ltr'>necessario</span> <span class='ocrx_word' id='word_1_30' title='bbox 924 370 1127 409; x_wconf 82' lang='lat' dir='ltr'>respondens</span> <span class='ocrx_word' id='word_1_31' title='bbox 1149 380 1261 400; x_wconf 86' lang='lat' dir='ltr'>assen-</span> 
     </span>
     <span class='ocr_line' id='line_1_7' title="bbox 291 406 1261 452; baseline 0.007 -17"><span class='ocrx_word' id='word_1_32' title='bbox 291 408 385 437; x_wconf 72' lang='lat' dir='ltr'>sioni.</span> <span class='ocrx_word' id='word_1_33' title='bbox 432 406 555 447; x_wconf 80' lang='lat' dir='ltr'>Estque</span> <span class='ocrx_word' id='word_1_34' title='bbox 580 407 675 438; x_wconf 79' lang='lat' dir='ltr'>Fides</span> <span class='ocrx_word' id='word_1_35' title='bbox 707 409 809 439; x_wconf 72' lang='lat' dir='ltr'>virtus</span> <span class='ocrx_word' id='word_1_36' title='bbox 832 409 1082 449; x_wconf 87' lang='lat' dir='ltr'>apprehendens</span> <span class='ocrx_word' id='word_1_37' title='bbox 1106 417 1136 441; x_wconf 90' lang='lat' dir='ltr'>et</span> <span class='ocrx_word' id='word_1_38' title='bbox 1159 411 1261 452; x_wconf 88' lang='lat' dir='ltr'>appli-</span> 
     </span>
     <span class='ocr_line' id='line_1_8' title="bbox 291 450 1260 491; baseline 0.005 -12"><span class='ocrx_word' id='word_1_39' title='bbox 291 460 371 479; x_wconf 75' lang='lat' dir='ltr'>cans</span> <span class='ocrx_word' id='word_1_40' title='bbox 406 450 642 489; x_wconf 81' lang='lat' dir='ltr'>promissiones</span> <span class='ocrx_word' id='word_1_41' title='bbox 673 456 702 480; x_wconf 91' lang='lat' dir='ltr'>et</span> <span class='ocrx_word' id='word_1_42' title='bbox 727 452 874 491; x_wconf 81' lang='lat' dir='ltr'>quietatis</span> <span class='ocrx_word' id='word_1_43' title='bbox 909 453 1027 489; x_wconf 82' lang='lat' dir='ltr'>eorda,</span> <span class='ocrx_word' id='word_1_44' title='bbox 1061 454 1146 484; x_wconf 87' lang='lat' dir='ltr'>sieut</span> <span class='ocrx_word' id='word_1_45' title='bbox 1181 454 1260 484; x_wconf 86' lang='lat' dir='ltr'>satis</span> 
     </span>
     <span class='ocr_line' id='line_1_9' title="bbox 291 491 1260 536; baseline 0.006 -16"><span class='ocrx_word' id='word_1_46' title='bbox 291 492 463 531; x_wconf 73' lang='lat' dir='ltr'>perspicue</span> <span class='ocrx_word' id='word_1_47' title='bbox 497 492 615 522; x_wconf 73' lang='lat' dir='ltr'>docent</span> <span class='ocrx_word' id='word_1_48' title='bbox 638 491 721 523; x_wconf 89' lang='lat' dir='ltr'>haec</span> <span class='ocrx_word' id='word_1_49' title='bbox 751 495 866 524; x_wconf 70' lang='lat' dir='ltr'>verba:</span> <span class='ocrx_word' id='word_1_50' title='bbox 912 494 1078 526; x_wconf 82' lang='lat' dir='ltr'>lustificati</span> <span class='ocrx_word' id='word_1_51' title='bbox 1110 496 1172 526; x_wconf 79' lang='lat' dir='ltr'>fide</span> <span class='ocrx_word' id='word_1_52' title='bbox 1206 507 1260 536; x_wconf 85' lang='lat' dir='ltr'>pa-</span> 
     </span>
     <span class='ocr_line' id='line_1_10' title="bbox 291 533 1260 578; baseline 0.005 -15"><span class='ocrx_word' id='word_1_53' title='bbox 291 544 361 563; x_wconf 78' lang='lat' dir='ltr'>rem</span> <span class='ocrx_word' id='word_1_54' title='bbox 385 533 542 564; x_wconf 87' lang='lat' dir='ltr'>habemus</span> <span class='ocrx_word' id='word_1_55' title='bbox 567 544 645 575; x_wconf 88' lang='lat' dir='ltr'>erga</span> <span class='ocrx_word' id='word_1_56' title='bbox 668 533 774 565; x_wconf 91' lang='lat' dir='ltr'>Deum</span> <span class='ocrx_word' id='word_1_57' title='bbox 798 546 855 575; x_wconf 89' lang='lat' dir='ltr'>per</span> <span class='ocrx_word' id='word_1_58' title='bbox 879 536 1061 574; x_wconf 88' lang='lat' dir='ltr'>Christum,</span> <span class='ocrx_word' id='word_1_59' title='bbox 1084 548 1142 578; x_wconf 91' lang='lat' dir='ltr'>per</span> <span class='ocrx_word' id='word_1_60' title='bbox 1165 548 1260 578; x_wconf 89' lang='lat' dir='ltr'>quem</span> 
     </span>
     <span class='ocr_line' id='line_1_11' title="bbox 291 575 1260 619; baseline 0.005 -14"><span class='ocrx_word' id='word_1_61' title='bbox 291 582 319 606; x_wconf 88' lang='lat' dir='ltr'>et</span> <span class='ocrx_word' id='word_1_62' title='bbox 356 586 528 606; x_wconf 80' lang='lat' dir='ltr'>accessum</span> <span class='ocrx_word' id='word_1_63' title='bbox 557 575 714 607; x_wconf 81' lang='lat' dir='ltr'>habemus</span> <span class='ocrx_word' id='word_1_64' title='bbox 738 577 801 608; x_wconf 86' lang='lat' dir='ltr'>tide</span> <span class='ocrx_word' id='word_1_65' title='bbox 824 579 854 608; x_wconf 90' lang='lat' dir='ltr'>iu</span> <span class='ocrx_word' id='word_1_66' title='bbox 878 580 1016 619; x_wconf 78' lang='lat' dir='ltr'>gratiam</span> <span class='ocrx_word' id='word_1_67' title='bbox 1038 579 1133 610; x_wconf 84' lang='lat' dir='ltr'>hanc.</span> <span class='ocrx_word' id='word_1_68' title='bbox 1179 580 1260 611; x_wconf 78' lang='lat' dir='ltr'>Cum</span> 
     </span>
     <span class='ocr_line' id='line_1_12' title="bbox 290 619 1260 661; baseline 0.005 -14"><span class='ocrx_word' id='word_1_69' title='bbox 290 625 397 648; x_wconf 90' lang='lat' dir='ltr'>autem</span> <span class='ocrx_word' id='word_1_70' title='bbox 423 619 558 649; x_wconf 81' lang='lat' dir='ltr'>dicimus</span> <span class='ocrx_word' id='word_1_71' title='bbox 583 620 622 649; x_wconf 92' lang='lat' dir='ltr'>de</span> <span class='ocrx_word' id='word_1_72' title='bbox 645 629 786 650; x_wconf 87' lang='lat' dir='ltr'>assensu</span> <span class='ocrx_word' id='word_1_73' title='bbox 809 622 1051 660; x_wconf 67' lang='lat' dir='ltr'>promissionis,</span> <span class='ocrx_word' id='word_1_74' title='bbox 1075 621 1260 661; x_wconf 73' lang='lat' dir='ltr'>complecti-</span> 
     </span>
     <span class='ocr_line' id='line_1_13' title="bbox 291 661 1259 705; baseline 0.004 -16"><span class='ocrx_word' id='word_1_75' title='bbox 291 670 361 689; x_wconf 93' lang='lat' dir='ltr'>mur</span> <span class='ocrx_word' id='word_1_76' title='bbox 395 661 535 691; x_wconf 90' lang='lat' dir='ltr'>omnium</span> <span class='ocrx_word' id='word_1_77' title='bbox 569 661 780 692; x_wconf 77' lang='lat' dir='ltr'>articulorum</span> <span class='ocrx_word' id='word_1_78' title='bbox 816 664 969 697; x_wconf 78' lang='lat' dir='ltr'>notitiam,</span> <span class='ocrx_word' id='word_1_79' title='bbox 993 670 1023 694; x_wconf 91' lang='lat' dir='ltr'>et</span> <span class='ocrx_word' id='word_1_80' title='bbox 1047 665 1078 694; x_wconf 92' lang='lat' dir='ltr'>in</span> <span class='ocrx_word' id='word_1_81' title='bbox 1102 663 1259 705; x_wconf 71' lang='lat' dir='ltr'>Symbolo</span> 
     </span>
     <span class='ocr_line' id='line_1_14' title="bbox 293 701 1257 737; baseline 0.005 -6"><span class='ocrx_word' id='word_1_82' title='bbox 293 703 390 732; x_wconf 86' lang='lat' dir='ltr'>ceteri</span> <span class='ocrx_word' id='word_1_83' title='bbox 414 701 539 733; x_wconf 77' lang='lat' dir='ltr'>articuli</span> <span class='ocrx_word' id='word_1_84' title='bbox 563 702 748 734; x_wconf 86' lang='lat' dir='ltr'>referuntur</span> <span class='ocrx_word' id='word_1_85' title='bbox 771 706 811 735; x_wconf 92' lang='lat' dir='ltr'>ad</span> <span class='ocrx_word' id='word_1_86' title='bbox 835 704 937 735; x_wconf 81' lang='lat' dir='ltr'>hunc:</span> <span class='ocrx_word' id='word_1_87' title='bbox 967 706 1073 736; x_wconf 80' lang='lat' dir='ltr'>Credo</span> <span class='ocrx_word' id='word_1_88' title='bbox 1097 707 1257 737; x_wconf 79' lang='lat' dir='ltr'>remissio—</span> 
     </span>
     <span class='ocr_line' id='line_1_15' title="bbox 292 745 1260 785; baseline 0.004 -11"><span class='ocrx_word' id='word_1_89' title='bbox 292 754 365 774; x_wconf 90' lang='lat' dir='ltr'>nem</span> <span class='ocrx_word' id='word_1_90' title='bbox 388 752 609 785; x_wconf 72' lang='lat' dir='ltr'>pevcatorum,</span> <span class='ocrx_word' id='word_1_91' title='bbox 634 745 740 776; x_wconf 90' lang='lat' dir='ltr'>Credo</span> <span class='ocrx_word' id='word_1_92' title='bbox 765 748 860 777; x_wconf 77' lang='lat' dir='ltr'>vitam</span> <span class='ocrx_word' id='word_1_93' title='bbox 883 754 1056 778; x_wconf 81' lang='lat' dir='ltr'>aeternam.</span> <span class='ocrx_word' id='word_1_94' title='bbox 1099 748 1188 778; x_wconf 84' lang='lat' dir='ltr'>Haec</span> <span class='ocrx_word' id='word_1_95' title='bbox 1211 755 1260 779; x_wconf 89' lang='lat' dir='ltr'>est</span> 
     </span>
     <span class='ocr_line' id='line_1_16' title="bbox 291 787 1259 830; baseline 0.004 -13"><span class='ocrx_word' id='word_1_96' title='bbox 291 787 374 817; x_wconf 86' lang='lat' dir='ltr'>enim</span> <span class='ocrx_word' id='word_1_97' title='bbox 399 798 522 817; x_wconf 90' lang='lat' dir='ltr'>summa</span> <span class='ocrx_word' id='word_1_98' title='bbox 547 789 797 827; x_wconf 87' lang='lat' dir='ltr'>promissiomun</span> <span class='ocrx_word' id='word_1_99' title='bbox 821 796 850 819; x_wconf 87' lang='lat' dir='ltr'>et</span> <span class='ocrx_word' id='word_1_100' title='bbox 876 789 960 826; x_wconf 71' lang='lat' dir='ltr'>finis,</span> <span class='ocrx_word' id='word_1_101' title='bbox 983 791 1024 820; x_wconf 87' lang='lat' dir='ltr'>ad</span> <span class='ocrx_word' id='word_1_102' title='bbox 1045 800 1140 830; x_wconf 89' lang='lat' dir='ltr'>quem</span> <span class='ocrx_word' id='word_1_103' title='bbox 1160 791 1259 821; x_wconf 88' lang='lat' dir='ltr'>ceteri</span> 
     </span>
     <span class='ocr_line' id='line_1_17' title="bbox 291 828 1261 869; baseline 0.004 -11"><span class='ocrx_word' id='word_1_104' title='bbox 291 828 416 859; x_wconf 81' lang='lat' dir='ltr'>articuli</span> <span class='ocrx_word' id='word_1_105' title='bbox 442 828 639 860; x_wconf 81' lang='lat' dir='ltr'>referuntur:</span> <span class='ocrx_word' id='word_1_106' title='bbox 681 830 763 865; x_wconf 84' lang='lat' dir='ltr'>Quia</span> <span class='ocrx_word' id='word_1_107' title='bbox 792 830 876 861; x_wconf 80' lang='lat' dir='ltr'>tilius</span> <span class='ocrx_word' id='word_1_108' title='bbox 902 832 963 861; x_wconf 85' lang='lat' dir='ltr'>Dei</span> <span class='ocrx_word' id='word_1_109' title='bbox 990 833 1111 863; x_wconf 83' lang='lat' dir='ltr'>missus</span> <span class='ocrx_word' id='word_1_110' title='bbox 1135 838 1204 869; x_wconf 86' lang='lat' dir='ltr'>est,</span> <span class='ocrx_word' id='word_1_111' title='bbox 1227 838 1261 863; x_wconf 92' lang='lat' dir='ltr'>ut</span> 
     </span>
     <span class='ocr_line' id='line_1_18' title="bbox 291 871 1261 914; baseline 0.005 -14"><span class='ocrx_word' id='word_1_112' title='bbox 291 871 429 901; x_wconf 82' lang='lat' dir='ltr'>loannes</span> <span class='ocrx_word' id='word_1_113' title='bbox 453 871 662 912; x_wconf 65' lang='lat' dir='ltr'>[l.ep.;3.8.]</span> <span class='ocrx_word' id='word_1_114' title='bbox 686 873 804 913; x_wconf 84' lang='lat' dir='ltr'>inquit,</span> <span class='ocrx_word' id='word_1_115' title='bbox 837 880 870 904; x_wconf 90' lang='lat' dir='ltr'>ut</span> <span class='ocrx_word' id='word_1_116' title='bbox 894 874 1039 904; x_wconf 73' lang='lat' dir='ltr'>destruat</span> <span class='ocrx_word' id='word_1_117' title='bbox 1062 884 1162 914; x_wconf 90' lang='lat' dir='ltr'>opera</span> <span class='ocrx_word' id='word_1_118' title='bbox 1184 874 1261 905; x_wconf 89' lang='lat' dir='ltr'>Dia·</span> 
     </span>
     <span class='ocr_line' id='line_1_19' title="bbox 291 912 1261 954; baseline 0.005 -12"><span class='ocrx_word' id='word_1_119' title='bbox 291 912 374 950; x_wconf 77' lang='lat' dir='ltr'>boli,</span> <span class='ocrx_word' id='word_1_120' title='bbox 408 914 438 943; x_wconf 89' lang='lat' dir='ltr'>id</span> <span class='ocrx_word' id='word_1_121' title='bbox 461 920 524 950; x_wconf 90' lang='lat' dir='ltr'>est,</span> <span class='ocrx_word' id='word_1_122' title='bbox 548 913 639 944; x_wconf 89' lang='lat' dir='ltr'>tollat</span> <span class='ocrx_word' id='word_1_123' title='bbox 664 921 851 954; x_wconf 78' lang='lat' dir='ltr'>peccatum,</span> <span class='ocrx_word' id='word_1_124' title='bbox 874 922 906 946; x_wconf 94' lang='lat' dir='ltr'>et</span> <span class='ocrx_word' id='word_1_125' title='bbox 919 918 964 953; x_wconf 73' lang='lat'>⁵9)</span> <span class='ocrx_word' id='word_1_126' title='bbox 990 917 1151 947; x_wconf 84' lang='lat' dir='ltr'>instauret</span> <span class='ocrx_word' id='word_1_127' title='bbox 1172 917 1261 947; x_wconf 89' lang='lat' dir='ltr'>iusti-</span> 
     </span>
     <span class='ocr_line' id='line_1_20' title="bbox 290 956 740 987; baseline 0.002 -2"><span class='ocrx_word' id='word_1_128' title='bbox 290 956 365 985; x_wconf 83' lang='lat' dir='ltr'>tiam</span> <span class='ocrx_word' id='word_1_129' title='bbox 389 962 420 986; x_wconf 82' lang='lat' dir='ltr'>et</span> <span class='ocrx_word' id='word_1_130' title='bbox 443 956 541 986; x_wconf 85' lang='lat' dir='ltr'>vitam</span> <span class='ocrx_word' id='word_1_131' title='bbox 563 963 740 987; x_wconf 77' lang='lat' dir='ltr'>aeternam.</span> 
     </span>
    </p>
   </div>
   <div class='ocr_carea' id='block_1_3' title="bbox 497 1081 1055 1115">
    <p class='ocr_par' dir='ltr' id='par_1_3' title="bbox 497 1081 1055 1115">
     <span class='ocr_line' id='line_1_21' title="bbox 497 1081 1055 1115; baseline 0.005 -3"><span class='ocrx_word' id='word_1_132' title='bbox 497 1081 554 1112; x_wconf 90' lang='lat' dir='ltr'>DE</span> <span class='ocrx_word' id='word_1_133' title='bbox 582 1081 824 1113; x_wconf 80' lang='lat' dir='ltr'>VOCABULO</span> <span class='ocrx_word' id='word_1_134' title='bbox 852 1082 1055 1115; x_wconf 81' lang='lat' dir='ltr'>GRATIAE.</span> 
     </span>
    </p>
   </div>
   <div class='ocr_carea' id='block_1_4' title="bbox 288 1165 1262 2390">
    <p class='ocr_par' dir='ltr' id='par_1_4' title="bbox 288 1165 1261 1756">
     <span class='ocr_line' id='line_1_22' title="bbox 353 1165 1260 1207; baseline 0.002 -11"><span class='ocrx_word' id='word_1_135' title='bbox 353 1166 458 1196; x_wconf 87' lang='lat' dir='ltr'>Etiam</span> <span class='ocrx_word' id='word_1_136' title='bbox 483 1165 673 1207; x_wconf 86' lang='lat' dir='ltr'>Philosophi</span> <span class='ocrx_word' id='word_1_137' title='bbox 699 1167 847 1197; x_wconf 74' lang='lat' dir='ltr'>viderunt</span> <span class='ocrx_word' id='word_1_138' title='bbox 869 1167 1085 1198; x_wconf 81' lang='lat' dir='ltr'>excellentem</span> <span class='ocrx_word' id='word_1_139' title='bbox 1109 1169 1260 1199; x_wconf 88' lang='lat' dir='ltr'>virtutem</span> 
     </span>
     <span class='ocr_line' id='line_1_23' title="bbox 291 1209 1260 1246; baseline 0.002 -7"><span class='ocrx_word' id='word_1_140' title='bbox 291 1219 354 1239; x_wconf 91' lang='lat' dir='ltr'>non</span> <span class='ocrx_word' id='word_1_141' title='bbox 379 1210 520 1239; x_wconf 77' lang='lat' dir='ltr'>existere</span> <span class='ocrx_word' id='word_1_142' title='bbox 544 1210 613 1239; x_wconf 87' lang='lat' dir='ltr'>sine</span> <span class='ocrx_word' id='word_1_143' title='bbox 633 1216 720 1239; x_wconf 89' lang='lat' dir='ltr'>motu</span> <span class='ocrx_word' id='word_1_144' title='bbox 745 1210 870 1246; x_wconf 76' lang='lat' dir='ltr'>divino,</span> <span class='ocrx_word' id='word_1_145' title='bbox 895 1216 930 1240; x_wconf 89' lang='lat' dir='ltr'>ut</span> <span class='ocrx_word' id='word_1_146' title='bbox 952 1209 1106 1241; x_wconf 83' lang='lat' dir='ltr'>fortitudo</span> <span class='ocrx_word' id='word_1_147' title='bbox 1129 1211 1161 1240; x_wconf 94' lang='lat' dir='ltr'>in</span> <span class='ocrx_word' id='word_1_148' title='bbox 1183 1209 1260 1241; x_wconf 88' lang='lat' dir='ltr'>Ale-</span> 
     </span>
     <span class='ocr_line' id='line_1_24' title="bbox 291 1251 1260 1293; baseline 0.001 -12"><span class='ocrx_word' id='word_1_149' title='bbox 291 1252 415 1282; x_wconf 76' lang='lat' dir='ltr'>xandro</span> <span class='ocrx_word' id='word_1_150' title='bbox 450 1251 576 1281; x_wconf 81' lang='lat' dir='ltr'>divinus</span> <span class='ocrx_word' id='word_1_151' title='bbox 609 1252 747 1291; x_wconf 89' lang='lat' dir='ltr'>impetus</span> <span class='ocrx_word' id='word_1_152' title='bbox 780 1258 860 1281; x_wconf 87' lang='lat' dir='ltr'>erat.</span> <span class='ocrx_word' id='word_1_153' title='bbox 906 1252 998 1283; x_wconf 85' lang='lat' dir='ltr'>Hane</span> <span class='ocrx_word' id='word_1_154' title='bbox 1022 1254 1126 1282; x_wconf 86' lang='lat' dir='ltr'>secuti</span> <span class='ocrx_word' id='word_1_155' title='bbox 1148 1253 1260 1293; x_wconf 89' lang='lat' dir='ltr'>imagi—</span> 
     </span>
     <span class='ocr_line' id='line_1_25' title="bbox 289 1293 1259 1325; baseline 0.001 -2"><span class='ocrx_word' id='word_1_156' title='bbox 289 1294 453 1324; x_wconf 87' lang='lat' dir='ltr'>nationem</span> <span class='ocrx_word' id='word_1_157' title='bbox 488 1293 641 1323; x_wconf 85' lang='lat' dir='ltr'>Monachi</span> <span class='ocrx_word' id='word_1_158' title='bbox 681 1293 827 1324; x_wconf 79' lang='lat' dir='ltr'>Gratiam</span> <span class='ocrx_word' id='word_1_159' title='bbox 868 1300 990 1324; x_wconf 89' lang='lat' dir='ltr'>tantum</span> <span class='ocrx_word' id='word_1_160' title='bbox 1031 1293 1259 1325; x_wconf 85' lang='lat' dir='ltr'>intellexerunt</span> 
     </span>
     <span class='ocr_line' id='line_1_26' title="bbox 288 1335 1261 1375; baseline 0.002 -10"><span class='ocrx_word' id='word_1_161' title='bbox 288 1346 393 1366; x_wconf 73' lang='lat' dir='ltr'>novas</span> <span class='ocrx_word' id='word_1_162' title='bbox 416 1336 554 1366; x_wconf 76' lang='lat' dir='ltr'>virtutes</span> <span class='ocrx_word' id='word_1_163' title='bbox 581 1346 599 1365; x_wconf 94' lang='lat' dir='ltr'>a</span> <span class='ocrx_word' id='word_1_164' title='bbox 623 1335 746 1375; x_wconf 83' lang='lat' dir='ltr'>Spiritu</span> <span class='ocrx_word' id='word_1_165' title='bbox 769 1342 884 1366; x_wconf 86' lang='lat' dir='ltr'>sancto</span> <span class='ocrx_word' id='word_1_166' title='bbox 907 1338 1078 1367; x_wconf 81' lang='lat' dir='ltr'>excitatas.</span> <span class='ocrx_word' id='word_1_167' title='bbox 1123 1336 1164 1367; x_wconf 89' lang='lat' dir='ltr'>Et</span> <span class='ocrx_word' id='word_1_168' title='bbox 1188 1347 1261 1367; x_wconf 87' lang='lat' dir='ltr'>cum</span> 
     </span>
     <span class='ocr_line' id='line_1_27' title="bbox 289 1378 1260 1418; baseline 0.001 -11"><span class='ocrx_word' id='word_1_169' title='bbox 289 1378 406 1408; x_wconf 89' lang='lat' dir='ltr'>dicitur</span> <span class='ocrx_word' id='word_1_170' title='bbox 429 1378 584 1418; x_wconf 66' lang='lat' dir='ltr'>accipiffl‘)</span> <span class='ocrx_word' id='word_1_171' title='bbox 608 1378 833 1408; x_wconf 73' lang='lat' dir='ltr'>remissionem</span> <span class='ocrx_word' id='word_1_172' title='bbox 856 1388 914 1418; x_wconf 91' lang='lat' dir='ltr'>per</span> <span class='ocrx_word' id='word_1_173' title='bbox 933 1378 1089 1416; x_wconf 83' lang='lat' dir='ltr'>Gratiam,</span> <span class='ocrx_word' id='word_1_174' title='bbox 1112 1380 1161 1409; x_wconf 89' lang='lat' dir='ltr'>sic</span> <span class='ocrx_word' id='word_1_175' title='bbox 1184 1384 1260 1409; x_wconf 90' lang='lat' dir='ltr'>sunt</span> 
     </span>
     <span class='ocr_line' id='line_1_28' title="bbox 289 1419 1260 1460; baseline -0.001 -10"><span class='ocrx_word' id='word_1_176' title='bbox 289 1421 509 1460; x_wconf 76' lang='lat' dir='ltr'>intetpretati:</span> <span class='ocrx_word' id='word_1_177' title='bbox 534 1420 649 1460; x_wconf 87' lang='lat' dir='ltr'>Aceipi</span> <span class='ocrx_word' id='word_1_178' title='bbox 674 1430 746 1450; x_wconf 90' lang='lat' dir='ltr'>eam</span> <span class='ocrx_word' id='word_1_179' title='bbox 768 1426 902 1460; x_wconf 89' lang='lat' dir='ltr'>propter</span> <span class='ocrx_word' id='word_1_180' title='bbox 913 1419 986 1450; x_wconf 88' lang='lat' dir='ltr'>illas</span> <span class='ocrx_word' id='word_1_181' title='bbox 1000 1421 1146 1452; x_wconf 76' lang='lat' dir='ltr'>virtutes.</span> <span class='ocrx_word' id='word_1_182' title='bbox 1171 1421 1260 1450; x_wconf 89' lang='lat' dir='ltr'>Haec</span> 
     </span>
     <span class='ocr_line' id='line_1_29' title="bbox 289 1461 1260 1502; baseline 0 -10"><span class='ocrx_word' id='word_1_183' title='bbox 289 1463 513 1502; x_wconf 82' lang='lat' dir='ltr'>interpretatio</span> <span class='ocrx_word' id='word_1_184' title='bbox 543 1472 679 1502; x_wconf 87' lang='lat' dir='ltr'>prorsus</span> <span class='ocrx_word' id='word_1_185' title='bbox 709 1468 832 1502; x_wconf 81' lang='lat' dir='ltr'>pugnat</span> <span class='ocrx_word' id='word_1_186' title='bbox 862 1472 934 1492; x_wconf 90' lang='lat' dir='ltr'>cum</span> <span class='ocrx_word' id='word_1_187' title='bbox 957 1461 1072 1493; x_wconf 89' lang='lat' dir='ltr'>Paulo.</span> <span class='ocrx_word' id='word_1_188' title='bbox 1118 1462 1196 1493; x_wconf 87' lang='lat' dir='ltr'>Item</span> <span class='ocrx_word' id='word_1_189' title='bbox 1220 1463 1260 1492; x_wconf 89' lang='lat' dir='ltr'>de</span> 
     </span>
     <span class='ocr_line' id='line_1_30' title="bbox 290 1503 1261 1546; baseline -0.001 -12"><span class='ocrx_word' id='word_1_190' title='bbox 290 1503 353 1534; x_wconf 83' lang='lat' dir='ltr'>fide</span> <span class='ocrx_word' id='word_1_191' title='bbox 387 1514 445 1534; x_wconf 90' lang='lat' dir='ltr'>seu</span> <span class='ocrx_word' id='word_1_192' title='bbox 475 1504 593 1535; x_wconf 83' lang='lat' dir='ltr'>fiducia</span> <span class='ocrx_word' id='word_1_193' title='bbox 629 1505 659 1534; x_wconf 90' lang='lat' dir='ltr'>in</span> <span class='ocrx_word' id='word_1_194' title='bbox 684 1503 848 1534; x_wconf 85' lang='lat' dir='ltr'>Christum</span> <span class='ocrx_word' id='word_1_195' title='bbox 879 1510 933 1534; x_wconf 89' lang='lat' dir='ltr'>aut</span> <span class='ocrx_word' id='word_1_196' title='bbox 958 1505 1077 1535; x_wconf 80' lang='lat' dir='ltr'>fiducia</span> <span class='ocrx_word' id='word_1_197' title='bbox 1100 1505 1261 1546; x_wconf 82' lang='lat' dir='ltr'>gratuitae</span> 
     </span>
     <span class='ocr_line' id='line_1_31' title="bbox 288 1545 1261 1587; baseline 0.001 -11"><span class='ocrx_word' id='word_1_198' title='bbox 288 1547 509 1586; x_wconf 84' lang='lat' dir='ltr'>imputationis</span> <span class='ocrx_word' id='word_1_199' title='bbox 543 1545 621 1576; x_wconf 87' lang='lat' dir='ltr'>nihil</span> <span class='ocrx_word' id='word_1_200' title='bbox 654 1546 814 1576; x_wconf 81' lang='lat' dir='ltr'>dixerunt.</span> <span class='ocrx_word' id='word_1_201' title='bbox 860 1545 969 1580; x_wconf 85' lang='lat' dir='ltr'>Quare</span> <span class='ocrx_word' id='word_1_202' title='bbox 997 1547 1183 1587; x_wconf 87' lang='lat' dir='ltr'>imaginatio</span> <span class='ocrx_word' id='word_1_203' title='bbox 1207 1556 1261 1577; x_wconf 90' lang='lat' dir='ltr'>eo-</span> 
     </span>
     <span class='ocr_line' id='line_1_32' title="bbox 289 1587 1261 1629; baseline -0.001 -10"><span class='ocrx_word' id='word_1_204' title='bbox 289 1599 361 1619; x_wconf 88' lang='lat' dir='ltr'>rum</span> <span class='ocrx_word' id='word_1_205' title='bbox 390 1599 507 1629; x_wconf 87' lang='lat' dir='ltr'>magna</span> <span class='ocrx_word' id='word_1_206' title='bbox 541 1598 580 1618; x_wconf 83' lang='lat' dir='ltr'>ex</span> <span class='ocrx_word' id='word_1_207' title='bbox 602 1594 695 1629; x_wconf 87' lang='lat' dir='ltr'>parte</span> <span class='ocrx_word' id='word_1_208' title='bbox 718 1587 951 1628; x_wconf 86' lang='lat' dir='ltr'>Philosophica</span> <span class='ocrx_word' id='word_1_209' title='bbox 978 1594 1030 1619; x_wconf 91' lang='lat' dir='ltr'>est</span> <span class='ocrx_word' id='word_1_210' title='bbox 1053 1595 1084 1619; x_wconf 89' lang='lat' dir='ltr'>et</span> <span class='ocrx_word' id='word_1_211' title='bbox 1107 1590 1261 1620; x_wconf 87' lang='lat' dir='ltr'>obscurat</span> 
     </span>
     <span class='ocr_line' id='line_1_33' title="bbox 289 1630 1260 1671; baseline 0.001 -11"><span class='ocrx_word' id='word_1_212' title='bbox 289 1630 484 1661; x_wconf 81' lang='lat' dir='ltr'>beneficium</span> <span class='ocrx_word' id='word_1_213' title='bbox 507 1630 640 1668; x_wconf 82' lang='lat' dir='ltr'>Christi,</span> <span class='ocrx_word' id='word_1_214' title='bbox 674 1637 705 1661; x_wconf 92' lang='lat' dir='ltr'>et</span> <span class='ocrx_word' id='word_1_215' title='bbox 729 1631 909 1661; x_wconf 87' lang='lat' dir='ltr'>doctrinam</span> <span class='ocrx_word' id='word_1_216' title='bbox 934 1631 974 1661; x_wconf 89' lang='lat' dir='ltr'>de</span> <span class='ocrx_word' id='word_1_217' title='bbox 997 1632 1138 1671; x_wconf 88' lang='lat' dir='ltr'>gratuita</span> <span class='ocrx_word' id='word_1_218' title='bbox 1159 1632 1260 1671; x_wconf 93' lang='lat' dir='ltr'>impu-</span> 
     </span>
     <span class='ocr_line' id='line_1_34' title="bbox 288 1671 1260 1714; baseline 0 -11"><span class='ocrx_word' id='word_1_219' title='bbox 288 1673 421 1703; x_wconf 86' lang='lat' dir='ltr'>tatione.</span> <span class='ocrx_word' id='word_1_220' title='bbox 465 1672 640 1703; x_wconf 89' lang='lat' dir='ltr'>Plurimum</span> <span class='ocrx_word' id='word_1_221' title='bbox 664 1674 762 1714; x_wconf 89' lang='lat' dir='ltr'>igitur</span> <span class='ocrx_word' id='word_1_222' title='bbox 784 1671 894 1710; x_wconf 80' lang='lat' dir='ltr'>refert,</span> <span class='ocrx_word' id='word_1_223' title='bbox 917 1672 1112 1704; x_wconf 81' lang='lat' dir='ltr'>vocabulum</span> <span class='ocrx_word' id='word_1_224' title='bbox 1126 1672 1260 1703; x_wconf 88' lang='lat' dir='ltr'>Gratiae</span> 
     </span>
     <span class='ocr_line' id='line_1_35' title="bbox 290 1713 891 1756; baseline 0 -12"><span class='ocrx_word' id='word_1_225' title='bbox 290 1717 431 1756; x_wconf 83' lang='lat' dir='ltr'>proprie,</span> <span class='ocrx_word' id='word_1_226' title='bbox 455 1725 532 1746; x_wconf 71' lang='lat' dir='ltr'>vere</span> <span class='ocrx_word' id='word_1_227' title='bbox 555 1722 585 1745; x_wconf 90' lang='lat' dir='ltr'>et</span> <span class='ocrx_word' id='word_1_228' title='bbox 609 1716 724 1745; x_wconf 76' lang='lat' dir='ltr'>dextre</span> <span class='ocrx_word' id='word_1_229' title='bbox 747 1713 891 1756; x_wconf 84' lang='lat' dir='ltr'>intelligi.</span> 
     </span>
    </p>

    <p class='ocr_par' dir='ltr' id='par_1_5' title="bbox 290 1755 1262 2390">
     <span class='ocr_line' id='line_1_36' title="bbox 375 1755 1261 1797; baseline 0 -10"><span class='ocrx_word' id='word_1_230' title='bbox 375 1757 468 1788; x_wconf 87' lang='lat' dir='ltr'>Rom.</span> <span class='ocrx_word' id='word_1_231' title='bbox 503 1757 533 1787; x_wconf 76' lang='grc' dir='ltr'>ὁ.</span> <span class='ocrx_word' id='word_1_232' title='bbox 569 1758 652 1788; x_wconf 86' lang='lat' dir='ltr'>duae</span> <span class='ocrx_word' id='word_1_233' title='bbox 686 1764 760 1787; x_wconf 87' lang='lat' dir='ltr'>sunt</span> <span class='ocrx_word' id='word_1_234' title='bbox 789 1755 1044 1797; x_wconf 82' lang='lat' dir='ltr'>appellationes:</span> <span class='ocrx_word' id='word_1_235' title='bbox 1090 1757 1205 1787; x_wconf 79' lang='lat' dir='ltr'>Gratia</span> <span class='ocrx_word' id='word_1_236' title='bbox 1229 1763 1261 1788; x_wconf 89' lang='lat' dir='ltr'>et</span> 
     </span>
     <span class='ocr_line' id='line_1_37' title="bbox 291 1798 1259 1840; baseline -0.001 -10"><span class='ocrx_word' id='word_1_237' title='bbox 291 1799 420 1830; x_wconf 90' lang='lat' dir='ltr'>Donum</span> <span class='ocrx_word' id='word_1_238' title='bbox 455 1810 513 1840; x_wconf 91' lang='lat' dir='ltr'>per</span> <span class='ocrx_word' id='word_1_239' title='bbox 537 1799 694 1830; x_wconf 79' lang='lat' dir='ltr'>Gratiam.</span> <span class='ocrx_word' id='word_1_240' title='bbox 740 1798 800 1830; x_wconf 90' lang='lat' dir='ltr'>Est</span> <span class='ocrx_word' id='word_1_241' title='bbox 832 1805 940 1829; x_wconf 89' lang='lat' dir='ltr'>autem</span> <span class='ocrx_word' id='word_1_242' title='bbox 973 1800 1078 1840; x_wconf 87' lang='lat' dir='ltr'>gratia</span> <span class='ocrx_word' id='word_1_243' title='bbox 1111 1800 1259 1829; x_wconf 82' lang='lat' dir='ltr'>remissio</span> 
     </span>
     <span class='ocr_line' id='line_1_38' title="bbox 291 1842 1261 1883; baseline -0.001 -11"><span class='ocrx_word' id='word_1_244' title='bbox 291 1848 500 1882; x_wconf 87' lang='lat' dir='ltr'>peccatorum</span> <span class='ocrx_word' id='word_1_245' title='bbox 530 1843 672 1883; x_wconf 87' lang='lat' dir='ltr'>gratuita</span> <span class='ocrx_word' id='word_1_246' title='bbox 695 1852 755 1872; x_wconf 82' lang='lat' dir='ltr'>seu</span> <span class='ocrx_word' id='word_1_247' title='bbox 783 1842 1007 1872; x_wconf 84' lang='lat' dir='ltr'>misericordia</span> <span class='ocrx_word' id='word_1_248' title='bbox 1030 1852 1090 1871; x_wconf 88' lang='lat' dir='ltr'>seu</span> <span class='ocrx_word' id='word_1_249' title='bbox 1113 1848 1261 1881; x_wconf 87' lang='lat' dir='ltr'>accepta-</span> 
     </span>
     <span class='ocr_line' id='line_1_39' title="bbox 291 1883 1261 1925; baseline -0.001 -11"><span class='ocrx_word' id='word_1_250' title='bbox 291 1885 335 1915; x_wconf 92' lang='lat' dir='ltr'>tio</span> <span class='ocrx_word' id='word_1_251' title='bbox 355 1885 504 1925; x_wconf 87' lang='lat' dir='ltr'>gratuita.</span> <span class='ocrx_word' id='word_1_252' title='bbox 549 1884 676 1914; x_wconf 85' lang='lat' dir='ltr'>Deinde</span> <span class='ocrx_word' id='word_1_253' title='bbox 710 1884 829 1914; x_wconf 89' lang='lat' dir='ltr'>donum</span> <span class='ocrx_word' id='word_1_254' title='bbox 857 1894 915 1923; x_wconf 87' lang='lat' dir='ltr'>per</span> <span class='ocrx_word' id='word_1_255' title='bbox 937 1885 1074 1924; x_wconf 83' lang='lat' dir='ltr'>gratiam</span> <span class='ocrx_word' id='word_1_256' title='bbox 1098 1883 1261 1924; x_wconf 88' lang='lat' dir='ltr'>significat</span> 
     </span>
     <span class='ocr_line' id='line_1_40' title="bbox 291 1926 1262 1966; baseline 0 -11"><span class='ocrx_word' id='word_1_257' title='bbox 291 1927 499 1957; x_wconf 86' lang='lat' dir='ltr'>donationem</span> <span class='ocrx_word' id='word_1_258' title='bbox 527 1926 667 1966; x_wconf 85' lang='lat' dir='ltr'>Spiritus</span> <span class='ocrx_word' id='word_1_259' title='bbox 707 1926 814 1956; x_wconf 90' lang='lat' dir='ltr'>sancti</span> <span class='ocrx_word' id='word_1_260' title='bbox 850 1932 881 1955; x_wconf 90' lang='lat' dir='ltr'>et</span> <span class='ocrx_word' id='word_1_261' title='bbox 911 1926 996 1956; x_wconf 78' lang='lat' dir='ltr'>vitae</span> <span class='ocrx_word' id='word_1_262' title='bbox 1026 1932 1196 1962; x_wconf 83' lang='lat' dir='ltr'>aeternae,</span> <span class='ocrx_word' id='word_1_263' title='bbox 1230 1926 1262 1955; x_wconf 91' lang='lat' dir='ltr'>id</span> 
     </span>
     <span class='ocr_line' id='line_1_41' title="bbox 291 1968 1261 2008; baseline -0.001 -9"><span class='ocrx_word' id='word_1_264' title='bbox 291 1976 352 2006; x_wconf 78' lang='lat' dir='ltr'>est,</span> <span class='ocrx_word' id='word_1_265' title='bbox 376 1979 493 1999; x_wconf 88' lang='lat' dir='ltr'>novam</span> <span class='ocrx_word' id='word_1_266' title='bbox 513 1976 543 1999; x_wconf 91' lang='lat' dir='ltr'>et</span> <span class='ocrx_word' id='word_1_267' title='bbox 568 1974 733 1999; x_wconf 89' lang='lat' dir='ltr'>aeternam</span> <span class='ocrx_word' id='word_1_268' title='bbox 755 1968 907 1999; x_wconf 84' lang='lat' dir='ltr'>iustitiam</span> <span class='ocrx_word' id='word_1_269' title='bbox 931 1974 962 1998; x_wconf 90' lang='lat' dir='ltr'>et</span> <span class='ocrx_word' id='word_1_270' title='bbox 986 1968 1095 2004; x_wconf 79' lang='lat' dir='ltr'>vitam,</span> <span class='ocrx_word' id='word_1_271' title='bbox 1114 1978 1198 2008; x_wconf 86' lang='lat' dir='ltr'>quae</span> <span class='ocrx_word' id='word_1_272' title='bbox 1209 1968 1261 1998; x_wconf 87' lang='lat' dir='ltr'>hic</span> 
     </span>
     <span class='ocr_line' id='line_1_42' title="bbox 292 2009 1260 2051; baseline -0.001 -10"><span class='ocrx_word' id='word_1_273' title='bbox 292 2010 461 2041; x_wconf 88' lang='lat' dir='ltr'>inchoatur</span> <span class='ocrx_word' id='word_1_274' title='bbox 484 2017 515 2041; x_wconf 90' lang='lat' dir='ltr'>et</span> <span class='ocrx_word' id='word_1_275' title='bbox 537 2017 653 2051; x_wconf 86' lang='lat' dir='ltr'>postea</span> <span class='ocrx_word' id='word_1_276' title='bbox 677 2009 854 2051; x_wconf 88' lang='lat' dir='ltr'>perficitur.</span> <span class='ocrx_word' id='word_1_277' title='bbox 900 2009 946 2039; x_wconf 90' lang='lat' dir='ltr'>lta</span> <span class='ocrx_word' id='word_1_278' title='bbox 976 2016 1007 2040; x_wconf 89' lang='lat' dir='ltr'>et</span> <span class='ocrx_word' id='word_1_279' title='bbox 1030 2009 1118 2040; x_wconf 89' lang='lat' dir='ltr'>loan.</span> <span class='ocrx_word' id='word_1_280' title='bbox 1145 2010 1172 2040; x_wconf 95' lang='grc'>1.</span> <span class='ocrx_word' id='word_1_281' title='bbox 1198 2012 1260 2048; x_wconf 79' lang='lat' dir='ltr'>[vS.</span> 
     </span>
     <span class='ocr_line' id='line_1_43' title="bbox 294 2052 1262 2093; baseline -0.001 -10"><span class='ocrx_word' id='word_1_282' title='bbox 294 2053 356 2092; x_wconf 83' lang='lat'>17.]</span> <span class='ocrx_word' id='word_1_283' title='bbox 380 2053 511 2083; x_wconf 82' lang='lat' dir='ltr'>dicitur:</span> <span class='ocrx_word' id='word_1_284' title='bbox 555 2053 624 2083; x_wconf 80' lang='lat' dir='ltr'>Lex</span> <span class='ocrx_word' id='word_1_285' title='bbox 652 2063 710 2093; x_wconf 89' lang='lat' dir='ltr'>per</span> <span class='ocrx_word' id='word_1_286' title='bbox 734 2052 872 2093; x_wconf 72' lang='lat' dir='ltr'>Moysen</span> <span class='ocrx_word' id='word_1_287' title='bbox 896 2053 971 2082; x_wconf 85' lang='lat' dir='ltr'>data</span> <span class='ocrx_word' id='word_1_288' title='bbox 1001 2058 1068 2089; x_wconf 86' lang='lat' dir='ltr'>est,</span> <span class='ocrx_word' id='word_1_289' title='bbox 1102 2052 1207 2092; x_wconf 88' lang='lat' dir='ltr'>gratia</span> <span class='ocrx_word' id='word_1_290' title='bbox 1230 2057 1262 2082; x_wconf 88' lang='lat' dir='ltr'>et</span> 
     </span>
     <span class='ocr_line' id='line_1_44' title="bbox 294 2094 1261 2135; baseline 0 -10"><span class='ocrx_word' id='word_1_291' title='bbox 294 2096 412 2125; x_wconf 80' lang='lat' dir='ltr'>veritas</span> <span class='ocrx_word' id='word_1_292' title='bbox 435 2105 494 2135; x_wconf 89' lang='lat' dir='ltr'>per</span> <span class='ocrx_word' id='word_1_293' title='bbox 512 2095 618 2126; x_wconf 87' lang='lat' dir='ltr'>Iesum</span> <span class='ocrx_word' id='word_1_294' title='bbox 642 2095 808 2125; x_wconf 83' lang='lat' dir='ltr'>Christum</span> <span class='ocrx_word' id='word_1_295' title='bbox 831 2094 917 2124; x_wconf 87' lang='lat' dir='ltr'>facta</span> <span class='ocrx_word' id='word_1_296' title='bbox 941 2100 1001 2124; x_wconf 88' lang='lat' dir='ltr'>est.</span> <span class='ocrx_word' id='word_1_297' title='bbox 1047 2094 1107 2125; x_wconf 90' lang='lat' dir='ltr'>Hic</span> <span class='ocrx_word' id='word_1_298' title='bbox 1131 2104 1261 2134; x_wconf 88' lang='lat' dir='ltr'>quoque</span> 
     </span>
     <span class='ocr_line' id='line_1_45' title="bbox 292 2136 1262 2178; baseline -0.001 -11"><span class='ocrx_word' id='word_1_299' title='bbox 292 2137 396 2177; x_wconf 88' lang='lat' dir='ltr'>gratia</span> <span class='ocrx_word' id='word_1_300' title='bbox 430 2144 567 2167; x_wconf 82' lang='lat' dir='ltr'>vocatur</span> <span class='ocrx_word' id='word_1_301' title='bbox 603 2138 746 2178; x_wconf 88' lang='lat' dir='ltr'>gratuita</span> <span class='ocrx_word' id='word_1_302' title='bbox 780 2136 928 2167; x_wconf 81' lang='lat' dir='ltr'>remissio</span> <span class='ocrx_word' id='word_1_303' title='bbox 962 2142 1170 2176; x_wconf 86' lang='lat' dir='ltr'>peccatorum</span> <span class='ocrx_word' id='word_1_304' title='bbox 1203 2146 1262 2166; x_wconf 87' lang='lat' dir='ltr'>seu</span> 
     </span>
     <span class='ocr_line' id='line_1_46' title="bbox 290 2178 1261 2219; baseline -0.001 -10"><span class='ocrx_word' id='word_1_305' title='bbox 290 2180 472 2219; x_wconf 87' lang='lat' dir='ltr'>acceptatio</span> <span class='ocrx_word' id='word_1_306' title='bbox 507 2186 639 2219; x_wconf 88' lang='lat' dir='ltr'>propter</span> <span class='ocrx_word' id='word_1_307' title='bbox 672 2179 893 2209; x_wconf 84' lang='lat' dir='ltr'>Mediatorem.</span> <span class='ocrx_word' id='word_1_308' title='bbox 951 2178 1095 2215; x_wconf 82' lang='lat' dir='ltr'>Deinde,</span> <span class='ocrx_word' id='word_1_309' title='bbox 1130 2178 1261 2209; x_wconf 90' lang='lat' dir='ltr'>Veritas</span> 
     </span>
     <span class='ocr_line' id='line_1_47' title="bbox 293 2219 1262 2261; baseline -0.001 -10"><span class='ocrx_word' id='word_1_310' title='bbox 293 2228 343 2251; x_wconf 85' lang='lat' dir='ltr'>est</span> <span class='ocrx_word' id='word_1_311' title='bbox 366 2232 445 2251; x_wconf 91' lang='lat' dir='ltr'>vera</span> <span class='ocrx_word' id='word_1_312' title='bbox 468 2219 533 2256; x_wconf 73' lang='lat' dir='ltr'>lux.</span> <span class='ocrx_word' id='word_1_313' title='bbox 559 2222 589 2252; x_wconf 92' lang='lat' dir='ltr'>id</span> <span class='ocrx_word' id='word_1_314' title='bbox 613 2228 675 2259; x_wconf 89' lang='lat' dir='ltr'>est,</span> <span class='ocrx_word' id='word_1_315' title='bbox 700 2231 779 2252; x_wconf 87' lang='lat' dir='ltr'>vera.</span> <span class='ocrx_word' id='word_1_316' title='bbox 802 2221 922 2261; x_wconf 83' lang='lat' dir='ltr'>agnitio</span> <span class='ocrx_word' id='word_1_317' title='bbox 946 2219 1024 2258; x_wconf 85' lang='lat' dir='ltr'>Dei,</span> <span class='ocrx_word' id='word_1_318' title='bbox 1055 2230 1133 2251; x_wconf 91' lang='lat' dir='ltr'>vera</span> <span class='ocrx_word' id='word_1_319' title='bbox 1156 2226 1187 2250; x_wconf 92' lang='lat' dir='ltr'>et</span> <span class='ocrx_word' id='word_1_320' title='bbox 1209 2230 1262 2250; x_wconf 89' lang='lat' dir='ltr'>ae-</span> 
     </span>
     <span class='ocr_line' id='line_1_48' title="bbox 292 2262 1262 2304; baseline -0.001 -12"><span class='ocrx_word' id='word_1_321' title='bbox 292 2270 385 2293; x_wconf 88' lang='lat' dir='ltr'>terna</span> <span class='ocrx_word' id='word_1_322' title='bbox 408 2264 528 2293; x_wconf 85' lang='lat' dir='ltr'>iustitia</span> <span class='ocrx_word' id='word_1_323' title='bbox 551 2270 581 2294; x_wconf 87' lang='lat' dir='ltr'>et</span> <span class='ocrx_word' id='word_1_324' title='bbox 605 2265 681 2301; x_wconf 78' lang='lat' dir='ltr'>vita,</span> <span class='ocrx_word' id='word_1_325' title='bbox 706 2273 790 2304; x_wconf 90' lang='lat' dir='ltr'>quae</span> <span class='ocrx_word' id='word_1_326' title='bbox 811 2263 864 2293; x_wconf 91' lang='lat' dir='ltr'>hic</span> <span class='ocrx_word' id='word_1_327' title='bbox 887 2262 1071 2300; x_wconf 89' lang='lat' dir='ltr'>inchoatur,</span> <span class='ocrx_word' id='word_1_328' title='bbox 1089 2263 1150 2293; x_wconf 89' lang='lat' dir='ltr'>sed</span> <span class='ocrx_word' id='word_1_329' title='bbox 1172 2268 1262 2302; x_wconf 82' lang='lat' dir='ltr'>post-</span> 
     </span>
     <span class='ocr_line' id='line_1_49' title="bbox 293 2304 1261 2347; baseline -0.001 -12"><span class='ocrx_word' id='word_1_330' title='bbox 293 2315 331 2335; x_wconf 89' lang='lat' dir='ltr'>ea</span> <span class='ocrx_word' id='word_1_331' title='bbox 365 2305 540 2344; x_wconf 84' lang='lat' dir='ltr'>perficitur.</span> <span class='ocrx_word' id='word_1_332' title='bbox 603 2305 761 2347; x_wconf 89' lang='lat' dir='ltr'>Loquitur</span> <span class='ocrx_word' id='word_1_333' title='bbox 795 2306 880 2336; x_wconf 89' lang='lat' dir='ltr'>enim</span> <span class='ocrx_word' id='word_1_334' title='bbox 918 2305 958 2335; x_wconf 91' lang='lat' dir='ltr'>de</span> <span class='ocrx_word' id='word_1_335' title='bbox 992 2311 1060 2335; x_wconf 90' lang='lat' dir='ltr'>toto</span> <span class='ocrx_word' id='word_1_336' title='bbox 1103 2304 1261 2335; x_wconf 82' lang='lat' dir='ltr'>beneficio</span> 
     </span>
     <span class='ocr_line' id='line_1_50' title="bbox 293 2345 1261 2390; baseline -0.002 -12"><span class='ocrx_word' id='word_1_337' title='bbox 293 2345 425 2384; x_wconf 81' lang='lat' dir='ltr'>Christi,</span> <span class='ocrx_word' id='word_1_338' title='bbox 451 2349 544 2387; x_wconf 84' lang='lat' dir='ltr'>quasi</span> <span class='ocrx_word' id='word_1_339' title='bbox 567 2348 666 2378; x_wconf 89' lang='lat' dir='ltr'>dicat:</span> <span class='ocrx_word' id='word_1_340' title='bbox 691 2348 815 2390; x_wconf 85' lang='lat' dir='ltr'>Legem</span> <span class='ocrx_word' id='word_1_341' title='bbox 839 2348 969 2388; x_wconf 85' lang='lat' dir='ltr'>quidem</span> <span class='ocrx_word' id='word_1_342' title='bbox 992 2347 1180 2384; x_wconf 85' lang='lat' dir='ltr'>audivistis,</span> <span class='ocrx_word' id='word_1_343' title='bbox 1203 2347 1261 2376; x_wconf 90' lang='lat' dir='ltr'>sed</span> 
     </span>
    </p>
   </div>
   <div class='ocr_carea' id='block_1_5' title="bbox 299 2424 485 2428">
    <p class='ocr_par' dir='ltr' id='par_1_6' title="bbox 299 2424 485 2428">
     <span class='ocr_line' id='line_1_51' title="bbox 299 2424 485 2428; baseline 0 0"><span class='ocrx_word' id='word_1_344' title='bbox 299 2424 485 2428; x_wconf 95' lang='lat' dir='ltr'> </span> 
     </span>
    </p>
   </div>
   <div class='ocr_carea' id='block_1_6' title="bbox 292 2474 964 2557">
    <p class='ocr_par' dir='ltr' id='par_1_7' title="bbox 292 2474 964 2557">
     <span class='ocr_line' id='line_1_52' title="bbox 292 2474 964 2505; baseline 0.001 -7"><span class='ocrx_word' id='word_1_345' title='bbox 292 2475 337 2505; x_wconf 81' lang='lat'>59)</span> <span class='ocrx_word' id='word_1_346' title='bbox 358 2474 395 2504; x_wconf 79' lang='lat' dir='ltr'>et}</span> <span class='ocrx_word' id='word_1_347' title='bbox 412 2475 485 2499; x_wconf 73' lang='lat' dir='ltr'>[din.</span> <span class='ocrx_word' id='word_1_348' title='bbox 506 2475 545 2497; x_wconf 57' lang='grc' dir='ltr'>ρο.</span> <span class='ocrx_word' id='word_1_349' title='bbox 566 2475 605 2498; x_wconf 73' lang='lat'>25.</span> <span class='ocrx_word' id='word_1_350' title='bbox 625 2476 665 2497; x_wconf 64' lang='lat'>2³0.</span> <span class='ocrx_word' id='word_1_351' title='bbox 684 2475 734 2502; x_wconf 62' lang='lat'>34„</span> <span class='ocrx_word' id='word_1_352' title='bbox 753 2475 824 2504; x_wconf 79' lang='lat' dir='ltr'>corp.</span> <span class='ocrx_word' id='word_1_353' title='bbox 848 2475 918 2499; x_wconf 80' lang='lat'>1—8.</span> <span class='ocrx_word' id='word_1_354' title='bbox 939 2478 964 2499; x_wconf 81' lang='lat' dir='ltr'>ut</span> 
     </span>
     <span class='ocr_line' id='line_1_53' title="bbox 292 2526 662 2557; baseline -0.003 -6"><span class='ocrx_word' id='word_1_355' title='bbox 292 2528 337 2557; x_wconf 74' lang='lat'>60)</span> <span class='ocrx_word' id='word_1_356' title='bbox 357 2526 445 2556; x_wconf 80' lang='lat' dir='ltr'>accipi]</span> <span class='ocrx_word' id='word_1_357' title='bbox 466 2526 507 2550; x_wconf 86' lang='lat' dir='ltr'>Ed.</span> <span class='ocrx_word' id='word_1_358' title='bbox 528 2526 566 2549; x_wconf 79' lang='lat'>22.</span> <span class='ocrx_word' id='word_1_359' title='bbox 585 2526 662 2555; x_wconf 81' lang='lat' dir='ltr'>recipi</span> 
     </span>
    </p>
   </div>
   <div class='ocr_carea' id='block_1_7' title="bbox 921 105 1650 143">
    <p class='ocr_par' dir='ltr' id='par_1_8' title="bbox 921 105 1650 143">
     <span class='ocr_line' id='line_1_54' title="bbox 921 105 1650 143; baseline 0.004 -5"><span class='ocrx_word' id='word_1_360' title='bbox 921 105 1030 138; x_wconf 56' lang='lat' dir='ltr'>Pffll..</span> <span class='ocrx_word' id='word_1_361' title='bbox 1054 106 1155 138; x_wconf 84' lang='lat' dir='ltr'>MEL.</span> <span class='ocrx_word' id='word_1_362' title='bbox 1175 106 1359 139; x_wconf 80' lang='lat' dir='ltr'>SCRIPTA</span> <span class='ocrx_word' id='word_1_363' title='bbox 1376 108 1650 143; x_wconf 78' lang='lat' dir='ltr'>DoGMA&#39;rch.</span> 
     </span>
    </p>
   </div>
   <div class='ocr_carea' id='block_1_8' title="bbox 2214 113 2275 145">
    <p class='ocr_par' dir='ltr' id='par_1_9' title="bbox 2214 113 2275 145">
     <span class='ocr_line' id='line_1_55' title="bbox 2214 113 2275 145; baseline 0.033 -2"><span class='ocrx_word' id='word_1_364' title='bbox 2214 113 2275 145; x_wconf 78' lang='lat'>752</span> 
     </span>
    </p>
   </div>
   <div class='ocr_carea' id='block_1_9' title="bbox 1304 202 2278 2426">
    <p class='ocr_par' dir='ltr' id='par_1_10' title="bbox 1306 202 2277 453">
     <span class='ocr_line' id='line_1_56' title="bbox 1306 202 2274 243; baseline 0.005 -10"><span class='ocrx_word' id='word_1_365' title='bbox 1306 202 1388 233; x_wconf 88' lang='lat' dir='ltr'>haee</span> <span class='ocrx_word' id='word_1_366' title='bbox 1412 214 1476 234; x_wconf 93' lang='lat' dir='ltr'>non</span> <span class='ocrx_word' id='word_1_367' title='bbox 1501 202 1584 234; x_wconf 89' lang='lat' dir='ltr'>tollit</span> <span class='ocrx_word' id='word_1_368' title='bbox 1606 211 1792 243; x_wconf 84' lang='lat' dir='ltr'>peceatum,</span> <span class='ocrx_word' id='word_1_369' title='bbox 1826 215 1890 236; x_wconf 91' lang='lat' dir='ltr'>non</span> <span class='ocrx_word' id='word_1_370' title='bbox 1921 204 2005 235; x_wconf 89' lang='lat' dir='ltr'>tollit</span> <span class='ocrx_word' id='word_1_371' title='bbox 2028 207 2221 238; x_wconf 82' lang='lat' dir='ltr'>coecitatem</span> <span class='ocrx_word' id='word_1_372' title='bbox 2244 208 2274 238; x_wconf 86' lang='lat' dir='ltr'>in</span> 
     </span>
     <span class='ocr_line' id='line_1_57' title="bbox 1308 246 2276 282; baseline 0.003 -7"><span class='ocrx_word' id='word_1_373' title='bbox 1308 246 1487 282; x_wconf 89' lang='lat' dir='ltr'>mentibus,</span> <span class='ocrx_word' id='word_1_374' title='bbox 1517 246 1548 275; x_wconf 93' lang='lat' dir='ltr'>id</span> <span class='ocrx_word' id='word_1_375' title='bbox 1571 256 1639 282; x_wconf 87' lang='lat' dir='ltr'>est,</span> <span class='ocrx_word' id='word_1_376' title='bbox 1663 247 1881 277; x_wconf 83' lang='lat' dir='ltr'>dubitationes</span> <span class='ocrx_word' id='word_1_377' title='bbox 1905 248 1946 278; x_wconf 88' lang='lat' dir='ltr'>de</span> <span class='ocrx_word' id='word_1_378' title='bbox 1967 246 2040 277; x_wconf 91' lang='lat' dir='ltr'>Deo</span> <span class='ocrx_word' id='word_1_379' title='bbox 2065 254 2096 278; x_wconf 90' lang='lat' dir='ltr'>et</span> <span class='ocrx_word' id='word_1_380' title='bbox 2117 247 2276 280; x_wconf 80' lang='lat' dir='ltr'>fremitum</span> 
     </span>
     <span class='ocr_line' id='line_1_58' title="bbox 1306 287 2276 327; baseline 0.005 -11"><span class='ocrx_word' id='word_1_381' title='bbox 1306 287 1466 317; x_wconf 85' lang='lat' dir='ltr'>adversus</span> <span class='ocrx_word' id='word_1_382' title='bbox 1491 287 1595 318; x_wconf 90' lang='lat' dir='ltr'>Deum</span> <span class='ocrx_word' id='word_1_383' title='bbox 1623 288 1827 319; x_wconf 88' lang='lat' dir='ltr'>iudicantem.</span> <span class='ocrx_word' id='word_1_384' title='bbox 1872 289 1969 327; x_wconf 87' lang='lat' dir='ltr'>Item,</span> <span class='ocrx_word' id='word_1_385' title='bbox 2002 299 2066 319; x_wconf 93' lang='lat' dir='ltr'>non</span> <span class='ocrx_word' id='word_1_386' title='bbox 2101 289 2193 320; x_wconf 81' lang='lat' dir='ltr'>affert</span> <span class='ocrx_word' id='word_1_387' title='bbox 2222 301 2276 322; x_wconf 94' lang='lat' dir='ltr'>ve-</span> 
     </span>
     <span class='ocr_line' id='line_1_59' title="bbox 1307 330 2277 372; baseline 0.005 -14"><span class='ocrx_word' id='word_1_388' title='bbox 1307 339 1375 359; x_wconf 90' lang='lat' dir='ltr'>ram</span> <span class='ocrx_word' id='word_1_389' title='bbox 1399 335 1432 359; x_wconf 84' lang='lat' dir='ltr'>et</span> <span class='ocrx_word' id='word_1_390' title='bbox 1453 336 1617 360; x_wconf 86' lang='lat' dir='ltr'>aeternam</span> <span class='ocrx_word' id='word_1_391' title='bbox 1641 330 1812 367; x_wconf 86' lang='lat' dir='ltr'>iustitiam,</span> <span class='ocrx_word' id='word_1_392' title='bbox 1846 331 1906 361; x_wconf 89' lang='lat' dir='ltr'>sed</span> <span class='ocrx_word' id='word_1_393' title='bbox 1929 337 2051 362; x_wconf 87' lang='lat' dir='ltr'>tantum</span> <span class='ocrx_word' id='word_1_394' title='bbox 2074 332 2277 372; x_wconf 75' lang='lat' dir='ltr'>disciplinam</span> 
     </span>
     <span class='ocr_line' id='line_1_60' title="bbox 1307 372 2277 413; baseline 0.005 -13"><span class='ocrx_word' id='word_1_395' title='bbox 1307 376 1475 401; x_wconf 79' lang='lat' dir='ltr'>externam</span> <span class='ocrx_word' id='word_1_396' title='bbox 1499 372 1668 401; x_wconf 86' lang='lat' dir='ltr'>nobiseum</span> <span class='ocrx_word' id='word_1_397' title='bbox 1692 373 1893 409; x_wconf 89' lang='lat' dir='ltr'>morientem,</span> <span class='ocrx_word' id='word_1_398' title='bbox 1915 383 1999 413; x_wconf 85' lang='lat' dir='ltr'>quae</span> <span class='ocrx_word' id='word_1_399' title='bbox 2022 383 2087 403; x_wconf 92' lang='lat' dir='ltr'>non</span> <span class='ocrx_word' id='word_1_400' title='bbox 2110 380 2161 405; x_wconf 89' lang='lat' dir='ltr'>est</span> <span class='ocrx_word' id='word_1_401' title='bbox 2172 380 2277 405; x_wconf 90' lang='lat' dir='ltr'>aeter-</span> 
     </span>
     <span class='ocr_line' id='line_1_61' title="bbox 1306 412 2001 453; baseline 0.006 -12"><span class='ocrx_word' id='word_1_402' title='bbox 1306 422 1346 442; x_wconf 89' lang='lat' dir='ltr'>na</span> <span class='ocrx_word' id='word_1_403' title='bbox 1371 423 1430 443; x_wconf 87' lang='lat' dir='ltr'>seu</span> <span class='ocrx_word' id='word_1_404' title='bbox 1454 412 1612 443; x_wconf 86' lang='lat' dir='ltr'>durabilis</span> <span class='ocrx_word' id='word_1_405' title='bbox 1636 419 1668 443; x_wconf 89' lang='lat' dir='ltr'>et</span> <span class='ocrx_word' id='word_1_406' title='bbox 1692 420 1849 453; x_wconf 86' lang='lat' dir='ltr'>perpetua</span> <span class='ocrx_word' id='word_1_407' title='bbox 1872 414 2001 445; x_wconf 83' lang='lat' dir='ltr'>iustitia.</span> 
     </span>
    </p>

    <p class='ocr_par' dir='ltr' id='par_1_11' title="bbox 1305 454 2277 1166">
     <span class='ocr_line' id='line_1_62' title="bbox 1392 454 2275 498; baseline 0.006 -14"><span class='ocrx_word' id='word_1_408' title='bbox 1392 454 1459 485; x_wconf 87' lang='lat' dir='ltr'>Sed</span> <span class='ocrx_word' id='word_1_409' title='bbox 1488 465 1547 495; x_wconf 87' lang='lat' dir='ltr'>per</span> <span class='ocrx_word' id='word_1_410' title='bbox 1574 455 1725 486; x_wconf 66' lang='lat' dir='ltr'>Messian)</span> <span class='ocrx_word' id='word_1_411' title='bbox 1754 457 1870 486; x_wconf 82' lang='lat' dir='ltr'>damur</span> <span class='ocrx_word' id='word_1_412' title='bbox 1893 457 1976 486; x_wconf 88' lang='lat' dir='ltr'>haec</span> <span class='ocrx_word' id='word_1_413' title='bbox 1998 457 2143 498; x_wconf 87' lang='lat' dir='ltr'>ingentia</span> <span class='ocrx_word' id='word_1_414' title='bbox 2165 468 2275 489; x_wconf 90' lang='lat' dir='ltr'>mune-</span> 
     </span>
     <span class='ocr_line' id='line_1_63' title="bbox 1398 496 2275 539; baseline 0.007 -14"><span class='ocrx_word' id='word_1_415' title='bbox 1398 496 1539 527; x_wconf 89' lang='lat' dir='ltr'>Primum</span> <span class='ocrx_word' id='word_1_416' title='bbox 1564 497 1692 527; x_wconf 80' lang='lat' dir='ltr'>Gratia.</span> <span class='ocrx_word' id='word_1_417' title='bbox 1728 498 1760 528; x_wconf 92' lang='lat' dir='ltr'>id</span> <span class='ocrx_word' id='word_1_418' title='bbox 1788 505 1855 535; x_wconf 82' lang='lat' dir='ltr'>est,</span> <span class='ocrx_word' id='word_1_419' title='bbox 1889 499 2039 529; x_wconf 85' lang='lat' dir='ltr'>remissio</span> <span class='ocrx_word' id='word_1_420' title='bbox 2068 506 2275 539; x_wconf 86' lang='lat' dir='ltr'>peccatorum</span> 
     </span>
     <span class='ocr_line' id='line_1_64' title="bbox 1307 539 2276 578; baseline 0.006 -11"><span class='ocrx_word' id='word_1_421' title='bbox 1307 539 1448 578; x_wconf 81' lang='lat' dir='ltr'>gratuita</span> <span class='ocrx_word' id='word_1_422' title='bbox 1481 545 1512 568; x_wconf 90' lang='lat' dir='ltr'>et</span> <span class='ocrx_word' id='word_1_423' title='bbox 1540 539 1708 578; x_wconf 83' lang='lat' dir='ltr'>imputatio</span> <span class='ocrx_word' id='word_1_424' title='bbox 1731 540 1880 570; x_wconf 88' lang='lat' dir='ltr'>iustitiae.</span> <span class='ocrx_word' id='word_1_425' title='bbox 1925 540 2054 572; x_wconf 90' lang='lat' dir='ltr'>Deinde</span> <span class='ocrx_word' id='word_1_426' title='bbox 2077 543 2171 572; x_wconf 88' lang='lat' dir='ltr'>etiam</span> <span class='ocrx_word' id='word_1_427' title='bbox 2194 543 2276 573; x_wconf 87' lang='lat' dir='ltr'>veri-</span> 
     </span>
     <span class='ocr_line' id='line_1_65' title="bbox 1306 580 2276 622; baseline 0.006 -13"><span class='ocrx_word' id='word_1_428' title='bbox 1306 586 1368 617; x_wconf 84' lang='lat' dir='ltr'>tas,</span> <span class='ocrx_word' id='word_1_429' title='bbox 1405 580 1435 609; x_wconf 86' lang='lat' dir='ltr'>id</span> <span class='ocrx_word' id='word_1_430' title='bbox 1459 587 1520 617; x_wconf 88' lang='lat' dir='ltr'>est,</span> <span class='ocrx_word' id='word_1_431' title='bbox 1556 591 1634 611; x_wconf 89' lang='lat' dir='ltr'>vera</span> <span class='ocrx_word' id='word_1_432' title='bbox 1656 580 1723 618; x_wconf 82' lang='lat' dir='ltr'>lux,</span> <span class='ocrx_word' id='word_1_433' title='bbox 1757 583 1878 622; x_wconf 81' lang='lat' dir='ltr'>agnitio</span> <span class='ocrx_word' id='word_1_434' title='bbox 1903 582 1981 619; x_wconf 83' lang='lat' dir='ltr'>Dei,</span> <span class='ocrx_word' id='word_1_435' title='bbox 2005 589 2036 613; x_wconf 91' lang='lat' dir='ltr'>et</span> <span class='ocrx_word' id='word_1_436' title='bbox 2059 593 2138 614; x_wconf 90' lang='lat' dir='ltr'>vera</span> <span class='ocrx_word' id='word_1_437' title='bbox 2159 594 2200 614; x_wconf 88' lang='lat' dir='ltr'>ac</span> <span class='ocrx_word' id='word_1_438' title='bbox 2222 594 2276 615; x_wconf 83' lang='lat' dir='ltr'>ae-</span> 
     </span>
     <span class='ocr_line' id='line_1_66' title="bbox 1306 622 2276 665; baseline 0.005 -14"><span class='ocrx_word' id='word_1_439' title='bbox 1306 628 1399 652; x_wconf 87' lang='lat' dir='ltr'>terna</span> <span class='ocrx_word' id='word_1_440' title='bbox 1422 622 1542 652; x_wconf 86' lang='lat' dir='ltr'>iustitia</span> <span class='ocrx_word' id='word_1_441' title='bbox 1569 629 1600 653; x_wconf 86' lang='lat' dir='ltr'>et</span> <span class='ocrx_word' id='word_1_442' title='bbox 1616 625 1658 658; x_wconf 62' lang='grc' dir='ltr'>δι)</span> <span class='ocrx_word' id='word_1_443' title='bbox 1694 624 1768 654; x_wconf 88' lang='lat' dir='ltr'>vita.</span> <span class='ocrx_word' id='word_1_444' title='bbox 1814 623 1883 654; x_wconf 87' lang='lat' dir='ltr'>Etsi</span> <span class='ocrx_word' id='word_1_445' title='bbox 1907 625 2004 665; x_wconf 82' lang='lat' dir='ltr'>igitur</span> <span class='ocrx_word' id='word_1_446' title='bbox 2027 625 2161 656; x_wconf 74' lang='lat' dir='ltr'>(iratiae</span> <span class='ocrx_word' id='word_1_447' title='bbox 2179 635 2276 657; x_wconf 85' lang='lat' dir='ltr'>voca-</span> 
     </span>
     <span class='ocr_line' id='line_1_67' title="bbox 1307 662 2276 709; baseline 0.004 -16"><span class='ocrx_word' id='word_1_448' title='bbox 1307 662 1416 694; x_wconf 89' lang='lat' dir='ltr'>bulum</span> <span class='ocrx_word' id='word_1_449' title='bbox 1438 664 1601 704; x_wconf 83' lang='lat' dir='ltr'>signifieat</span> <span class='ocrx_word' id='word_1_450' title='bbox 1624 665 1847 696; x_wconf 84' lang='lat' dir='ltr'>remissionem</span> <span class='ocrx_word' id='word_1_451' title='bbox 1870 671 2078 706; x_wconf 87' lang='lat' dir='ltr'>peccatorum</span> <span class='ocrx_word' id='word_1_452' title='bbox 2102 668 2276 709; x_wconf 83' lang='lat' dir='ltr'>gratuitam</span> 
     </span>
     <span class='ocr_line' id='line_1_68' title="bbox 1305 706 2276 743; baseline 0.003 -7"><span class='ocrx_word' id='word_1_453' title='bbox 1305 717 1364 736; x_wconf 88' lang='lat' dir='ltr'>seu</span> <span class='ocrx_word' id='word_1_454' title='bbox 1387 706 1662 743; x_wconf 77' lang='lat' dir='ltr'>misericordiam,</span> <span class='ocrx_word' id='word_1_455' title='bbox 1695 713 1803 738; x_wconf 88' lang='lat' dir='ltr'>tamen</span> <span class='ocrx_word' id='word_1_456' title='bbox 1837 709 1933 738; x_wconf 90' lang='lat' dir='ltr'>etiam</span> <span class='ocrx_word' id='word_1_457' title='bbox 1955 706 2094 739; x_wconf 81' lang='lat' dir='ltr'>fatemur</span> <span class='ocrx_word' id='word_1_458' title='bbox 2116 709 2276 740; x_wconf 83' lang='lat' dir='ltr'>accedere</span> 
     </span>
     <span class='ocr_line' id='line_1_69' title="bbox 1306 748 2276 787; baseline 0.005 -11"><span class='ocrx_word' id='word_1_459' title='bbox 1306 748 1513 777; x_wconf 82' lang='lat' dir='ltr'>donationem</span> <span class='ocrx_word' id='word_1_460' title='bbox 1536 748 1677 787; x_wconf 84' lang='lat' dir='ltr'>Spiritus</span> <span class='ocrx_word' id='word_1_461' title='bbox 1711 750 1827 786; x_wconf 88' lang='lat' dir='ltr'>sancti,</span> <span class='ocrx_word' id='word_1_462' title='bbox 1861 757 1893 781; x_wconf 91' lang='lat' dir='ltr'>et</span> <span class='ocrx_word' id='word_1_463' title='bbox 1926 749 2016 781; x_wconf 89' lang='lat' dir='ltr'>clara</span> <span class='ocrx_word' id='word_1_464' title='bbox 2039 761 2122 781; x_wconf 89' lang='lat' dir='ltr'>voce</span> <span class='ocrx_word' id='word_1_465' title='bbox 2146 751 2276 781; x_wconf 82' lang='lat' dir='ltr'>danma-</span> 
     </span>
     <span class='ocr_line' id='line_1_70' title="bbox 1306 788 2275 830; baseline 0.003 -11"><span class='ocrx_word' id='word_1_466' title='bbox 1306 800 1376 819; x_wconf 89' lang='lat' dir='ltr'>mus</span> <span class='ocrx_word' id='word_1_467' title='bbox 1390 788 1514 829; x_wconf 86' lang='lat' dir='ltr'>Pelagii</span> <span class='ocrx_word' id='word_1_468' title='bbox 1537 799 1695 827; x_wconf 86' lang='lat' dir='ltr'>errorem,</span> <span class='ocrx_word' id='word_1_469' title='bbox 1718 792 1771 830; x_wconf 91' lang='lat' dir='ltr'>qui</span> <span class='ocrx_word' id='word_1_470' title='bbox 1793 802 1930 830; x_wconf 88' lang='lat' dir='ltr'>prorsus</span> <span class='ocrx_word' id='word_1_471' title='bbox 1955 791 2085 823; x_wconf 86' lang='lat' dir='ltr'>sustulit</span> <span class='ocrx_word' id='word_1_472' title='bbox 2102 793 2275 824; x_wconf 84' lang='lat' dir='ltr'>discrimen</span> 
     </span>
     <span class='ocr_line' id='line_1_71' title="bbox 1306 830 2274 872; baseline 0.005 -12"><span class='ocrx_word' id='word_1_473' title='bbox 1306 830 1538 871; x_wconf 86' lang='lat' dir='ltr'>Philosophiae</span> <span class='ocrx_word' id='word_1_474' title='bbox 1561 837 1593 861; x_wconf 89' lang='lat' dir='ltr'>et</span> <span class='ocrx_word' id='word_1_475' title='bbox 1615 831 1806 872; x_wconf 82' lang='lat' dir='ltr'>Evangelii,</span> <span class='ocrx_word' id='word_1_476' title='bbox 1830 839 1861 863; x_wconf 92' lang='lat' dir='ltr'>et</span> <span class='ocrx_word' id='word_1_477' title='bbox 1885 834 1990 871; x_wconf 81' lang='lat' dir='ltr'>finxit,</span> <span class='ocrx_word' id='word_1_478' title='bbox 2013 840 2048 864; x_wconf 87' lang='lat' dir='ltr'>ut</span> <span class='ocrx_word' id='word_1_479' title='bbox 2070 835 2102 864; x_wconf 90' lang='lat' dir='ltr'>in</span> <span class='ocrx_word' id='word_1_480' title='bbox 2124 833 2274 865; x_wconf 88' lang='lat' dir='ltr'>Philoso-</span> 
     </span>
     <span class='ocr_line' id='line_1_72' title="bbox 1306 872 2276 917; baseline 0.004 -15"><span class='ocrx_word' id='word_1_481' title='bbox 1306 873 1393 913; x_wconf 80' lang='lat' dir='ltr'>phia,</span> <span class='ocrx_word' id='word_1_482' title='bbox 1426 872 1575 903; x_wconf 88' lang='lat' dir='ltr'>homines</span> <span class='ocrx_word' id='word_1_483' title='bbox 1608 875 1704 904; x_wconf 87' lang='lat' dir='ltr'>etiam</span> <span class='ocrx_word' id='word_1_484' title='bbox 1738 875 1808 905; x_wconf 89' lang='lat' dir='ltr'>sine</span> <span class='ocrx_word' id='word_1_485' title='bbox 1832 875 1955 915; x_wconf 86' lang='lat' dir='ltr'>Spiritu</span> <span class='ocrx_word' id='word_1_486' title='bbox 1988 881 2102 906; x_wconf 89' lang='lat' dir='ltr'>sancto</span> <span class='ocrx_word' id='word_1_487' title='bbox 2126 875 2192 917; x_wconf 86' lang='lat' dir='ltr'>legi</span> <span class='ocrx_word' id='word_1_488' title='bbox 2213 875 2276 906; x_wconf 92' lang='lat' dir='ltr'>Dei</span> 
     </span>
     <span class='ocr_line' id='line_1_73' title="bbox 1306 913 2277 957; baseline 0.004 -13"><span class='ocrx_word' id='word_1_489' title='bbox 1306 913 1499 945; x_wconf 79' lang='lat' dir='ltr'>satisfacere</span> <span class='ocrx_word' id='word_1_490' title='bbox 1522 925 1633 955; x_wconf 88' lang='lat' dir='ltr'>posse,</span> <span class='ocrx_word' id='word_1_491' title='bbox 1657 921 1688 946; x_wconf 96' lang='lat' dir='ltr'>et</span> <span class='ocrx_word' id='word_1_492' title='bbox 1710 926 1781 946; x_wconf 87' lang='lat' dir='ltr'>eam</span> <span class='ocrx_word' id='word_1_493' title='bbox 1804 916 2009 957; x_wconf 79' lang='lat' dir='ltr'>disciplinam</span> <span class='ocrx_word' id='word_1_494' title='bbox 2032 927 2108 948; x_wconf 90' lang='lat' dir='ltr'>esse</span> <span class='ocrx_word' id='word_1_495' title='bbox 2123 917 2277 948; x_wconf 87' lang='lat' dir='ltr'>iustitiam</span> 
     </span>
     <span class='ocr_line' id='line_1_74' title="bbox 1306 957 2276 999; baseline 0.003 -12"><span class='ocrx_word' id='word_1_496' title='bbox 1306 957 1489 998; x_wconf 76' lang='lat' dir='ltr'>Evangelii,</span> <span class='ocrx_word' id='word_1_497' title='bbox 1512 967 1574 988; x_wconf 89' lang='lat' dir='ltr'>nec</span> <span class='ocrx_word' id='word_1_498' title='bbox 1597 968 1680 997; x_wconf 86' lang='lat' dir='ltr'>opus</span> <span class='ocrx_word' id='word_1_499' title='bbox 1704 968 1780 988; x_wconf 82' lang='lat' dir='ltr'>esse</span> <span class='ocrx_word' id='word_1_500' title='bbox 1804 959 1979 990; x_wconf 80' lang='lat' dir='ltr'>donatione</span> <span class='ocrx_word' id='word_1_501' title='bbox 1997 959 2138 999; x_wconf 87' lang='lat' dir='ltr'>Spiritus</span> <span class='ocrx_word' id='word_1_502' title='bbox 2160 959 2276 990; x_wconf 83' lang='lat' dir='ltr'>sancti.</span> 
     </span>
     <span class='ocr_line' id='line_1_75' title="bbox 1306 999 2276 1041; baseline 0.003 -12"><span class='ocrx_word' id='word_1_503' title='bbox 1306 999 1375 1029; x_wconf 88' lang='lat' dir='ltr'>Hos</span> <span class='ocrx_word' id='word_1_504' title='bbox 1403 999 1534 1030; x_wconf 81' lang='lat' dir='ltr'>furores</span> <span class='ocrx_word' id='word_1_505' title='bbox 1568 1000 1775 1037; x_wconf 73' lang='lat' dir='ltr'>damnamus,</span> <span class='ocrx_word' id='word_1_506' title='bbox 1809 1001 1884 1041; x_wconf 88' lang='lat' dir='ltr'>quia</span> <span class='ocrx_word' id='word_1_507' title='bbox 1916 1007 2004 1031; x_wconf 87' lang='lat' dir='ltr'>certe</span> <span class='ocrx_word' id='word_1_508' title='bbox 2027 1011 2148 1032; x_wconf 90' lang='lat' dir='ltr'>novam</span> <span class='ocrx_word' id='word_1_509' title='bbox 2169 1007 2202 1032; x_wconf 92' lang='lat' dir='ltr'>et</span> <span class='ocrx_word' id='word_1_510' title='bbox 2223 1011 2276 1032; x_wconf 91' lang='lat' dir='ltr'>ae-</span> 
     </span>
     <span class='ocr_line' id='line_1_76' title="bbox 1306 1041 2277 1084; baseline 0.003 -13"><span class='ocrx_word' id='word_1_511' title='bbox 1306 1047 1431 1072; x_wconf 88' lang='lat' dir='ltr'>ternam</span> <span class='ocrx_word' id='word_1_512' title='bbox 1465 1042 1565 1072; x_wconf 89' lang='lat' dir='ltr'>vitam</span> <span class='ocrx_word' id='word_1_513' title='bbox 1600 1041 1745 1072; x_wconf 87' lang='lat' dir='ltr'>inchoari</span> <span class='ocrx_word' id='word_1_514' title='bbox 1779 1041 1833 1073; x_wconf 87' lang='lat' dir='ltr'>hic</span> <span class='ocrx_word' id='word_1_515' title='bbox 1868 1049 2009 1084; x_wconf 87' lang='lat' dir='ltr'>oportet,</span> <span class='ocrx_word' id='word_1_516' title='bbox 2042 1044 2130 1084; x_wconf 91' lang='lat' dir='ltr'>quod</span> <span class='ocrx_word' id='word_1_517' title='bbox 2152 1053 2219 1074; x_wconf 90' lang='lat' dir='ltr'>non</span> <span class='ocrx_word' id='word_1_518' title='bbox 2242 1043 2277 1074; x_wconf 83' lang='lat' dir='ltr'>fit</span> 
     </span>
     <span class='ocr_line' id='line_1_77' title="bbox 1306 1083 2276 1124; baseline 0.003 -11"><span class='ocrx_word' id='word_1_519' title='bbox 1306 1084 1376 1114; x_wconf 90' lang='lat' dir='ltr'>sine</span> <span class='ocrx_word' id='word_1_520' title='bbox 1399 1083 1521 1123; x_wconf 87' lang='lat' dir='ltr'>Spiritu</span> <span class='ocrx_word' id='word_1_521' title='bbox 1543 1090 1675 1121; x_wconf 88' lang='lat' dir='ltr'>sancto,</span> <span class='ocrx_word' id='word_1_522' title='bbox 1704 1090 1737 1114; x_wconf 88' lang='lat' dir='ltr'>ut</span> <span class='ocrx_word' id='word_1_523' title='bbox 1770 1085 1894 1124; x_wconf 88' lang='lat' dir='ltr'>passim</span> <span class='ocrx_word' id='word_1_524' title='bbox 1917 1084 2059 1116; x_wconf 87' lang='lat' dir='ltr'>clamitat</span> <span class='ocrx_word' id='word_1_525' title='bbox 2081 1095 2147 1116; x_wconf 86' lang='lat' dir='ltr'>vox</span> <span class='ocrx_word' id='word_1_526' title='bbox 2169 1084 2276 1116; x_wconf 87' lang='lat' dir='ltr'>eoele-</span> 
     </span>
     <span class='ocr_line' id='line_1_78' title="bbox 1306 1124 1885 1166; baseline 0.003 -11"><span class='ocrx_word' id='word_1_527' title='bbox 1306 1127 1365 1156; x_wconf 82' lang='lat' dir='ltr'>stis</span> <span class='ocrx_word' id='word_1_528' title='bbox 1389 1126 1421 1155; x_wconf 90' lang='lat' dir='ltr'>in</span> <span class='ocrx_word' id='word_1_529' title='bbox 1444 1124 1624 1166; x_wconf 88' lang='lat' dir='ltr'>Evangelio</span> <span class='ocrx_word' id='word_1_530' title='bbox 1648 1131 1680 1156; x_wconf 90' lang='lat' dir='ltr'>et</span> <span class='ocrx_word' id='word_1_531' title='bbox 1702 1125 1885 1165; x_wconf 55' lang='lat' dir='ltr'>Prophetis.</span> 
     </span>
    </p>

    <p class='ocr_par' dir='ltr' id='par_1_12' title="bbox 1305 1167 2278 1839">
     <span class='ocr_line' id='line_1_79' title="bbox 1392 1167 2277 1208; baseline 0.002 -11"><span class='ocrx_word' id='word_1_532' title='bbox 1392 1167 1441 1198; x_wconf 91' lang='lat' dir='ltr'>Sit</span> <span class='ocrx_word' id='word_1_533' title='bbox 1462 1168 1559 1208; x_wconf 89' lang='lat' dir='ltr'>igitur</span> <span class='ocrx_word' id='word_1_534' title='bbox 1578 1167 1659 1198; x_wconf 85' lang='lat' dir='ltr'>haec</span> <span class='ocrx_word' id='word_1_535' title='bbox 1680 1168 1821 1199; x_wconf 87' lang='lat' dir='ltr'>definitio</span> <span class='ocrx_word' id='word_1_536' title='bbox 1845 1168 1992 1199; x_wconf 82' lang='lat' dir='ltr'>Gratiae:</span> <span class='ocrx_word' id='word_1_537' title='bbox 2018 1168 2133 1200; x_wconf 85' lang='lat' dir='ltr'>Gratia</span> <span class='ocrx_word' id='word_1_538' title='bbox 2155 1174 2206 1200; x_wconf 87' lang='lat' dir='ltr'>est</span> <span class='ocrx_word' id='word_1_539' title='bbox 2226 1178 2277 1199; x_wconf 87' lang='lat' dir='ltr'>re-</span> 
     </span>
     <span class='ocr_line' id='line_1_80' title="bbox 1306 1209 2276 1251; baseline 0.002 -12"><span class='ocrx_word' id='word_1_540' title='bbox 1306 1210 1417 1240; x_wconf 88' lang='lat' dir='ltr'>missio</span> <span class='ocrx_word' id='word_1_541' title='bbox 1442 1215 1669 1249; x_wconf 78' lang='lat' dir='ltr'>peccatorum,</span> <span class='ocrx_word' id='word_1_542' title='bbox 1702 1220 1762 1241; x_wconf 89' lang='lat' dir='ltr'>seu</span> <span class='ocrx_word' id='word_1_543' title='bbox 1786 1211 2008 1241; x_wconf 83' lang='lat' dir='ltr'>misericordia</span> <span class='ocrx_word' id='word_1_544' title='bbox 2030 1216 2163 1251; x_wconf 87' lang='lat' dir='ltr'>propter</span> <span class='ocrx_word' id='word_1_545' title='bbox 2185 1209 2276 1242; x_wconf 86' lang='lat' dir='ltr'>Chri-</span> 
     </span>
     <span class='ocr_line' id='line_1_81' title="bbox 1305 1252 2275 1293; baseline 0.001 -11"><span class='ocrx_word' id='word_1_546' title='bbox 1305 1258 1390 1282; x_wconf 87' lang='lat' dir='ltr'>stum</span> <span class='ocrx_word' id='word_1_547' title='bbox 1414 1252 1593 1291; x_wconf 70' lang='lat' dir='ltr'>promis-sa,</span> <span class='ocrx_word' id='word_1_548' title='bbox 1624 1262 1683 1282; x_wconf 87' lang='lat' dir='ltr'>seu</span> <span class='ocrx_word' id='word_1_549' title='bbox 1706 1254 1891 1292; x_wconf 79' lang='lat' dir='ltr'>acceptatio</span> <span class='ocrx_word' id='word_1_550' title='bbox 1915 1254 2064 1293; x_wconf 85' lang='lat' dir='ltr'>gratuita,</span> <span class='ocrx_word' id='word_1_551' title='bbox 2099 1263 2196 1293; x_wconf 88' lang='lat' dir='ltr'>quam</span> <span class='ocrx_word' id='word_1_552' title='bbox 2218 1262 2275 1283; x_wconf 87' lang='lat' dir='ltr'>ne-</span> 
     </span>
     <span class='ocr_line' id='line_1_82' title="bbox 1306 1294 2278 1334; baseline 0.001 -10"><span class='ocrx_word' id='word_1_553' title='bbox 1306 1295 1453 1324; x_wconf 88' lang='lat' dir='ltr'>cessario</span> <span class='ocrx_word' id='word_1_554' title='bbox 1489 1294 1658 1324; x_wconf 84' lang='lat' dir='ltr'>comitatur</span> <span class='ocrx_word' id='word_1_555' title='bbox 1692 1295 1823 1324; x_wconf 88' lang='lat' dir='ltr'>donatio</span> <span class='ocrx_word' id='word_1_556' title='bbox 1857 1295 1996 1334; x_wconf 86' lang='lat' dir='ltr'>Spiritus</span> <span class='ocrx_word' id='word_1_557' title='bbox 2030 1295 2145 1326; x_wconf 82' lang='lat' dir='ltr'>sancti.</span> <span class='ocrx_word' id='word_1_558' title='bbox 2207 1294 2278 1325; x_wconf 80' lang='lat' dir='ltr'>Nee</span> 
     </span>
     <span class='ocr_line' id='line_1_83' title="bbox 1306 1334 2276 1377; baseline 0.001 -12"><span class='ocrx_word' id='word_1_559' title='bbox 1306 1334 1438 1366; x_wconf 80' lang='lat' dir='ltr'>difficile</span> <span class='ocrx_word' id='word_1_560' title='bbox 1454 1341 1512 1370; x_wconf 41' lang='lat' dir='ltr'>:est</span> <span class='ocrx_word' id='word_1_561' title='bbox 1534 1336 1679 1366; x_wconf 88' lang='lat' dir='ltr'>iudicare</span> <span class='ocrx_word' id='word_1_562' title='bbox 1702 1336 1742 1366; x_wconf 89' lang='lat' dir='ltr'>de</span> <span class='ocrx_word' id='word_1_563' title='bbox 1766 1336 1930 1367; x_wconf 83' lang='lat' dir='ltr'>vocabulo</span> <span class='ocrx_word' id='word_1_564' title='bbox 1954 1337 2008 1374; x_wconf 83' lang='lat' dir='ltr'>iis,</span> <span class='ocrx_word' id='word_1_565' title='bbox 2039 1337 2156 1377; x_wconf 88' lang='lat' dir='ltr'>quibus</span> <span class='ocrx_word' id='word_1_566' title='bbox 2180 1336 2276 1376; x_wconf 84' lang='lat' dir='ltr'>phra-</span> 
     </span>
     <span class='ocr_line' id='line_1_84' title="bbox 1306 1377 2277 1419; baseline 0 -11"><span class='ocrx_word' id='word_1_567' title='bbox 1306 1379 1352 1408; x_wconf 87' lang='lat' dir='ltr'>sis</span> <span class='ocrx_word' id='word_1_568' title='bbox 1375 1377 1539 1408; x_wconf 88' lang='lat' dir='ltr'>Hebraica</span> <span class='ocrx_word' id='word_1_569' title='bbox 1572 1383 1649 1407; x_wconf 89' lang='lat' dir='ltr'>nota</span> <span class='ocrx_word' id='word_1_570' title='bbox 1682 1384 1742 1407; x_wconf 90' lang='lat' dir='ltr'>est.</span> <span class='ocrx_word' id='word_1_571' title='bbox 1789 1378 1961 1419; x_wconf 86' lang='lat' dir='ltr'>Significat</span> <span class='ocrx_word' id='word_1_572' title='bbox 1995 1379 2080 1409; x_wconf 90' lang='lat' dir='ltr'>enim</span> <span class='ocrx_word' id='word_1_573' title='bbox 2112 1378 2277 1409; x_wconf 89' lang='lat' dir='ltr'>Hebraica</span> 
     </span>
     <span class='ocr_line' id='line_1_85' title="bbox 1307 1417 2277 1459; baseline 0 -9"><span class='ocrx_word' id='word_1_574' title='bbox 1307 1430 1371 1450; x_wconf 76' lang='lat' dir='ltr'>vox</span> <span class='ocrx_word' id='word_1_575' title='bbox 1394 1429 1496 1459; x_wconf 87' lang='lat' dir='ltr'>saepe</span> <span class='ocrx_word' id='word_1_576' title='bbox 1519 1417 1681 1456; x_wconf 86' lang='lat' dir='ltr'>favorem,</span> <span class='ocrx_word' id='word_1_577' title='bbox 1705 1420 1864 1450; x_wconf 87' lang='lat' dir='ltr'>interdum</span> <span class='ocrx_word' id='word_1_578' title='bbox 1888 1421 1984 1451; x_wconf 84' lang='lat' dir='ltr'>etiam</span> <span class='ocrx_word' id='word_1_579' title='bbox 2007 1421 2135 1451; x_wconf 87' lang='lat' dir='ltr'>donum.</span> <span class='ocrx_word' id='word_1_580' title='bbox 2181 1420 2277 1451; x_wconf 84' lang='lat' dir='ltr'>Nunc</span> 
     </span>
     <span class='ocr_line' id='line_1_86' title="bbox 1307 1461 2277 1502; baseline 0 -10"><span class='ocrx_word' id='word_1_581' title='bbox 1307 1462 1494 1492; x_wconf 86' lang='lat' dir='ltr'>testimonia</span> <span class='ocrx_word' id='word_1_582' title='bbox 1515 1461 1678 1498; x_wconf 83' lang='lat' dir='ltr'>adiiciam,</span> <span class='ocrx_word' id='word_1_583' title='bbox 1709 1471 1793 1501; x_wconf 87' lang='lat' dir='ltr'>quae</span> <span class='ocrx_word' id='word_1_584' title='bbox 1816 1467 1978 1492; x_wconf 86' lang='lat' dir='ltr'>testantur</span> <span class='ocrx_word' id='word_1_585' title='bbox 2000 1463 2138 1502; x_wconf 87' lang='lat' dir='ltr'>gratiam</span> <span class='ocrx_word' id='word_1_586' title='bbox 2159 1463 2192 1492; x_wconf 90' lang='lat' dir='ltr'>in</span> <span class='ocrx_word' id='word_1_587' title='bbox 2213 1461 2277 1492; x_wconf 87' lang='lat' dir='ltr'>hae</span> 
     </span>
     <span class='ocr_line' id='line_1_87' title="bbox 1306 1503 2277 1544; baseline 0.001 -11"><span class='ocrx_word' id='word_1_588' title='bbox 1306 1503 1500 1544; x_wconf 87' lang='lat' dir='ltr'>quaestione</span> <span class='ocrx_word' id='word_1_589' title='bbox 1532 1504 1707 1543; x_wconf 84' lang='lat' dir='ltr'>praecipue</span> <span class='ocrx_word' id='word_1_590' title='bbox 1740 1503 1929 1544; x_wconf 85' lang='lat' dir='ltr'>significare</span> <span class='ocrx_word' id='word_1_591' title='bbox 1956 1505 2130 1544; x_wconf 88' lang='lat' dir='ltr'>gratuitam</span> <span class='ocrx_word' id='word_1_592' title='bbox 2152 1505 2277 1534; x_wconf 88' lang='lat' dir='ltr'>miseri-</span> 
     </span>
     <span class='ocr_line' id='line_1_88' title="bbox 1307 1545 2275 1586; baseline 0.001 -11"><span class='ocrx_word' id='word_1_593' title='bbox 1307 1546 1451 1576; x_wconf 87' lang='lat' dir='ltr'>cordiam</span> <span class='ocrx_word' id='word_1_594' title='bbox 1485 1556 1545 1575; x_wconf 89' lang='lat' dir='ltr'>seu</span> <span class='ocrx_word' id='word_1_595' title='bbox 1578 1546 1751 1586; x_wconf 86' lang='lat' dir='ltr'>gratuitam</span> <span class='ocrx_word' id='word_1_596' title='bbox 1773 1545 2084 1577; x_wconf 85' lang='lat' dir='ltr'>reconciliationem.</span> <span class='ocrx_word' id='word_1_597' title='bbox 2128 1545 2222 1577; x_wconf 89' lang='lat' dir='ltr'>Rom.</span> <span class='ocrx_word' id='word_1_598' title='bbox 2244 1547 2275 1576; x_wconf 91' lang='grc'>4.</span> 
     </span>
     <span class='ocr_line' id='line_1_89' title="bbox 1307 1587 2275 1628; baseline -0.001 -9"><span class='ocrx_word' id='word_1_599' title='bbox 1307 1591 1371 1626; x_wconf 91' lang='lat' dir='ltr'>[vs.</span> <span class='ocrx_word' id='word_1_600' title='bbox 1396 1588 1441 1625; x_wconf 72' lang='grc'>4.]</span> <span class='ocrx_word' id='word_1_601' title='bbox 1465 1587 1621 1627; x_wconf 89' lang='lat' dir='ltr'>Operanti</span> <span class='ocrx_word' id='word_1_602' title='bbox 1656 1597 1781 1618; x_wconf 81' lang='lat' dir='ltr'>merces</span> <span class='ocrx_word' id='word_1_603' title='bbox 1806 1597 1871 1618; x_wconf 91' lang='lat' dir='ltr'>non</span> <span class='ocrx_word' id='word_1_604' title='bbox 1893 1588 2068 1628; x_wconf 87' lang='lat' dir='ltr'>imputatur</span> <span class='ocrx_word' id='word_1_605' title='bbox 2095 1588 2275 1619; x_wconf 90' lang='lat' dir='ltr'>secundum</span> 
     </span>
     <span class='ocr_line' id='line_1_90' title="bbox 1307 1629 2276 1671; baseline 0 -11"><span class='ocrx_word' id='word_1_606' title='bbox 1307 1630 1453 1671; x_wconf 89' lang='lat' dir='ltr'>gratiam.</span> <span class='ocrx_word' id='word_1_607' title='bbox 1490 1630 1551 1659; x_wconf 90' lang='lat' dir='ltr'>Hic</span> <span class='ocrx_word' id='word_1_608' title='bbox 1574 1630 1748 1670; x_wconf 86' lang='lat' dir='ltr'>perspicue</span> <span class='ocrx_word' id='word_1_609' title='bbox 1771 1631 1909 1671; x_wconf 86' lang='lat' dir='ltr'>gratiam</span> <span class='ocrx_word' id='word_1_610' title='bbox 1932 1629 2081 1671; x_wconf 88' lang='lat' dir='ltr'>intelligit</span> <span class='ocrx_word' id='word_1_611' title='bbox 2103 1630 2276 1671; x_wconf 88' lang='lat' dir='ltr'>gratuitam</span> 
     </span>
     <span class='ocr_line' id='line_1_91' title="bbox 1308 1670 2277 1712; baseline 0.001 -10"><span class='ocrx_word' id='word_1_612' title='bbox 1308 1670 1566 1702; x_wconf 87' lang='lat' dir='ltr'>benevolentiam</span> <span class='ocrx_word' id='word_1_613' title='bbox 1600 1682 1660 1702; x_wconf 91' lang='lat' dir='ltr'>seu</span> <span class='ocrx_word' id='word_1_614' title='bbox 1690 1672 1942 1712; x_wconf 89' lang='lat' dir='ltr'>imputationem.</span> <span class='ocrx_word' id='word_1_615' title='bbox 1986 1672 2046 1703; x_wconf 88' lang='lat' dir='ltr'>Est</span> <span class='ocrx_word' id='word_1_616' title='bbox 2080 1673 2163 1703; x_wconf 90' lang='lat' dir='ltr'>enim</span> <span class='ocrx_word' id='word_1_617' title='bbox 2185 1671 2277 1703; x_wconf 83' lang='lat' dir='ltr'>Anti-</span> 
     </span>
     <span class='ocr_line' id='line_1_92' title="bbox 1306 1713 2277 1751; baseline 0 -7"><span class='ocrx_word' id='word_1_618' title='bbox 1306 1714 1426 1745; x_wconf 87' lang='lat' dir='ltr'>thesis:</span> <span class='ocrx_word' id='word_1_619' title='bbox 1472 1713 1658 1744; x_wconf 87' lang='lat' dir='ltr'>Laboribus</span> <span class='ocrx_word' id='word_1_620' title='bbox 1689 1714 1825 1745; x_wconf 86' lang='lat' dir='ltr'>debetur</span> <span class='ocrx_word' id='word_1_621' title='bbox 1853 1724 2000 1751; x_wconf 80' lang='lat' dir='ltr'>merces3</span> <span class='ocrx_word' id='word_1_622' title='bbox 2044 1714 2088 1745; x_wconf 89' lang='lat' dir='ltr'>At</span> <span class='ocrx_word' id='word_1_623' title='bbox 2122 1714 2277 1751; x_wconf 86' lang='lat' dir='ltr'>credenti,</span> 
     </span>
     <span class='ocr_line' id='line_1_93' title="bbox 1306 1755 2277 1797; baseline -0.001 -10"><span class='ocrx_word' id='word_1_624' title='bbox 1306 1757 1431 1787; x_wconf 85' lang='lat' dir='ltr'>etiamsi</span> <span class='ocrx_word' id='word_1_625' title='bbox 1452 1766 1518 1787; x_wconf 89' lang='lat' dir='ltr'>non</span> <span class='ocrx_word' id='word_1_626' title='bbox 1537 1755 1630 1786; x_wconf 85' lang='lat' dir='ltr'>affert</span> <span class='ocrx_word' id='word_1_627' title='bbox 1652 1757 1777 1794; x_wconf 80' lang='lat' dir='ltr'>merita,</span> <span class='ocrx_word' id='word_1_628' title='bbox 1812 1762 1919 1787; x_wconf 88' lang='lat' dir='ltr'>tamen</span> <span class='ocrx_word' id='word_1_629' title='bbox 1942 1756 1977 1787; x_wconf 88' lang='lat' dir='ltr'>fit</span> <span class='ocrx_word' id='word_1_630' title='bbox 1999 1757 2165 1797; x_wconf 83' lang='lat' dir='ltr'>imputatio</span> <span class='ocrx_word' id='word_1_631' title='bbox 2188 1756 2277 1787; x_wconf 87' lang='lat' dir='ltr'>iusti-</span> 
     </span>
     <span class='ocr_line' id='line_1_94' title="bbox 1306 1799 1542 1839; baseline -0.004 -10"><span class='ocrx_word' id='word_1_632' title='bbox 1306 1799 1369 1829; x_wconf 85' lang='lat' dir='ltr'>tiae</span> <span class='ocrx_word' id='word_1_633' title='bbox 1394 1799 1542 1839; x_wconf 85' lang='lat' dir='ltr'>gratuita.</span> 
     </span>
    </p>

    <p class='ocr_par' dir='ltr' id='par_1_13' title="bbox 1306 1839 2277 2090">
     <span class='ocr_line' id='line_1_95' title="bbox 1391 1839 2276 1881; baseline 0 -11"><span class='ocrx_word' id='word_1_634' title='bbox 1391 1841 1516 1871; x_wconf 89' lang='lat' dir='ltr'>Eodem</span> <span class='ocrx_word' id='word_1_635' title='bbox 1539 1841 1635 1871; x_wconf 89' lang='lat' dir='ltr'>modo</span> <span class='ocrx_word' id='word_1_636' title='bbox 1658 1846 1776 1880; x_wconf 88' lang='lat' dir='ltr'>postea</span> <span class='ocrx_word' id='word_1_637' title='bbox 1798 1839 1957 1881; x_wconf 88' lang='lat' dir='ltr'>loquitur:</span> <span class='ocrx_word' id='word_1_638' title='bbox 1980 1840 2056 1871; x_wconf 88' lang='lat' dir='ltr'>ldeo</span> <span class='ocrx_word' id='word_1_639' title='bbox 2079 1850 2119 1870; x_wconf 89' lang='lat' dir='ltr'>ex</span> <span class='ocrx_word' id='word_1_640' title='bbox 2144 1839 2207 1870; x_wconf 89' lang='lat' dir='ltr'>fide</span> <span class='ocrx_word' id='word_1_641' title='bbox 2225 1849 2276 1870; x_wconf 89' lang='lat' dir='ltr'>se—</span> 
     </span>
     <span class='ocr_line' id='line_1_96' title="bbox 1307 1882 2277 1923; baseline -0.001 -10"><span class='ocrx_word' id='word_1_642' title='bbox 1307 1883 1446 1913; x_wconf 86' lang='lat' dir='ltr'>cundum</span> <span class='ocrx_word' id='word_1_643' title='bbox 1469 1883 1618 1923; x_wconf 85' lang='lat' dir='ltr'>gratiam,</span> <span class='ocrx_word' id='word_1_644' title='bbox 1641 1888 1676 1912; x_wconf 93' lang='lat' dir='ltr'>ut</span> <span class='ocrx_word' id='word_1_645' title='bbox 1698 1883 1739 1912; x_wconf 90' lang='lat' dir='ltr'>sit</span> <span class='ocrx_word' id='word_1_646' title='bbox 1763 1882 1854 1913; x_wconf 87' lang='lat' dir='ltr'>firma</span> <span class='ocrx_word' id='word_1_647' title='bbox 1876 1883 2066 1922; x_wconf 84' lang='lat' dir='ltr'>promissio,</span> <span class='ocrx_word' id='word_1_648' title='bbox 2096 1882 2129 1912; x_wconf 91' lang='lat' dir='ltr'>id</span> <span class='ocrx_word' id='word_1_649' title='bbox 2152 1888 2220 1920; x_wconf 83' lang='lat' dir='ltr'>est,</span> <span class='ocrx_word' id='word_1_650' title='bbox 2242 1887 2277 1912; x_wconf 92' lang='lat' dir='ltr'>ut</span> 
     </span>
     <span class='ocr_line' id='line_1_97' title="bbox 1306 1923 2277 1963; baseline 0 -8"><span class='ocrx_word' id='word_1_651' title='bbox 1306 1927 1348 1955; x_wconf 90' lang='lat' dir='ltr'>sit</span> <span class='ocrx_word' id='word_1_652' title='bbox 1382 1932 1472 1955; x_wconf 89' lang='lat' dir='ltr'>certa</span> <span class='ocrx_word' id='word_1_653' title='bbox 1505 1923 1736 1955; x_wconf 86' lang='lat' dir='ltr'>reconciliatio.</span> <span class='ocrx_word' id='word_1_654' title='bbox 1780 1924 1854 1954; x_wconf 90' lang='lat' dir='ltr'>Non</span> <span class='ocrx_word' id='word_1_655' title='bbox 1891 1924 2008 1963; x_wconf 70' lang='lat' dir='ltr'>pendet</span> <span class='ocrx_word' id='word_1_656' title='bbox 2030 1933 2070 1954; x_wconf 87' lang='lat' dir='ltr'>ex</span> <span class='ocrx_word' id='word_1_657' title='bbox 2091 1924 2277 1955; x_wconf 86' lang='lat' dir='ltr'>conditione</span> 
     </span>
     <span class='ocr_line' id='line_1_98' title="bbox 1306 1965 2276 2007; baseline 0.001 -11"><span class='ocrx_word' id='word_1_658' title='bbox 1306 1972 1440 1997; x_wconf 87' lang='lat' dir='ltr'>nostrae</span> <span class='ocrx_word' id='word_1_659' title='bbox 1474 1967 1656 2007; x_wconf 89' lang='lat' dir='ltr'>dignitatis,</span> <span class='ocrx_word' id='word_1_660' title='bbox 1691 1966 1749 1996; x_wconf 90' lang='lat' dir='ltr'>sed</span> <span class='ocrx_word' id='word_1_661' title='bbox 1772 1972 1823 1995; x_wconf 88' lang='lat' dir='ltr'>est</span> <span class='ocrx_word' id='word_1_662' title='bbox 1845 1966 1996 2006; x_wconf 88' lang='lat' dir='ltr'>gratuita.</span> <span class='ocrx_word' id='word_1_663' title='bbox 2041 1965 2124 1996; x_wconf 88' lang='lat' dir='ltr'>Nam</span> <span class='ocrx_word' id='word_1_664' title='bbox 2146 1967 2175 1995; x_wconf 87' lang='lat' dir='ltr'>si</span> <span class='ocrx_word' id='word_1_665' title='bbox 2198 1966 2276 1997; x_wconf 88' lang='lat' dir='ltr'>iudi—</span> 
     </span>
     <span class='ocr_line' id='line_1_99' title="bbox 1307 2008 2275 2048; baseline -0.001 -9"><span class='ocrx_word' id='word_1_666' title='bbox 1307 2019 1362 2039; x_wconf 88' lang='lat' dir='ltr'>ces</span> <span class='ocrx_word' id='word_1_667' title='bbox 1385 2010 1429 2039; x_wconf 90' lang='lat' dir='ltr'>ita</span> <span class='ocrx_word' id='word_1_668' title='bbox 1453 2014 1484 2039; x_wconf 87' lang='lat' dir='ltr'>te</span> <span class='ocrx_word' id='word_1_669' title='bbox 1505 2008 1626 2039; x_wconf 88' lang='lat' dir='ltr'>habere</span> <span class='ocrx_word' id='word_1_670' title='bbox 1649 2008 1884 2045; x_wconf 77' lang='lat' dir='ltr'>remissionem,</span> <span class='ocrx_word' id='word_1_671' title='bbox 1917 2008 1945 2037; x_wconf 90' lang='lat' dir='ltr'>si</span> <span class='ocrx_word' id='word_1_672' title='bbox 1979 2008 2096 2048; x_wconf 89' lang='lat' dir='ltr'>dignus</span> <span class='ocrx_word' id='word_1_673' title='bbox 2123 2018 2163 2038; x_wconf 86' lang='lat' dir='ltr'>ac</span> <span class='ocrx_word' id='word_1_674' title='bbox 2186 2018 2275 2038; x_wconf 88' lang='lat' dir='ltr'>mun—</span> 
     </span>
     <span class='ocr_line' id='line_1_100' title="bbox 1306 2049 2226 2090; baseline -0.001 -9"><span class='ocrx_word' id='word_1_675' title='bbox 1306 2052 1367 2082; x_wconf 89' lang='lat' dir='ltr'>dus</span> <span class='ocrx_word' id='word_1_676' title='bbox 1390 2052 1447 2088; x_wconf 86' lang='lat' dir='ltr'>sis,</span> <span class='ocrx_word' id='word_1_677' title='bbox 1470 2056 1625 2090; x_wconf 85' lang='lat' dir='ltr'>sequetur</span> <span class='ocrx_word' id='word_1_678' title='bbox 1648 2049 1772 2080; x_wconf 85' lang='lat' dir='ltr'>infinita</span> <span class='ocrx_word' id='word_1_679' title='bbox 1796 2050 1949 2080; x_wconf 86' lang='lat' dir='ltr'>dubitatio</span> <span class='ocrx_word' id='word_1_680' title='bbox 1973 2056 2005 2080; x_wconf 93' lang='lat' dir='ltr'>et</span> <span class='ocrx_word' id='word_1_681' title='bbox 2027 2050 2226 2090; x_wconf 85' lang='lat' dir='ltr'>desperatio.</span> 
     </span>
    </p>

    <p class='ocr_par' dir='ltr' id='par_1_14' title="bbox 1306 2091 2276 2260">
     <span class='ocr_line' id='line_1_101' title="bbox 1392 2091 2275 2133; baseline 0 -11"><span class='ocrx_word' id='word_1_682' title='bbox 1392 2092 1486 2122; x_wconf 85' lang='lat' dir='ltr'>Rom.</span> <span class='ocrx_word' id='word_1_683' title='bbox 1515 2092 1546 2122; x_wconf 86' lang='grc'>6.</span> <span class='ocrx_word' id='word_1_684' title='bbox 1577 2095 1637 2128; x_wconf 74' lang='lat' dir='ltr'>[vs.</span> <span class='ocrx_word' id='word_1_685' title='bbox 1669 2092 1732 2129; x_wconf 75' lang='lat'>14]</span> <span class='ocrx_word' id='word_1_686' title='bbox 1763 2092 1836 2122; x_wconf 88' lang='lat' dir='ltr'>Non</span> <span class='ocrx_word' id='word_1_687' title='bbox 1866 2092 1945 2122; x_wconf 86' lang='lat' dir='ltr'>estis</span> <span class='ocrx_word' id='word_1_688' title='bbox 1975 2092 2037 2122; x_wconf 88' lang='lat' dir='ltr'>sub</span> <span class='ocrx_word' id='word_1_689' title='bbox 2065 2091 2180 2133; x_wconf 86' lang='lat' dir='ltr'>Lege,</span> <span class='ocrx_word' id='word_1_690' title='bbox 2216 2092 2275 2122; x_wconf 88' lang='lat' dir='ltr'>sed</span> 
     </span>
     <span class='ocr_line' id='line_1_102' title="bbox 1306 2132 2276 2175; baseline -0.001 -10"><span class='ocrx_word' id='word_1_691' title='bbox 1306 2136 1367 2165; x_wconf 90' lang='lat' dir='ltr'>sub</span> <span class='ocrx_word' id='word_1_692' title='bbox 1398 2135 1513 2165; x_wconf 69' lang='lat' dir='ltr'>trratia.</span> <span class='ocrx_word' id='word_1_693' title='bbox 1558 2134 1617 2164; x_wconf 83' lang='lat' dir='ltr'>llic</span> <span class='ocrx_word' id='word_1_694' title='bbox 1642 2132 1763 2164; x_wconf 88' lang='lat' dir='ltr'>Paulus</span> <span class='ocrx_word' id='word_1_695' title='bbox 1790 2133 1855 2164; x_wconf 88' lang='lat' dir='ltr'>hoc</span> <span class='ocrx_word' id='word_1_696' title='bbox 1880 2135 1987 2173; x_wconf 86' lang='lat' dir='ltr'>ipsum</span> <span class='ocrx_word' id='word_1_697' title='bbox 2009 2134 2094 2175; x_wconf 87' lang='lat' dir='ltr'>agit,</span> <span class='ocrx_word' id='word_1_698' title='bbox 2123 2143 2185 2164; x_wconf 88' lang='lat' dir='ltr'>nos</span> <span class='ocrx_word' id='word_1_699' title='bbox 2208 2132 2276 2174; x_wconf 90' lang='lat' dir='ltr'>pla-</span> 
     </span>
     <span class='ocr_line' id='line_1_103' title="bbox 1306 2158 2276 2217; baseline -0.001 -10"><span class='ocrx_word' id='word_1_700' title='bbox 1306 2187 1381 2207; x_wconf 89' lang='lat' dir='ltr'>cere</span> <span class='ocrx_word' id='word_1_701' title='bbox 1397 2158 1476 2206; x_wconf 51' lang='lat' dir='ltr'>ffieo</span> <span class='ocrx_word' id='word_1_702' title='bbox 1512 2183 1645 2216; x_wconf 87' lang='lat' dir='ltr'>propter</span> <span class='ocrx_word' id='word_1_703' title='bbox 1668 2175 1800 2212; x_wconf 83' lang='lat' dir='ltr'>Filium,</span> <span class='ocrx_word' id='word_1_704' title='bbox 1823 2186 1890 2206; x_wconf 89' lang='lat' dir='ltr'>non</span> <span class='ocrx_word' id='word_1_705' title='bbox 1908 2182 2043 2217; x_wconf 87' lang='lat' dir='ltr'>propter</span> <span class='ocrx_word' id='word_1_706' title='bbox 2062 2182 2208 2207; x_wconf 88' lang='lat' dir='ltr'>nostram</span> <span class='ocrx_word' id='word_1_707' title='bbox 2231 2176 2276 2206; x_wconf 90' lang='lat' dir='ltr'>di-</span> 
     </span>
     <span class='ocr_line' id='line_1_104' title="bbox 1306 2217 2276 2260; baseline 0 -12"><span class='ocrx_word' id='word_1_708' title='bbox 1306 2220 1473 2260; x_wconf 88' lang='lat' dir='ltr'>gnitatem,</span> <span class='ocrx_word' id='word_1_709' title='bbox 1494 2229 1566 2248; x_wconf 88' lang='lat' dir='ltr'>cum</span> <span class='ocrx_word' id='word_1_710' title='bbox 1589 2219 1719 2258; x_wconf 88' lang='lat' dir='ltr'>quidem</span> <span class='ocrx_word' id='word_1_711' title='bbox 1742 2217 1849 2248; x_wconf 89' lang='lat' dir='ltr'>adhuc</span> <span class='ocrx_word' id='word_1_712' title='bbox 1872 2217 2006 2249; x_wconf 87' lang='lat' dir='ltr'>haereat</span> <span class='ocrx_word' id='word_1_713' title='bbox 2027 2217 2060 2248; x_wconf 90' lang='lat' dir='ltr'>in</span> <span class='ocrx_word' id='word_1_714' title='bbox 2083 2218 2206 2249; x_wconf 87' lang='lat' dir='ltr'>renatis</span> <span class='ocrx_word' id='word_1_715' title='bbox 2228 2219 2276 2248; x_wconf 89' lang='lat' dir='ltr'>in-</span> 
     </span>
    </p>

    <p class='ocr_par' dir='ltr' id='par_1_15' title="bbox 1329 2259 2276 2301">
     <span class='ocr_line' id='line_1_105' title="bbox 1329 2259 2276 2301; baseline -0.002 -10"><span class='ocrx_word' id='word_1_716' title='bbox 1329 2270 1387 2291; x_wconf 89' lang='lat' dir='ltr'>ens</span> <span class='ocrx_word' id='word_1_717' title='bbox 1432 2259 1635 2291; x_wconf 86' lang='lat' dir='ltr'>imbecillitas</span> <span class='ocrx_word' id='word_1_718' title='bbox 1676 2266 1707 2290; x_wconf 92' lang='lat' dir='ltr'>et</span> <span class='ocrx_word' id='word_1_719' title='bbox 1748 2266 1928 2299; x_wconf 83' lang='lat' dir='ltr'>peecatum.</span> <span class='ocrx_word' id='word_1_720' title='bbox 1975 2260 2146 2301; x_wconf 85' lang='lat' dir='ltr'>Significat</span> <span class='ocrx_word' id='word_1_721' title='bbox 2179 2260 2276 2300; x_wconf 90' lang='lat' dir='ltr'>igitur</span> 
     </span>
    </p>

    <p class='ocr_par' dir='ltr' id='par_1_16' title="bbox 1304 2271 2275 2375">
     <span class='ocr_line' id='line_1_106' title="bbox 1306 2271 2275 2343; baseline -0.001 -10"><span class='ocrx_word' id='word_1_722' title='bbox 1306 2271 1418 2334; x_wconf 73' lang='lat' dir='ltr'>(ngatia</span> <span class='ocrx_word' id='word_1_723' title='bbox 1446 2303 1619 2343; x_wconf 84' lang='lat' dir='ltr'>gratuitam</span> <span class='ocrx_word' id='word_1_724' title='bbox 1647 2302 1902 2332; x_wconf 88' lang='lat' dir='ltr'>misericordiam</span> <span class='ocrx_word' id='word_1_725' title='bbox 1924 2303 2119 2342; x_wconf 88' lang='lat' dir='ltr'>promissam</span> <span class='ocrx_word' id='word_1_726' title='bbox 2140 2307 2275 2342; x_wconf 86' lang='lat' dir='ltr'>propter</span> 
     </span>
     <span class='ocr_line' id='line_1_107' title="bbox 1304 2344 1428 2375; baseline -0.008 0"><span class='ocrx_word' id='word_1_727' title='bbox 1304 2344 1428 2375; x_wconf 81' lang='lat' dir='ltr'>Filium.</span> 
     </span>
    </p>

    <p class='ocr_par' dir='ltr' id='par_1_17' title="bbox 1390 2385 2274 2426">
     <span class='ocr_line' id='line_1_108' title="bbox 1390 2385 2274 2426; baseline 0 -10"><span class='ocrx_word' id='word_1_728' title='bbox 1390 2385 1484 2417; x_wconf 87' lang='lat' dir='ltr'>Rom.</span> <span class='ocrx_word' id='word_1_729' title='bbox 1507 2386 1538 2417; x_wconf 88' lang='lat'>5.</span> <span class='ocrx_word' id='word_1_730' title='bbox 1564 2386 1704 2424; x_wconf 80' lang='lat' dir='ltr'>[vs.20.]</span> <span class='ocrx_word' id='word_1_731' title='bbox 1728 2385 1792 2416; x_wconf 92' lang='lat' dir='ltr'>Ubi</span> <span class='ocrx_word' id='word_1_732' title='bbox 1814 2386 1990 2417; x_wconf 88' lang='lat' dir='ltr'>abundavit</span> <span class='ocrx_word' id='word_1_733' title='bbox 2012 2392 2198 2426; x_wconf 85' lang='lat' dir='ltr'>peccatum,</span> <span class='ocrx_word' id='word_1_734' title='bbox 2220 2395 2274 2417; x_wconf 89' lang='lat' dir='ltr'>su-</span> 
     </span>
    </p>
   </div>
   <div class='ocr_carea' id='block_1_10' title="bbox 1308 506 1353 526">
    <p class='ocr_par' dir='ltr' id='par_1_18' title="bbox 1308 506 1353 526">
     <span class='ocr_line' id='line_1_109' title="bbox 1308 506 1353 526; baseline 0.044 -2"><span class='ocrx_word' id='word_1_735' title='bbox 1308 506 1353 526; x_wconf 72' lang='grc' dir='ltr'>Γᾶ.</span> 
     </span>
    </p>
   </div>
   <div class='ocr_carea' id='block_1_11' title="bbox 1304 2465 1470 2469">
    <p class='ocr_par' dir='ltr' id='par_1_19' title="bbox 1304 2465 1470 2469">
     <span class='ocr_line' id='line_1_110' title="bbox 1304 2465 1470 2469; baseline 0 0"><span class='ocrx_word' id='word_1_736' title='bbox 1304 2465 1470 2469; x_wconf 95' lang='lat' dir='ltr'> </span> 
     </span>
    </p>
   </div>
   <div class='ocr_carea' id='block_1_12' title="bbox 1305 2522 1702 2552">
    <p class='ocr_par' dir='ltr' id='par_1_20' title="bbox 1305 2522 1702 2552">
     <span class='ocr_line' id='line_1_111' title="bbox 1305 2522 1702 2552; baseline 0 -6"><span class='ocrx_word' id='word_1_737' title='bbox 1305 2524 1350 2551; x_wconf 80' lang='grc'>61)</span> <span class='ocrx_word' id='word_1_738' title='bbox 1369 2522 1403 2552; x_wconf 87' lang='lat' dir='ltr'>et]</span> <span class='ocrx_word' id='word_1_739' title='bbox 1426 2522 1496 2546; x_wconf 84' lang='lat' dir='ltr'>Editt.</span> <span class='ocrx_word' id='word_1_740' title='bbox 1520 2522 1592 2545; x_wconf 69' lang='lat'>1—9.</span> <span class='ocrx_word' id='word_1_741' title='bbox 1614 2522 1654 2544; x_wconf 77' lang='lat'>12.</span> <span class='ocrx_word' id='word_1_742' title='bbox 1673 2527 1702 2546; x_wconf 85' lang='lat' dir='ltr'>ac</span> 
     </span>
    </p>
   </div>
  </div>
 </body>
</html>
