2358 2933
105 109 166 141 837

105 201 312 232 anctoritate.
360 197 537 229 Discamus
549 199 596 238 ⁹⁰)
627 198 668 228 ab
692 195 856 232 Ecclesia,
879 195 967 236 quod
991 196 1078 234 λόγος

105 244 138 274 111
170 242 358 273 narratione
379 240 511 271 Ioannis
539 250 613 280 cap.
639 239 667 269 1.
702 237 865 280 significet
887 247 1078 278 personam3

106 285 173 316 Sed
197 284 359 315 credimus
382 281 482 312 filium
500 281 564 313 Dei
587 291 663 312 esse
680 287 798 311 natura
808 279 927 316 Deum,
951 285 983 309 et
1005 289 1078 309 eum

104 328 310 363 invocamuS,
334 325 410 365 quia
431 325 503 364 ipse
525 323 590 355 hoc
614 322 773 354 revelavit
796 327 827 352 et
849 322 881 352 in
898 320 1078 363 Evangelio

105 369 246 399 tradidit.

190 409 263 441 Hoc
297 409 472 439 discrimen
507 407 781 439 considerandum
815 412 878 442 est,
913 415 978 435 non
1003 415 1079 436 con-

105 459 287 483 temnamus
321 452 494 482 docentem
517 448 719 485 Ecclesiam,
754 454 786 478 et
809 453 916 478 tamen
940 448 1079 481 iudicem

105 503 180 525 esse
214 494 358 531 sciamus
381 494 487 533 ipsum
509 493 645 523 verbum
668 490 741 521 Dei.
786 489 833 520 Ita
854 490 888 520 in
909 495 1079 530 utramque

104 542 229 577 partem
253 541 432 567 caveantur
453 533 670 570 incommoda,
693 531 844 563 videlicet
866 541 908 562 ne
930 532 1078 573 tyrannis

103 587 227 619 pravae
250 577 498 609 consuetudinis
521 574 716 612 stabiliatur,
739 584 801 605 nec
825 580 933 604 tamen
952 573 1080 604 laxetur

104 619 231 651 frenum
254 621 434 651 audacibus
457 619 608 659 ingeniiS,
631 627 715 658 quae
738 618 766 647 si
790 627 855 648 non
875 617 1007 647 audiant
1024 626 1079 646 ve-

103 672 173 693 ram
195 661 393 699 Ecclesiam,
426 661 553 702 fingunt
575 660 758 700 opiniones,
793 669 876 700 quae
911 657 1000 689 nulla
1022 657 1079 688 ha-

103 705 181 735 bent
203 704 389 735 testimonia
410 702 508 734 ullius
532 702 688 741 temporis
710 702 743 732 in
765 700 931 738 Ecclesia,
964 706 999 731 ut
1021 710 1079 730 no-

104 752 173 776 stro
208 751 354 786 tempore
387 744 536 776 fecerunt
570 744 746 781 Servetus,
771 743 968 784 Campanus,
990 742 1078 772 Ana-

104 788 265 828 baptistae
289 794 319 818 et
342 786 396 818 alii
417 786 520 817 multi.
551 786 736 817 Docentem
749 785 933 816 Ecclesiam
957 794 1078 821 amare,

104 831 209 860 vereri
244 836 276 860 et
298 830 450 860 venerari
474 829 652 865 discamus,
688 834 719 859 et
743 829 883 868 purioris
906 825 1078 858 Ecclesiae

103 873 288 903 testimonia
306 873 525 912 inquiramus,
555 871 641 901 sicut
670 871 701 900 in
725 870 884 911 aHegoria
907 869 1077 900 Samsonis

103 914 292 945 dulcissime
333 914 550 954 significatum
589 919 640 943 est
675 913 757 950 [lud.
790 913 844 949 14,
880 911 961 949 18.]:
1006 911 1077 941 Nisi

103 957 263 987 arassetis
285 966 360 986 mea
381 954 493 993 vitula,
516 965 582 985 non
604 956 833 992 invenissetis,
867 954 899 984 id
923 960 991 991 est,
1016 953 1078 983 nisi

103 999 279 1029 audissetis
299 996 503 1028 laborantem
517 996 701 1028 Ecclesiam
726 998 758 1027 in
779 996 970 1033 ministerio,
994 1005 1078 1036 quae

103 1046 155 1071 est
178 1046 293 1071 custos
317 1040 409 1071 verbi
430 1039 510 1077 Dei,
533 1049 672 1080 prorsus
697 1040 843 1081 ignotum
868 1044 958 1069 esset
981 1038 1076 1068 vobis

102 1083 238 1113 verbum
260 1081 334 1113 Dei.
378 1081 421 1112 Et
448 1080 537 1112 Psal.
570 1081 622 1112 67.
658 1084 720 1118 [vs.
755 1081 820 1119 274
855 1081 890 1111 ln
917 1079 1078 1110 Ecclesiis

103 1125 286 1155 benedicite
308 1124 381 1155 Deo
404 1123 546 1154 Domino
582 1124 622 1154 de
644 1122 789 1154 fontibus
813 1121 928 1159 lsrael,
962 1122 994 1152 id
1016 1128 1078 1159 est,

102 1165 268 1201 celebrate
299 1167 480 1201 doctrinam
505 1172 537 1196 et
571 1166 701 1206 quidem
730 1166 762 1196 in
791 1164 925 1206 publica
949 1162 1078 1195 confes-

102 1209 195 1239 sione
217 1209 250 1239 in
274 1214 371 1239 coetu
392 1208 592 1239 audientium
614 1206 845 1248 Evangelium,
869 1207 928 1237 sed
952 1206 1078 1236 haurite

102 1261 174 1281 eam
197 1260 237 1281 ex
255 1249 399 1281 fontibus
422 1249 543 1287 lsrael,
571 1251 603 1280 id
627 1255 696 1286 est,
731 1259 771 1279 ex
794 1250 974 1280 ministerio
998 1248 1077 1278 Pro-

101 1292 272 1332 phetarum
295 1298 326 1322 et
348 1290 597 1331 Apostolorum.

184 1333 261 1364 Dixi
283 1334 324 1364 de
347 1333 533 1364 definitione
555 1332 728 1364 Ecclesiae
752 1340 784 1364 et
808 1334 848 1364 de
871 1333 1076 1374 quaestione,

101 1377 155 1407 ubi
189 1376 231 1406 sit
253 1377 453 1416 quaerenda,
487 1374 624 1413 scilicet,
659 1377 846 1416 ubicunque
880 1382 976 1406 sonat
1010 1386 1075 1406 vox

101 1416 270 1459 Evangelii
293 1418 494 1458 incorrupta,
514 1418 707 1458 praesertim
726 1418 814 1459 quod
832 1419 874 1449 ad
887 1416 1077 1449 fundamen-

100 1466 167 1490 tum
191 1460 316 1497 attinet,
339 1466 373 1491 ut
397 1458 520 1491 Paulus
544 1459 704 1501 loquitur,
728 1461 760 1491 id
784 1467 846 1498 est,
870 1462 925 1492 ubi
949 1459 1076 1490 articuli

101 1501 176 1532 fidei
210 1502 327 1543 integri
358 1508 389 1532 et
423 1503 495 1533 sine
530 1501 726 1542 corruptelis
762 1503 934 1534 traduntur
957 1508 988 1532 et
1011 1513 1076 1532 non

101 1542 321 1575 defenduntur
342 1543 507 1575 manifesti
532 1544 641 1576 cultus
664 1544 835 1575 idolorum.
866 1544 947 1575 Cum
969 1550 1077 1576 autem

99 1586 217 1627 ingens
242 1587 284 1617 sit
307 1585 514 1617 imbecillitas
538 1588 636 1617 etiam
659 1588 690 1617 in
714 1588 838 1618 sanctis
862 1588 894 1617 in
913 1586 976 1618 hac
1000 1588 1077 1625 vita,

100 1627 155 1659 alii
189 1626 276 1667 plus,
309 1627 364 1659 alii
397 1629 504 1660 minus
539 1629 623 1660 lucis
647 1629 779 1660 habent.
826 1630 902 1660 Ideo
921 1628 1077 1666 Basilius,

101 1670 309 1707 Ambrosius,
328 1669 541 1711 Epiphanius,
561 1671 778 1712 Augustinus,
796 1672 1021 1710 Bernhardus,
1046 1678 1077 1702 91

100 1711 191 1744 11111111
214 1711 281 1749 alii,
304 1712 431 1742 etiamsi
454 1713 698 1745 fundamentum
723 1721 814 1745 recte
827 1721 1012 1752 tenuerunt,
1031 1721 1076 1745 ta-

101 1764 175 1785 men
209 1753 331 1794 aliquid
358 1754 517 1786 interdum
547 1757 660 1787 dicunt
683 1758 926 1789 inconsiderate
950 1758 990 1788 de
1014 1758 1078 1787 riti-

103 1798 163 1828 bus
186 1795 349 1833 humanis,
362 1802 397 1826 ut
409 1799 558 1828 omnibus¹
573 1797 694 1839 aliquid
708 1801 851 1840 contagii
870 1800 1077 1841 aspergit90·‘)

101 1838 308 1870 consuetudo
344 1839 395 1869 sui
425 1840 539 1869 seculi.
585 1840 661 1871 Ideo
684 1841 807 1872 Paulus
831 1843 1010 1883 praecipit,
1045 1847 1078 1872 ut

101 1880 348 1912 fundamentum
371 1880 547 1920 praecipue
568 1885 833 1921 consideremus,
858 1890 889 1915 et
913 1885 1077 1925 significat

101 1923 204 1954 multa
232 1932 312 1953 vera
341 1925 483 1953 membra
505 1921 675 1956 Ecclesiae
703 1926 826 1957 habere
849 1926 969 1968 aliquid
992 1928 1078 1957 infir-

102 1965 221 1996 mitatis
245 1971 277 1996 et
299 1963 429 2005 aliquos
453 1974 589 1995 naevos·
910 1999 915 2002 ‘

187 2007 456 2044 Fundamentum,
490 2006 605 2047 inquit,
638 2018 700 2040 non
735 2018 842 2051 potest
872 2014 948 2052 poni
979 2011 1078 2049 aliud,

102 2055 232 2090 praeter
255 2049 298 2086 id,
323 2049 410 2089 quod
433 2050 577 2089 positum
602 2055 664 2086 est,
686 2055 767 2090 quo]
794 2061 843 2084 est
868 2054 961 2085 lesus
987 2054 1079 2085 Chri-

103 2098 186 2122 stus.
233 2091 304 2121 Hoc
323 2092 411 2121 dicto
435 2090 665 2131 complectitur
689 2096 908 2134 cognitionem
932 2098 1079 2127 incorru-

101 2140 189 2174 ptam
231 2133 373 2164 omnium
412 2132 624 2165 articulorum
656 2134 731 2165 fidei
767 2145 794 2168 et
827 2135 1102 2179 prohibitionem*

102 2175 211 2207 cultus
235 2174 406 2206 idolorum.
452 2175 582 2206 Deinde
604 2178 768 2217 sequitur:
809 2180 901 2213 Alius
925 2191 1079 2222 superae-

102 2218 213 2249 dificat
236 2228 361 2254 aurum,
385 2216 468 2248 alius
492 2217 648 2259 stipulas,
681 2225 717 2250 ut
739 2219 944 2265 Polycarpus
969 2230 1078 2255 extru-

101 2261 149 2291 xit
181 2271 297 2291 aurum
331 2270 432 2300 super
465 2258 727 2300 fundamentum,
763 2264 794 2294 id
819 2270 881 2302 est,
902 2266 1079 2298 illustravit

102 2304 326 2334 necessariam
356 2303 558 2341 doctrinam,
593 2302 734 2335 refutato
758 2305 927 2339 Marcione
962 2310 1003 2339 de
1027 2319 1078 2339 es·

102 2346 210 2376 sentia
231 2345 313 2381 Dei,
349 2346 388 2376 de
413 2355 534 2376 caussa
557 2345 631 2377 mali
656 2353 687 2376 91
711 2348 751 2378 (19
774 2347 847 2379 aliis
871 2349 979 2381 multis
1003 2352 1078 2382 arti-

102 2471 149 2501 90)
169 2471 309 2502 Discamusl
331 2472 402 2497 Editt.
424 2474 446 2496 2.
469 2474 559 2498 4-14,
582 2476 620 2499 19.
641 2475 764 2500 Discimus

110 2521 168 2550 90¹³)
187 2523 311 2552 aspergit]
330 2522 400 2547 Editt.
421 2523 459 2548 20.
481 2524 596 2550 25—27..
617 2526 689 2556 corp.
714 2527 906 2557 1-8.aspersit

578 106 600 135 1.
629 104 730 136 Locl
752 101 1025 135 THEOLOGICI:
1049 102 1090 133 D.

1109 101 1268 133 TERTIA
1290 100 1445 133 EORUM
1468 101 1622 133 AETAS.
2033 100 2096 132 838

1123 194 1217 232 culis,
1242 200 1273 224 et
1296 194 1404 225 cultus
1426 194 1589 234 praestitit
1612 198 1807 234 praeceptos
1831 192 1936 223 aDeo
1960 199 1991 222 et
2009 202 2095 224 Sum-

1122 246 1205 274 moS,
1231 243 1321 267 recte
1345 237 1541 277 gubernavit
1563 235 1749 266 Ecclesiam
1773 240 1804 265 et
1827 235 1956 265 ornavit
1969 234 2096 265 confes-

1123 279 1248 309 sionem
1281 279 1472 309 admiranda
1506 278 1692 309 constantia
1725 278 1758 307 in
1791 275 1963 317 supplicio.
2008 276 2097 307 Haec

1124 321 1231 351 omnia
1266 321 1473 352 continentur
1505 319 1726 361 appellatione
1749 320 1841 350 Auri.
1886 319 1931 350 At
1952 318 2097 350 Basilius

1123 368 1155 393 et
1188 362 1243 393 alii
1272 361 1364 394 inulti
1388 368 1601 393 extruxerunt.
1624 361 1762 402 stipulas
1786 372 1886 402 super
1908 361 2097 392 fundamen-

1123 411 1200 442 tum,
1225 406 1279 446 qui
1302 405 1504 436 retinuerunt
1527 406 1657 444 quidem
1681 403 1836 434 articulos
1860 404 1946 441 fidei,
1971 404 2028 434 sed
2052 410 2098 434 ta-

1122 456 1195 477 men
1219 448 1425 478 instituerunt
1449 448 1530 477 ritus
1554 446 1776 483 Monasticos,
1812 453 1841 476 et
1866 445 1920 476 illa
1944 446 2097 478 exercitia

1122 489 1346 528 praetulerunt
1369 491 1454 520 vitae
1476 487 1646 529 politicae,
1671 494 1703 519 et
1727 488 1911 519 offudertult
1933 488 2097 519 hominurn

1122 532 1236 561 animis
1267 533 1462 571 opinionem,
1496 536 1532 561 ut
1561 535 1752 570 putarentur
1786 540 1859 561 esse
1894 530 2001 561 cultus
2024 530 2096 562 Dei.

1122 573 1250 603 Deinde
1268 572 1368 604 multo
1390 574 1495 613 magis
1519 579 1711 603 erraverunt
1733 571 1838 610 multi,
1862 573 1916 613 qui
1936 572 2096 603 finxerunt

1123 614 1206 646 tales
1231 616 1434 650 ceremonias
1458 615 1576 645 mereri
1600 615 1827 645 remissionem
1850 621 2069 654 peccatorum.

1209 657 1315 698 Inquit
1337 663 1444 689 autem
1468 656 1591 688 Paulus
1616 657 1660 694 [1.
1675 656 1752 687 Cor.
1776 656 1806 693 3,
1832 657 1914 695 13.]:
1940 657 2097 688 Uniuscu-

1122 700 1236 740 iusque
1256 710 1339 740 opus
1363 699 1462 740 quale
1485 700 1538 736 sit,
1561 699 1645 740 ignis
1669 699 1830 739 probabit.
1866 698 1990 730 Alludit
2014 700 2096 729 enim

1122 742 1163 772 ad
1186 743 1355 772 materiam
1378 741 1613 773 aedificiorum.
1659 741 1784 772 Aurum
1807 752 1874 772 non
1897 742 2099 772 consumitur

1121 784 1199 825 igni,
1224 783 1363 824 stipulae
1385 783 1485 815 facile
1509 784 1696 824 concipiunt
1719 783 1867 815 flammas
1887 790 1917 814 et
1931 782 2098 815 celerrime

1123 826 1318 866 deflagrant.
1364 827 1411 857 Ita
1445 827 1477 857 in
1512 828 1690 857 tentatione
1724 827 1845 866 agitata
1880 832 1910 857 et
1934 827 2098 866 disputata

1121 869 1270 899 doctrina
1302 879 1381 900 vera
1415 876 1446 900 et
1468 870 1657 899 necessaria
1691 874 1810 903 manet,
1847 875 1879 899 et
1908 867 2098 900 consolatur

1122 917 1267 948 mentes,
1301 918 1335 942 ut
1369 922 1455 942 nunc
1479 912 1662 942 doctrinam
1686 912 1726 941 de
1748 911 1868 941 iuStitia
1891 910 1966 941 fidei
1989 912 2097 952 cogni-

1122 959 1186 982 tam
1217 963 1330 983 omnes
1353 955 1397 995 pii
1419 953 1557 984 libenter
1575 953 1836 994 amplectuntur,
1860 959 1889 983 et
1914 952 2095 994 intelligunt

1122 995 1247 1026 firmam
1277 996 1537 1028 consolationem
1572 1006 1659 1026 esse.
1705 995 1849 1026 Econtra
1879 1005 1958 1026 vero
1982 1005 2097 1027 evane-

1123 1044 1217 1068 scunt
1243 1038 1322 1068 ritus
1346 1037 1538 1075 Monastici,
1572 1039 1648 1078 quia
1675 1039 1738 1069 iam
1760 1037 2003 1079 intelliguntur,
2036 1047 2096 1068 nec

1122 1080 1162 1109 ad
1197 1081 1394 1120 agnitionem
1418 1080 1479 1110 Dei
1509 1089 1570 1110 nec
1593 1081 1635 1111 ad
1657 1090 1766 1110 mores
1790 1081 1961 1120 prodesse.
2006 1080 2098 1110 Haec

1123 1122 1196 1152 ideo
1219 1123 1384 1158 recensui,
1407 1128 1439 1152 et
1462 1128 1496 1152 ut
1509 1120 1603 1152 Pauli
1627 1122 1745 1153 dictum
1769 1127 1891 1153 attente
1914 1122 2098 1153 considere-

1121 1170 1185 1201 tur,
1210 1171 1242 1195 et
1266 1171 1300 1194 ut
1320 1163 1510 1204 deploretur
1528 1164 1700 1195 infirmitas
1724 1164 1877 1201 humana,
1901 1174 1985 1205 quae
2004 1165 2099 1196 etiam

1121 1207 1153 1236 in
1188 1207 1275 1236 veris
1311 1205 1484 1238 Ecclesiae
1514 1207 1668 1237 membris
1702 1216 1805 1247 saepe
1836 1207 2044 1247 conspicitur,
2067 1213 2100 1236 et.

1121 1248 1299 1288 prudenter
1334 1249 1374 1279 de
1407 1250 1605 1288 scriptorum
1630 1250 1724 1280 dictis
1748 1250 1918 1287 iudicetur,
1943 1256 1975 1280 et
1998 1258 2098 1290 agno-

1121 1297 1251 1328 scatur,
1286 1302 1370 1331 quae
1394 1291 1612 1323 condonanda
1635 1292 1699 1322 sint
1723 1298 1754 1323 et
1778 1301 1863 1332 quae
1887 1301 1952 1323 non
1976 1292 2096 1323 condo-

1119 1333 1237 1364 nanda.

1209 1375 1251 1406 Ut
1286 1383 1395 1406 autem
1427 1377 1601 1407 discrimen
1635 1376 1808 1408 Ecclesiae
1842 1383 1874 1407 et
1910 1376 2098 1407 Politiarum

1120 1419 1227 1459 magis
1252 1419 1484 1459 conspiciatur,
1505 1418 1638 1450 collatio
1662 1419 1727 1450 fiat.
1762 1419 1797 1450 ln
1821 1420 1965 1460 imperiis
1987 1420 2097 1450 mundi

1096 1460 1202 1507 lhaec
1235 1462 1297 1491 tria
1332 1470 1472 1492 necesse
1502 1468 1553 1492 est
1577 1471 1667 1492 esse:
1703 1462 1860 1499 ordinem,
1896 1461 2032 1503 gloriam
2068 1469 2096 1491 et

1120 1504 1300 1543 p1·aesidia;
1322 1503 1367 1533 Ut
1388 1504 1420 1533 in
1444 1513 1546 1544 regno
1560 1503 1689 1535 Gallico
1713 1511 1762 1535 est
1787 1505 1879 1542 ordo,
1902 1510 1937 1535 ut
1960 1504 1999 1534 sit
2013 1513 2098 1535 unus

1120 1544 1208 1582 Rex,
1247 1556 1311 1586 quo
1346 1552 1475 1576 mortuo
1511 1556 1651 1577 necesse
1682 1553 1732 1577 est
1764 1557 1882 1587 parere
1906 1547 2097 1577 succedenti

1121 1588 1284 1619 ordinaria
1321 1590 1547 1620 successione.
1595 1589 1724 1620 Deinde
1759 1596 1836 1621 sunt
1859 1595 1970 1620 certae
1988 1588 2097 1630 Leges

1121 1636 1151 1660 et
1184 1631 1303 1662 iudicia
1338 1637 1502 1663 certorum
1535 1630 1683 1662 locorum
1707 1637 1739 1661 et
1766 1632 1889 1673 gradus
1911 1631 2095 1671 Principum

1122 1678 1153 1704 et
1186 1672 1309 1713 populi.
1355 1672 1468 1704 Gloria
1493 1679 1543 1705 est
1566 1675 1768 1714 praestantia
1791 1673 1920 1705 consilii
1943 1680 1975 1704 et
1998 1674 2097 1704 virtu—

1121 1722 1200 1753 tum,
1223 1726 1263 1746 ac
1287 1716 1456 1754 victoriae,
1481 1717 1566 1757 quia,
1592 1726 1841 1757 cummuiquam
1859 1717 1902 1746 sit
1920 1723 2010 1747 certa
2023 1726 2097 1755 pax,

1121 1759 1208 1789 sicut
1232 1757 1326 1788 Plato
1361 1758 1457 1795 dicit,
1492 1760 1523 1789 in
1557 1759 1699 1799 imperiis
1724 1769 1839 1799 pacem
1861 1760 1957 1789 inane
1979 1768 2096 1789 nomen

1122 1810 1210 1838 esse,
1247 1810 1378 1841 semper
1413 1802 1497 1831 enim
1532 1808 1587 1832 aut
1622 1803 1712 1832 cives
1742 1802 1876 1842 inquieti
1904 1808 1960 1832 aut
1981 1800 2096 1831 hostes

1121 1842 1370 1879 tumultuantur,
1400 1853 1540 1874 necesse
1575 1850 1624 1874 est
1657 1843 1777 1875 multos
1812 1853 1887 1874 esse
1916 1852 2096 1884 prosperos

1122 1896 1302 1916 successus
1335 1892 1365 1915 et
1402 1886 1556 1916 victorias
1578 1888 1845 1923 ⁰albei-natorum,
1879 1885 2000 1926 alioqui
2035 1886 2097 1915 cito

1123 1929 1360 1968 dissiparentur
1395 1929 1539 1968 imperia.
1577 1910 1754 1959 spraesidia
1784 1935 1860 1959 sunt
1883 1929 2045 1959 exercitus
2069 1934 2099 1958 et

1122 1980 1202 2010 opes
1237 1972 1448 2001 necessariae
1481 1972 1523 2001 ad
1546 1977 1694 2011 sumptus
1718 1972 1917 2002 domesticae
1940 1971 2099 2012 guberna-

1123 2013 1220 2043 tionis
1244 2019 1275 2043 et
1298 2013 1340 2043 ad
1364 2012 1450 2043 bella
1473 2014 1629 2054 gerenda.

1210 2054 1301 2085 Haec
1335 2056 1396 2086 tria
1425 2055 1520 2086 aliter
1542 2066 1579 2086 se
1604 2056 1722 2087 habent
1745 2057 1776 2086 in
1800 2055 1969 2092 Ecclesia,
2005 2065 2099 2095 quam

1123 2098 1155 2128 in
1180 2097 1337 2137 Imperiis.

1211 2139 1301 2170 Ordo
1337 2147 1405 2177 est,
1442 2141 1515 2181 quia
1552 2150 1669 2171 revera
1698 2150 1797 2172 unum
1822 2146 1872 2171 est
1895 2146 1994 2180 caput
2017 2140 2099 2170 dans

1122 2183 1222 2213 vitam
1246 2188 1278 2212 91
1301 2183 1389 2213 bona
1414 2188 1547 2214 aeterna
1573 2182 1755 2221 Ecclesiae,
1776 2181 1901 2214 scilicet
1924 2181 2009 2213 filius
2027 2181 2099 2213 Dei.

1124 2225 1192 2255 Sed
1215 2224 1279 2255 hoc
1302 2232 1401 2265 caput
1424 2235 1491 2256 non
1511 2226 1713 2265 conspicitur
1730 2225 1794 2256 iam
1812 2224 1917 2256 oculis
1937 2225 2098 2266 corporis

1123 2277 1184 2298 nec
1209 2272 1299 2298 tenet
1321 2273 1451 2298 coetum
1473 2269 1528 2298 uni
1552 2267 1649 2299 alicui
1671 2267 1746 2298 1090
1771 2266 1950 2309 alligatum,
1973 2277 2035 2298 nec
2055 2274 2099 2298 ta-

1122 2320 1196 2340 men
1220 2308 1394 2349 1111111159οῠ)
1420 2316 1469 2340 est
1494 2310 1588 2347 ordo,
1611 2311 1671 2340 sed
1683 2320 1814 2350 semper
1825 2316 1876 2341 est
1887 2310 2099 2340 ministerium

1122 2350 1302 2393 Evangelii.
1349 2351 1389 2382 Et
1418 2353 1487 2383 iure
1510 2353 1619 2383 divino
1643 2353 1780 2384 debetur
1804 2353 1988 2384 obedientia
2010 2352 2099 2382 mini-

1123 2395 1200 2426 stris
1235 2392 1407 2435 Evangelii
1442 2395 1472 2425 111
1509 2396 1671 2432 omnibus,
1706 2405 1790 2435 quae
1814 2395 1970 2435 praecipit
1993 2393 2098 2424 Evan-

1099 2517 1102 2551 ἔ
1124 2531 1184 2557 90111
1206 2529 1302 2561 nunus]
1322 2530 1394 2555 Editt
1419 2531 1456 2555 18.
1478 2532 1518 2554 20.
1542 2532 1661 2556 25—27..
1681 2532 1752 2561 corp.
1774 2533 1845 2555 1—8.
1867 2532 1934 2556 uuus

1896 2581 1941 2603 5:5³
