2358 2933
138 119 221 152 1085

135 224 210 246 cum
232 211 334 244 Filius
358 212 436 243 dicit
460 210 722 244 consolationem
751 213 783 243 in
811 213 991 251 mentibus,
1019 212 1115 244 simul

134 255 271 289 effundit
292 255 448 296 Spiritum
470 260 620 286 sanetum
642 256 675 286 in
699 256 818 293 corda,
840 255 896 296 qui
918 265 1025 286 novos
1047 266 1115 287 mo-

134 306 188 331 tus
212 299 374 335 accendit,
399 295 506 339 qualis
529 298 602 338 ipse
625 303 692 336 est,
715 304 748 329 et
770 298 926 328 miscetur
949 299 1115 338 spiritibus

134 340 304 378 vitalibus,
330 340 431 381 fitque
454 338 613 371 illustrior
636 341 751 371 notitia
772 342 1030 381 congruentibus
1049 351 1117 372 mo-

134 386 222 416 tibus
247 384 368 414 cordis.
405 382 467 413 Est
488 383 586 423 igitur
608 383 769 423 sapientia
788 381 986 424 generaliter
1003 384 1117 415 notitia

134 437 215 458 vera
243 425 381 457 illustris
411 431 467 456 aut
488 426 683 462 mediocris,
714 435 904 466 agnoscens
930 436 1002 464 res,
1033 436 1116 467 quas

133 469 228 501 Deus
251 467 322 501 vult
344 469 449 509 aspici
466 470 510 509 79)
534 474 566 499 et
590 468 805 506 considerari,
829 469 914 499 sicut
936 468 1116 500 Deuteron.

135 514 165 543 4.
187 516 250 550 [vs.
269 511 313 550 6.]
338 511 470 542 dicitur:
506 510 595 542 Haec
615 516 665 541 est
684 512 843 552 sapientia
861 518 986 550 vestra,
1005 513 1118 544 audire

135 560 315 597 praecepta
337 553 412 584 Dei.

221 596 352 628 FIDES
377 603 426 627 est
449 596 604 628 assentiri
627 596 714 627 omni
732 597 834 628 verbo
848 597 911 628 Dei
934 598 1030 629 nobis
1053 603 1118 628 tra-

135 641 215 678 dito,
238 645 338 681 atque
361 640 406 671 ita
429 645 461 670 et
483 639 693 680 promissioni
716 640 855 681 gratiaez
880 645 912 670 et
929 646 981 671 est
999 640 1118 671 fiducia

134 685 168 714 in
190 682 361 714 voluntate
385 688 417 713 et
439 682 557 719 corde,
592 682 809 723 acquiescens
829 684 862 713 in
884 682 959 714 Deo
982 690 1118 724 propter

134 725 367 763 Mediatorem,
402 734 547 756 accensa
575 735 634 766 per
662 726 799 756 verbum
821 724 885 756 Dei
908 732 940 757 et
962 726 1118 766 Spiritum

135 774 305 805 sanetum,
328 778 392 808 qua
416 778 475 800 001·
497 768 530 798 111
553 778 655 799 sensu
678 769 746 799 irae
768 767 830 799 Dei
854 769 966 809 agnita
993 769 1118 799 miseri-

137 812 251 842 cordia
284 810 401 847 Dei50)
437 811 606 842 reviviscit
636 816 668 841 et
690 810 834 842 laetatur
857 811 889 841 in
911 811 986 842 Deo
1011 818 1043 842 et
1065 822 1118 842 ac-

136 854 223 885 cedit
257 854 299 884 ad
329 863 402 884 eum
426 860 459 884 et
481 854 614 885 invocat
632 864 706 884 eum
730 852 876 885 clamans
899 853 998 885 Abba
1020 854 1119 885 Pater

135 898 228 928 iuxta
252 897 433 930 (11οῑ1111181)
469 895 563 927 Rom.
588 896 618 926 5.
640 899 703 933 [vS.
729 897 769 935 1.]
793 896 1019 937 lustifieatiffl)
1055 896 1119 928 fide

135 949 253 980 pacem
287 938 448 970 habemus
483 949 562 980 erga
596 938 714 970 Deum.
728 941 776 980 ³⁵3)
845 939 924 970 Item
957 939 1052 970 Rom.
1086 939 1117 971 8.

135 986 199 1019 [vs.
226 982 288 1020 15.]
314 981 502 1012 Clamamus
528 981 628 1013 Abba
648 988 753 1022 pater.
766 984 813 1019 8⁴)

222 1024 330 1056 SPES
355 1030 404 1055 est
430 1030 521 1055 certa
543 1025 732 1065 expectatio
755 1025 842 1056 vitae
866 1031 1021 1056 aeternae
1042 1034 1118 1065 pro-

134 1074 208 1109 pter
231 1067 448 1098 Mediatorem
483 1068 588 1107 gratis
624 1068 763 1105 dandae,
799 1074 831 1098 et
859 1073 910 1098 est
933 1067 1116 1108 expectatio

133 1111 348 1152 mitigationis
384 1120 445 1140 seu
475 1109 680 1140 liberationis
704 1110 927 1150 praesentium
952 1109 1117 1140 calamita-

134 1160 202 1185 tum
235 1154 328 1184 iuxta
352 1152 527 1183 consilium
550 1152 630 1190 Dei,
664 1153 754 1183 iuxta
777 1154 898 1184 dictum
922 1152 950 1183 1.
974 1152 1062 1183 Petr.
1088 1152 1116 1182 1.

135 1199 198 1234 [VS.
225 1195 288 1234 134
313 1194 467 1227 Perfecte
491 1201 623 1236 sperate
647 1196 747 1226 vitam
769 1201 950 1226 aeternam.
996 1193 1118 1225 Intelli-

134 1248 194 1280 ges
203 1239 252 1279 85)
277 1245 385 1270 autem
409 1237 556 1279 perfecte
578 1248 639 1277 pro
662 1237 727 1268 hac
746 1236 871 1278 phrasi,
895 1238 968 1268 sine
987 1236 1118 1268 simula-

134 1282 290 1315 tioiie.S⁶)

218 1321 428 1352 DILECTIO
451 1321 527 1351 DEI
562 1327 613 1351 est
637 1322 824 1352 obedientia
847 1321 1047 1353 universalis
1070 1322 1116 1352 iu-

132 1372 190 1396 xta
225 1365 335 1395 omnia
369 1365 523 1394 mandata
556 1370 691 1404 propter
715 1363 841 1401 Deum,
877 1370 909 1394 et
944 1365 1118 1396 coniuncta

135 1418 208 1439 cum
231 1417 313 1437 vera
335 1406 461 1436 laetitia
484 1407 517 1436 in
539 1405 612 1436 Deo
632 1407 721 1437 iuxta
745 1407 868 1437 dictum
890 1406 917 1436 1.
931 1406 1062 1437 loannis
1086 1407 1117 1436 5.

135 1452 200 1487 [vs.
223 1449 267 1488 3.]
313 1448 403 1480 Haec
434 1455 486 1479 est
521 1447 652 1479 dilectio
677 1447 758 1486 Dei,
794 1458 931 1480 servare
964 1449 1118 1480 mandata

133 1492 207 1523 Dei.

220 1533 455 1565 PATIENTIA
480 1532 810 1564 PHILOSOPHICA
833 1539 885 1564 est
909 1534 1043 1564 obedire
1067 1544 1117 1564 ra-

136 1578 214 1610 tioni
239 1578 272 1608 in
295 1576 502 1617 perferendis
521 1577 683 1614 adversis,
707 1586 793 1617 quae
816 1577 899 1607 ratio
918 1577 1007 1607 iubet
1019 1575 1117 1614 ferre,

135 1627 167 1652 et
201 1631 267 1652 non
298 1619 406 1661 frangi
440 1618 573 1657 dolore,
603 1625 636 1650 ut
660 1625 775 1650 contra
798 1618 941 1660 aliquam
964 1620 1117 1650 virtutem

134 1663 310 1701 faciamus,
333 1669 368 1694 ut
391 1662 475 1694 Cato
498 1661 576 1693 facit
600 1668 716 1693 contra
740 1662 899 1693 Iustitiam
919 1672 996 1694 sese
1018 1663 1117 1693 inter-

135 1707 261 1738 ficiens.

218 1747 454 1780 PATIENTIA
478 1747 746 1779 CHRISTIANA
768 1753 820 1778 est
839 1748 973 1778 obedire
991 1747 1065 1779 Deo
1085 1748 1117 1778 in

133 1791 342 1834 perferendis
375 1791 540 1828 adversis,
576 1801 660 1831 quae
684 1790 778 1822 Deus
802 1791 892 1821 iubet
915 1789 1020 1829 ferre,
1054 1800 1117 1821 nec

133 1835 242 1877 frangi
266 1834 392 1871 dolore,
416 1839 450 1865 ut
475 1840 590 1865 contra
614 1832 747 1874 aliquod
775 1834 961 1864 mandatum
984 1833 1048 1864 Dei
1070 1832 1118 1863 fa-

134 1879 274 1916 ciamus,
305 1885 335 1909 et
370 1883 420 1908 est
446 1876 549 1907 lenire
573 1875 721 1907 dolorem
744 1877 912 1917 agnitione
935 1875 1117 1908 voluntatis

133 1920 198 1952 Dei
231 1927 263 1952 et
287 1921 408 1961 Spiritu
438 1925 568 1957 saneto,
602 1919 657 1960 qui
680 1926 732 1950 est
765 1919 889 1951 laetitia
919 1920 952 1951 in
975 1919 1116 1957 DeoS7),

136 2051 181 2080 80)
201 2049 376 2075 misericordia
393 2049 448 2081 Dei]
469 2049 542 2074 Editt.
565 2048 673 2072 16—19.
693 2049 732 2073 22.
751 2048 801 2079 23.‚
819 2048 874 2075 Des.
896 2050 917 2074 1.
936 2049 1031 2074 iustitia

136 2101 182 2131 81)
201 2100 307 2160 1111011110]
326 2100 450 2126 Editt.20.
470 2100 520 2129 25.‚
539 2101 611 2130 corp.
633 2101 716 2125 1—8..
736 2100 795 2131 opp.
819 2101 838 2125 l.
858 2100 888 2126 2..
908 2101 949 2126 Ex.
970 2100 1003 2130 3.‚
1021 2099 1075 2126 Des.
1094 2100 1117 2123 2.

221 2142 243 2160 ie
255 2141 270 2159 a

136 2187 181 2217 82)
201 2187 226 2211 in
245 2187 297 2211 Deo
316 2189 341 2211 et
359 2186 457 2210 accedit
476 2199 508 2202 -
527 2198 560 2202 —
578 2199 610 2202 —
630 2185 769 2217 Iustiticati]
792 2186 863 2212 Editt.
886 2186 993 2211 16—19.
1007 2187 1047 2211 22.
1066 2186 1117 2216 23„

202 2220 258 2247 Der.
280 2221 301 2244 1.
321 2221 346 2245 in
364 2222 424 2248 Deo,
444 2220 513 2245 iuxta
532 2220 641 2245 dictum:
661 2220 790 2246 lustificati

136 2272 183 2304 83)
203 2273 365 2332 {rgassnessffl}
384 2272 488 2329 (Ξῠεηηι
506 2271 541 2297 ab
551 2271 625 2296 Editt.
645 2271 686 2295 20.
707 2272 748 2295 21.
769 2272 817 2297 25..
836 2273 907 2303 corp.
930 2272 1033 2303 1.,0pp.
1050 2273 1071 2297 1.
1085 2272 1118 2301 2.,

222 2313 245 2331 x.
282 2325 297 2333 .,
336 2313 369 2331 e.
406 2325 410 2329 .

136 2359 181 2387 84)
199 2357 360 2417 11101111110111.
381 2371 412 2374 —
440 2360 514 2388 pater
540 2357 642 2383 absunt
672 2358 708 2383 ab
734 2357 806 2383 Editt.
829 2358 859 2381 16
878 2371 910 2375 —-
931 2357 968 2383 19.
998 2357 1037 2380 22.
1066 2356 1116 2387 23.‚

224 2398 237 2416 e
253 2411 258 2415 .
294 2410 300 2417 .

135 2443 181 2473 85)
198 2442 341 2474 intelliges]
362 2443 405 2468 Ed.
426 2443 477 2472 21„
498 2443 557 2474 Opp.
580 2445 602 2467 1.
623 2444 647 2466 2.
668 2443 841 2474 Intelligentes

135 2493 181 2525 86)
201 2494 332 2524 Intelliges
351 2507 383 2511 —
401 2508 433 2511 —
447 2508 476 2511 —
496 2495 658 2520 simulatione
678 2495 782 2521 absunt
800 2496 835 2521 ab
853 2495 925 2521 Editt.
948 2495 1055 2518 16-19.
1076 2495 1116 2519 22.
1137 2499 1139 2512 ¹

204 2528 254 2559 23„
272 2528 327 2554 Des,
350 2529 371 2551 1.

136 2580 181 2611 87)
200 2580 225 2605 in
243 2581 295 2605 Deo
314 2580 394 2605 abest
411 2580 446 2606 ab
464 2580 536 2605 Editt.
562 2579 599 2604 16.
624 2580 661 2606 19.
681 2581 731 2608 23..
750 2581 805 2607 ner.
829 2582 848 2606 1.

418 2641 432 2655 ἱ

612 118 635 149 1.
659 118 762 150 LOCI
782 117 1060 152 THEOLOGICI:
1081 119 1125 151 D.
1148 119 1308 153 TERTIA
1330 120 1489 153 EORUM
1510 121 1668 154 AETAS.

2056 125 2138 158 1086

1157 221 1190 246 et
1212 225 1305 256 spem
1327 216 1468 246 retinere
1491 213 1693 247 liberationis
1715 222 1772 247 aut
1794 216 2018 258 mitigationis,
2035 224 2067 249 et
2084 229 2139 259 pe-

1159 264 1229 289 tere
1259 268 1279 288 a
1300 257 1374 289 Deo
1404 257 1631 289 liberationem
1655 264 1687 289 et
1704 259 1949 300 mitigationem,
1981 261 2071 292 iuxta
2094 261 2139 292 di-

1161 306 1248 331 ctum
1270 299 1394 331 Psalmi
1418 300 1469 331 36.
1495 303 1558 338 [vs.
1577 301 1620 339 7.]
1645 300 1803 333 Subditus
1827 308 1903 332 esto
1927 302 2001 333 Deo
2026 309 2059 334 et
2081 313 2139 334 ora

1161 353 1244 373 eum.
1290 342 1369 373 Item
1394 342 1528 381 [Psalm.
1548 343 1601 381 36,
1625 343 1692 382 34.]
1739 344 1887 385 Expecta
1908 344 2085 377 Dominum
2108 352 2140 376 et

1161 385 1291 416 custodi
1311 386 1397 416 viam
1421 386 1502 416 eius.

1248 427 1419 459 CULTUS
1438 428 1514 459 DEI
1547 434 1600 459 est
1628 438 1712 468 opus
1734 439 1754 459 a
1777 429 1850 460 Deo
1870 430 2071 469 mandatum,
2094 429 2141 461 sa—

1162 476 1250 501 ctum
1273 470 1337 501 fide
1365 476 1569 512 agnoscente
1596 470 1712 502 Filium
1740 471 1804 503 Dei
1828 478 1860 503 et
1882 472 2002 504 fiducia
2024 474 2140 513 ipsius,

1163 515 1255 544 cuius
1280 514 1389 554 operis
1413 513 1487 544 finis
1510 512 1700 554 principalis
1723 515 1882 546 mediatus
1906 514 1961 545 vel
1977 516 2141 546 immedia-

1162 562 1216 587 tus
1251 562 1313 593 est,
1347 562 1383 586 ut
1404 555 1478 587 Deo
1512 556 1621 587 honos
1655 562 1860 596 praestetur,
1884 558 1916 588 id
1935 563 1997 596 est,
2020 564 2056 589 ut
2078 557 2141 589 hac

1163 599 1348 630 obedientia
1366 599 1588 629 testimonium
1611 599 1815 637 ostendatur,
1851 599 1939 631 hunc
1961 610 2040 631 vere
2064 610 2141 632 esse

1161 641 1280 679 Deum,
1304 651 1401 681 quem
1425 642 1474 672 sic
1498 640 1646 672 colimus.

1248 683 1389 714 TIMOR
1418 683 1494 714 DEI
1524 688 1575 714 est
1608 694 1687 715 vere
1721 694 1944 724 expavescere
1976 686 2142 727 agnitione

1162 727 1230 757 irae
1253 725 1317 757 Dei
1335 727 1498 757 adversus
1521 732 1704 766 peccatum.
1739 727 1791 757 Fit
1809 732 1919 758 autem
1929 726 2040 759 Timor
2062 727 2141 759 filia-

1162 768 1216 807 lis,
1241 779 1315 800 cum
1337 769 1464 800 accedit
1487 768 1587 807 fides,
1617 780 1681 810 qua
1705 780 1763 800 cor
1785 770 1922 812 erigitur
1945 769 2142 802 consolatio-

1163 822 1216 850 ne,
1240 818 1271 842 et
1295 812 1331 842 fit
1354 811 1429 843 talis
1452 811 1574 849 Timor,
1597 812 1651 852 qui
1675 817 1727 842 est
1749 812 1821 843 sine
1844 813 1920 844 odio
1932 812 1996 843 Dei
2019 820 2052 844 et
2074 812 2143 845 vult

1164 855 1194 885 ei
1218 861 1413 886 reverenter
1447 854 1582 885 obedire
1606 860 1638 885 et
1661 864 1735 885 eum
1757 865 1824 886 non
1847 855 2024 887 offendere.
2070 856 2142 887 Hoc

1163 898 1262 928 modo
1275 897 1384 928 Timor
1396 897 1460 928 Dei
1479 896 1644 937 significat
1668 903 1772 928 totum
1795 897 1929 936 cultum,
1951 904 1987 929 ut
2007 897 2140 936 [Psalm-

1165 940 1239 978 127,
1263 940 1324 978 1.];
1347 940 1441 970 Beati
1465 949 1592 977 omneS,
1616 940 1670 980 qui
1692 941 1804 971 timent
1826 940 2013 973 Dominum.

1249 998 1388 1030 TIMOR
1424 998 1624 1030 SERVILIS
1663 1004 1714 1030 est
1747 1000 1843 1032 timor
1876 1006 1908 1032 et
1942 999 2038 1031 dolor
2073 1001 2143 1032 sine

1163 1041 1239 1079 fide,
1276 1047 1307 1072 et
1341 1048 1393 1072 est
1426 1040 1573 1072 fremitus
1603 1042 1767 1073 adversus
1791 1042 1899 1074 Deum
1922 1049 1955 1074 et
1976 1042 2143 1075 horribilis

1163 1083 1254 1126 fuga,
1290 1083 1398 1125 qualis
1419 1090 1470 1114 est
1492 1085 1525 1114 in
1549 1083 1649 1116 Saule
1673 1090 1706 1116 et
1730 1085 1818 1116 Iuda.
1863 1085 1916 1116 De
1939 1085 2004 1116 hoc
2027 1086 2143 1117 timore

1163 1128 1296 1159 dicitur:
1319 1125 1485 1164 Perfecta,
1507 1127 1540 1157 id
1563 1132 1625 1165 est,
1647 1137 1715 1158 non
1738 1127 1889 1159 simulata
1908 1127 2038 1160 dilectio
2052 1128 2142 1160 foras

1162 1169 1255 1211 pellit
1278 1171 1439 1200 timorem.

1250 1226 1550 1259 IURAMENTUM
1569 1234 1621 1258 est
1643 1229 1806 1260 invocatio
1830 1228 1907 1268 Dei,
1941 1231 2059 1271 quase)
2089 1242 2143 1272 pe-

1163 1273 1271 1309 timus,
1305 1277 1341 1302 ut
1364 1270 1457 1301 Deus
1492 1271 1534 1300 sit
1562 1271 1656 1301 testis
1687 1271 1727 1302 de
1757 1277 1872 1303 nostro
1896 1273 2023 1311 animo,
2056 1275 2143 1314 quod

1162 1325 1230 1345 non
1253 1312 1394 1345 velimus
1418 1311 1534 1343 fallere
1556 1312 1707 1344 homines
1731 1324 1770 1344 ea
1794 1315 1835 1345 de
1857 1325 1909 1352 re,
1941 1315 1981 1346 de
2004 1326 2069 1357 qua
2091 1326 2143 1347 as-

1164 1366 1367 1393 severamus,
1386 1361 1418 1386 et
1441 1354 1537 1386 simul
1559 1356 1714 1396 petimus,
1737 1364 1773 1387 ut
1783 1356 1877 1388 Deus
1901 1359 1943 1390 sit
1961 1359 2092 1397 vindex,
2116 1360 2142 1389 si

1163 1398 1390 1436 fefellerimus,
1415 1409 1512 1439 quam
1535 1398 1779 1430 invocationem
1790 1399 1884 1431 Deus
1904 1401 2022 1439 sanxit,
2044 1408 2080 1433 ut
2103 1403 2145 1433 sit

1163 1441 1330 1472 vinculum
1354 1441 1501 1471 veritatis
1524 1441 1611 1472 inter
1633 1440 1783 1473 homines
1801 1466 1813 1480 ,
1837 1449 1868 1474 et
1891 1453 1929 1474 se
1953 1442 2077 1486 obligat
2102 1445 2143 1476 ad

1163 1484 1320 1515 tuendum
1342 1482 1406 1514 hoc
1429 1481 1608 1521 vinculum,
1633 1483 1786 1516 videlicet
1804 1491 1839 1516 ut
1857 1487 2068 1519 servantibus
2087 1488 2144 1518 be—

1163 1525 1306 1557 nefaciat
1333 1532 1364 1557 et
1386 1536 1453 1556 non
1477 1532 1650 1557 servantes
1675 1528 1747 1558 sine
1770 1527 1839 1559 ulla
1862 1529 2062 1561 dubitatione
2085 1541 2143 1571 pu-

1163 1570 1242 1607 niat,
1277 1569 1353 1610 quia
1386 1567 1455 1600 vult
1488 1568 1626 1611 intelligi
1659 1571 1847 1610 veritatem,
1879 1577 1915 1602 ut
1944 1572 2088 1604 sciamus
2111 1579 2142 1604 et

1164 1622 1240 1643 esse
1263 1613 1370 1652 ipsum
1393 1617 1425 1642 et
1447 1621 1524 1642 esse
1547 1622 1712 1643 veracem.

1249 1671 1441 1702 VERITAS
1486 1672 1648 1703 interdum
1686 1673 1836 1704 notitiam
1870 1683 1929 1705 seu
1962 1674 2143 1706 doctrinam

1163 1725 1277 1745 veram
1317 1724 1377 1745 seu
1411 1724 1597 1745 sermonem
1630 1725 1745 1746 verum
1781 1716 1953 1757 significat.
2010 1717 2057 1748 lbi
2092 1725 2143 1748 est

1165 1758 1381 1799 congruentia
1414 1758 1577 1788 sermonis
1613 1768 1686 1789 011111
1709 1758 1821 1789 rebus.
1867 1758 1911 1790 Ut
1935 1770 2008 1790 cum
2032 1761 2141 1802 cogito

1163 1806 1220 1831 aut
1243 1801 1316 1831 dico
1339 1801 1447 1831 nivem
1472 1801 1642 1831 candidam
1661 1810 1750 1833 esse.
1791 1800 1956 1833 Interdum
1979 1803 2142 1844 significat

1163 1844 1327 1881 virtutem,
1357 1853 1441 1884 quae
1464 1844 1636 1883 possetffl)
1670 1844 1830 1875 nominari
1852 1844 2037 1876 Veracitas.
2082 1845 2142 1876 Est

1163 1892 1272 1916 autem
1294 1886 1411 1923 virtus,
1435 1896 1520 1927 quae
1543 1884 1761 1926 amplectitur,
1785 1892 1874 1918 amat
1897 1893 1930 1918 et
1953 1894 2143 1919 constanter

1163 1929 1283 1959 retinet
1317 1938 1414 1959 veras
1449 1929 1600 1965 notitias,
1634 1938 1747 1960 veram
1781 1929 1965 1961 doctrinam
1988 1936 2021 1961 et
2044 1941 2142 1962 veros

1165 1981 1347 2009 sermones,
1381 1977 1413 2002 et
1447 1971 1604 2002 abhorret
1638 1982 1657 2002 a
1680 1972 1858 2003 mendaciis
1883 1979 1914 2003 et
1943 1972 2141 2014 Sophistica,

1165 2020 1194 2045 et
1219 2012 1332 2052 efficit,
1354 2020 1390 2045 ut
1414 2020 1599 2055 congruant
1618 2014 1703 2045 dicta
1727 2024 1786 2045 seu
1808 2016 1973 2056 promissa
1996 2022 2029 2047 et
2042 2015 2142 2048 sacta.

1163 2063 1196 2088 et
1217 2063 1251 2088 ut
1275 2067 1385 2088 sermo
1408 2067 1448 2087 ac
1472 2062 1585 2097 gestus
1610 2063 1796 2099 congruant
1820 2068 1893 2088 011111
1914 2059 2032 2090 animo.
2063 2059 2142 2090 Vult

1163 2106 1274 2131 autem
1296 2099 1390 2130 Deus
1414 2099 1551 2141 intelligi
1573 2100 1760 2137 veritatem,
1785 2106 1820 2131 ut
1844 2102 1987 2132 sciamus
2012 2107 2044 2133 et
2066 2112 2142 2132 esse

1162 2143 1269 2183 ipsum
1292 2148 1325 2174 et
1348 2152 1501 2173 veracem
1520 2152 1615 2180 esse,
1638 2149 1671 2174 et
1693 2142 1764 2174 vult
1786 2153 1848 2174 nos
1872 2145 2086 2185 acquiescere
2108 2146 2141 2175 in

1161 2186 1250 2217 veris
1270 2186 1392 2217 notitiis
1415 2192 1551 2226 propter
1569 2186 1677 2226 ipsum
1702 2191 1734 2216 et
1755 2192 1892 2227 propter
1913 2186 2084 2218 utilitatem
2096 2189 2141 2218 vi-

1162 2234 1226 2266 tae,
1250 2229 1324 2259 ideo
1348 2229 1451 2269 inquit
1475 2228 1594 2266 [Exod.
1618 2228 1671 2266 20,
1697 2228 1777 2266 164:
1812 2229 1887 2260 Non
1907 2230 1998 2261 dicas
2022 2228 2141 2261 falsum

1161 2272 1394 2302 testimonium.
1440 2271 1519 2302 Item
1544 2270 1672 2309 [Matth.
1696 2271 1728 2309 5,
1753 2271 1835 2311 37.]:
1881 2272 1930 2303 Sit
1953 2282 2062 2304 sermo
2085 2283 2140 2303 ve-

1161 2321 1242 2353 ster,
1278 2320 1339 2351 est,
1370 2320 1431 2352 est,
1467 2324 1553 2351 non,
1582 2324 1648 2345 non
1683 2321 1744 2345 etc.
1790 2314 1825 2346 Si
1855 2315 1940 2346 enim
1980 2316 2140 2346 concede-

1161 2363 1251 2388 retur
1285 2357 1411 2388 infinita
1444 2355 1621 2398 petulantia
1655 2362 1686 2388 et
1716 2358 1846 2388 vanitas
1876 2359 2140 2398 disputationum,

1162 2399 1268 2442 qualis
1304 2399 1362 2431 fuit
1385 2398 1663 2441 Pyrrhoniorum‚
1699 2406 1876 2432 vocaretur
1910 2401 2004 2432 etiam
2029 2402 2060 2431 in
2085 2401 2141 2431 tlu—

1163 2529 1208 2560 88)
1228 2529 1287 2561 qua]
1309 2530 1353 2555 Ed.
1375 2529 1412 2555 16.
1432 2536 1507 2561 quam

1163 2580 1208 2611 89)
1228 2580 1326 2612 posset]
1346 2581 1420 2607 Editt.
1443 2581 1551 2607 16—19.
1572 2582 1623 2614 23„
1642 2582 1696 2608 Des.
1718 2584 1739 2606 1.
1759 2583 1838 2613 possit
