2358 2933
237 141 275 173 31

861 143 970 176 PHIL.
994 145 1096 176 MEL.
1118 145 1303 178 SCRIPTA
1319 147 1592 180 DOGMATlCA.

594 236 699 261 »x'idens
717 237 763 262 hoc
787 237 882 263 virinus
910 244 982 263 meus
1009 240 1028 268 (.
1047 240 1061 265 i.
1079 245 1101 264 e.
1120 240 1254 270 Christus.)
1266 241 1286 269 ι]
1311 247 1326 266 a
1352 248 1393 267 me
1421 243 1487 271 exigi
1505 245 1531 267 et
1555 243 1651 268 diceret
1677 244 1796 270 condono
1820 245 1864 270 tibi
1882 248 1919 271 tot
1936 252 2028 273 aureos
2047 250 2075 274 ut

592 271 725 300 persolues
745 274 791 295 etc-
812 272 910 299 Haec-²]
931 277 969 297 est
988 279 1036 297 vox
1053 274 1202 303 euangelica
1223 275 1324 300 confide
1344 276 1368 300 iu
1389 276 1513 301 Christum
1534 279 1580 301 etc.

475 320 725 356 Euangelium
746 325 806 349 est
823 323 1012 359 praeconium
1033 334 1093 361 quo
1113 324 1298 355 condonatur
1317 325 1458 354 delictum
1478 329 1506 354 et
1525 330 1704 355 monstratur
1716 325 1858 356 Christus
1877 331 2073 369 quispiritum

389 361 519 390 conserat
539 363 588 399 qui
608 362 643 390 ad
664 366 742 390 recta
761 373 817 390 uos
837 365 946 393 animet
965 369 994 393 et
1014 366 1147 403 inspiret.
1194 367 1260 397 Lex
1281 368 1321 396 ait
1340 367 1443 405 Dilige
1463 369 1589 397 tratrem.
1634 368 1833 407 Eunugelium
1860 372 1901 400 ait
1919 371 2074 403 condona-

389 408 435 432 tur
454 404 533 441 quod
553 414 609 432 non
630 404 773 433 dilexeris
793 405 831 434 Et
860 416 931 435 ecce
950 405 1104 436 Christum
1131 410 1178 437 cui
1203 411 1230 438 si
1259 410 1394 439 confidas
1425 409 1477 438 ille
1503 411 1569 448 ipse
1594 410 1684 440 donat
1707 413 1843 450 spiritum
1870 415 1920 450 qui
1946 416 2074 444 animum

390 451 471 474 tuum
493 446 682 475 inflammabit
702 451 733 475 ut
753 447 874 486 diligas.
894 447 1024 478 Proinde
1044 450 1092 479 lex
1111 454 1160 480 est
1179 454 1314 481 nuntium
1325 453 1350 487 ²)
1370 453 1430 481 irae
1449 452 1593 481 mandans
1619 454 1745 491 exigens
1765 458 1795 483 et
1819 459 1949 489 terreus,
1978 456 2074 486 Euan-

389 488 499 525 gelium
518 488 588 516 Vox
606 489 707 528 gaudij
728 494 757 518 et
777 491 860 528 pacis
880 501 937 520 vox
957 494 1063 530 sponsi
1083 497 1113 522 et
1132 504 1280 532 sponsae.

560 547 571 557 ⁸
592 548 760 612 &usage-'lium
786 553 825 575 est
850 556 935 576 sermo
951 551 992 591 ‘de
1011 552 1109 577 Christo
1132 553 1198 578 wide
1228 554 1307 579 multa
1326 555 1384 579 sunt
1408 554 1506 584 prodita
1534 555 1558 579 in
1577 560 1616 580 no.
1638 557 1710 580 testa.
1746 562 1810 587 quae
1829 563 1879 582 non
1897 558 2024 587 pertinent
2043 558 2074 584 ad

616 589 623 606 1
642 589 658 606 n
678 589 691 607 Θ
705 589 764 608 lum.

763 633 815 662 De.
835 634 1061 664 discrimine
1080 641 1369 675 praeceptorum
1390 641 1424 666 et
1443 637 1705 667 consiliorum:

475 690 685 730 Praecepta
705 703 720 720 a
740 693 880 732 consilijs
900 699 1074 732 separarunt
1094 695 1213 732 quidam
1236 697 1264 724 in
1284 696 1362 725 hunc
1382 697 1442 725 sere
1461 697 1581 725 modum
1601 696 1783 727 Consilia
1802 709 1875 728 esse
1901 709 1978 737 quae
1991 698 2074 729 Chri-

388 738 455 762 stus
476 734 593 762 mandat
614 735 640 762 in
661 745 725 773 cap.
748 738 775 764 5.
796 735 890 764 Math.
911 736 1029 765 scilicet
1048 737 1114 765 Non
1136 739 1321 767 irascendum
1342 739 1409 767 Nou
1431 739 1589 768 dicendum
1609 739 1685 768 fratri
1706 740 1809 769 Racha
1828 745 1878 770 aut
1896 741 1976 770 fatue
2003 741 2075 772 Item

386 775 454 805 Non
474 777 676 805 resistendum
696 777 773 805 malo
794 777 1004 815 Porrigendam
1024 779 1145 808 alteram
1166 780 1314 809 maxillam
1334 781 1401 809 Non
1429 781 1667 810 contendendum
1697 783 1800 811 iuditio
1820 783 1925 812 Mutuo
1945 785 2074 813 dandum

387 828 460 846 esse
487 820 584 847 cuiuis
610 818 792 856 Diligendos
818 820 955 849 inimicos
983 825 1039 849 etc.
1102 821 1216 850 Verum
1237 833 1273 850 ea
1291 824 1389 851 onmia
1409 833 1482 851 esse
1501 827 1660 861 praecepta
1684 824 1771 853 facile
1791 825 1892 863 colligi
1917 830 2020 864 potest
2038 836 2075 855 ex

387 860 440 888 illo
459 864 551 889 tenu.
598 860 769 889 Primum.
789 861 839 890 lex
858 863 949 899 exigit
963 873 1029 891 sum
1042 873 1117 891 mam
1130 864 1342 901 perfectionem
1358 869 1389 893 ut
1408 865 1517 901 diligas
1531 865 1619 894 deum
1633 875 1670 894 ex
1687 870 1750 894 toto
1763 868 1852 895 corde
1870 871 1898 896 et
1910 870 2075 906 proximum

386 904 465 931 sicut
484 904 626 941 teipsum.
673 902 744 932 ltem
765 914 821 932 non
835 906 1044 942 concupiscas.
1067 906 1094 933 in
1115 907 1226 943 quibus
1246 906 1366 944 legibus
1381 911 1410 935 et
1429 906 1485 935 hae
1500 908 1526 943 3)
1547 907 1782 945 comprehensae
1795 913 1865 937 sunt
1876 909 2076 940 Mutuandum

387 945 455 973 Non
476 945 662 974 irascendum
682 946 749 974 Non
776 947 1014 975 contendendum
1035 951 1091 975 etc..
1144 948 1243 982 Quare
1274 959 1331 977 non
1351 953 1482 986 possunt
1513 950 1587 978 inter
1615 953 1775 988 praecepta
1795 953 1952 980 numerari.
2008 952 2075 981 Huc

386 988 513 1026 pertinet
533 988 613 1026 quod
634 989 661 1016 iu
682 988 738 1016 tine
758 990 865 1027 capitis
891 990 1030 1017 scribitur
1051 989 1161 1018 Estote
1187 1000 1242 1017 vos
1262 991 1385 1028 perfecti
1411 992 1491 1019 sicut
1508 995 1592 1029 pater
1615 995 1716 1020 vester
1742 992 1893 1030 perfectus
1924 997 1974 1022 est
2002 992 2075 1024 Item

388 1031 447 1059 iota
466 1040 553 1059 vnum
573 1034 602 1058 ei
621 1040 697 1068 apex
715 1041 792 1059 vnus
812 1041 868 1059 nou
889 1033 1059 1069 praeteribit
1078 1042 1094 1060 a
1113 1032 1181 1070 lege
1201 1033 1297 1061 donec
1316 1034 1415 1062 onmia
1435 1033 1513 1062 fiant.

557 1088 568 1101 ⁸
594 1091 721 1115 Scolas.
741 1090 865 1115 dicunt.
903 1091 990 1115 Omnia
1009 1097 1073 1121 quae
1097 1092 1121 1116 in
1139 1093 1182 1116 5to
1207 1099 1242 1116 ca,
1262 1092 1335 1118 Math.
1354 1093 1457 1117 consilia
1475 1095 1566 1117 vocant
1593 1094 1617 1117 et
1636 1098 1686 1117 non
1713 1093 1940 1118 considerauerunt
1958 1094 1982 1118 in
2001 1093 2076 1119 deca-

592 1125 649 1153 logo
667 1124 792 1154 proditum
814 1130 873 1149 esse
892 1125 946 1150 Non
965 1126 1137 1155 concupiscas.
1158 1126 1198 1150 vbi
1211 1127 1311 1156 penitus
1325 1127 1449 1151 tolluntur
1460 1127 1543 1151 omnia
1563 1127 1667 1151 consilia
1685 1129 1788 1156 praeter
1806 1127 1838 1152 de
1856 1128 1999 1157 virginitate
2011 1134 2076 1158 quae

589 1164 636 1182 nec
654 1164 745 1188 supra:
763 1165 810 1183 nec
829 1158 908 1183 infra:
927 1162 1062 1189 praecepta
1082 1162 1119 1184 est
1139 1160 1185 1184 sed
1204 1162 1288 1185 extra:
1314 1161 1378 1186 Nihil
1396 1161 1464 1185 enim
1484 1161 1597 1185 mandati
1615 1161 1750 1190 compleuit
1775 1161 1816 1191 qui
1834 1161 2003 1191 virginitatem
2022 1167 2076 1186 ser-

590 1195 641 1216 uat.
678 1193 719 1217 Est
739 1198 800 1221 ergo
818 1193 901 1217 solum
920 1199 996 1217 vnum
1016 1194 1063 1217 hoc
1081 1194 1222 1218 consilium.

2183 155 2227 188 32

2113 249 2150 278 14,
2162 248 2186 274 b.

2115 883 2154 913 15,
2166 889 2190 908 a.

556 1225 568 1236 ⁸
592 1226 643 1251 Nos
662 1232 723 1255 ergo
741 1226 801 1251 nihil
821 1227 925 1256 agimus
944 1227 1037 1251 nostris
1057 1228 1166 1257 strophis
1192 1230 1217 1252 et
1236 1227 1337 1258 legibus
1357 1230 1381 1252 et
1401 1227 1585 1257 commenditijs
1610 1233 1686 1257 quam
1706 1228 1835 1253 obruimus
1855 1228 1966 1253 diuinam
1987 1227 2077 1253 doctri-
2128 1226 2130 1228 “

588 1266 648 1285 nam
667 1262 693 1284 et
712 1261 868 1285 extrahimus
886 1261 980 1285 nostris
999 1261 1092 1290 glossis
1112 1267 1198 1286 veram
1219 1262 1414 1291 intelligentiam
1434 1262 1580 1291 scripturae.

472 1309 696 1339 Secundum.
718 1310 777 1345 Qui
797 1311 905 1339 dixerit
923 1309 1027 1339 Racha
1047 1321 1117 1339 reus
1138 1315 1187 1340 est
1207 1311 1327 1350 concilij
1355 1315 1383 1340 et
1409 1311 1458 1349 qui
1490 1311 1596 1339 dixerit
1614 1311 1709 1340 Fatue
1738 1321 1808 1340 reus
1835 1315 1884 1340 est
1909 1312 2075 1350 gehennae.

386 1352 445 1382 lam
472 1354 498 1381 si
519 1353 652 1381 accusari
671 1356 774 1391 potest
800 1354 850 1391 qui
875 1352 980 1381 Racha
1007 1353 1114 1382 dixerit
1137 1353 1177 1382 Et
1197 1353 1353 1391 gehennae
1372 1363 1470 1392 poena
1507 1354 1575 1382 eius
1595 1358 1643 1382 est
1669 1354 1719 1391 qui
1745 1353 1826 1382 fatue
1845 1354 1952 1383 dixerit
1971 1363 2075 1383 conse-

386 1397 484 1434 quitur
502 1399 661 1433 praecepta
680 1405 753 1423 esse
773 1405 830 1423 non
851 1395 989 1424 consilia.

473 1437 652 1466 Tertium.
673 1438 707 1465 Si
726 1437 797 1466 licet
816 1437 891 1466 haec
916 1447 968 1476 pro
988 1437 1127 1477 consilijs
1149 1438 1331 1476 interpretari
1351 1448 1408 1466 non
1428 1438 1516 1466 rideo
1549 1448 1600 1465 cur
1625 1448 1682 1465 non
1717 1441 1747 1466 et
1773 1437 1878 1466 Totam
1906 1437 2004 1475 legem
2023 1448 2076 1476 pro

385 1479 526 1519 consilijs
546 1481 770 1519 interpretemur
789 1489 878 1518 quare
911 1479 999 1518 plane
1020 1490 1096 1518 quae
1117 1481 1143 1508 in
1166 1481 1214 1509 5t0
1234 1491 1278 1508 ca.
1298 1480 1392 1509 Math.
1414 1481 1600 1509 continentur
1617 1483 1777 1518 praecepta
1795 1483 1883 1508 sunt:
1903 1499 1944 1502 —-

472 1522 666 1558 Quartum.
688 1521 859 1551 Consilium
878 1532 948 1550 vero
968 1523 1086 1550 vnicum
1107 1523 1134 1550 in
1149 1523 1304 1561 scripturis
1325 1526 1354 1551 et
1372 1523 1550 1560 virginitatis
1562 1521 1655 1550 Math.
1676 1522 1904 1560 vndevigesimo
1921 1524 1979 1559 [νε.
1996 1523 2043 1551 12.
2055 1524 2078 1561 ε]

385 1566 461 1594 Sunt
481 1565 609 1593 eunuchi
630 1566 680 1603 qui
700 1575 735 1593 se
755 1568 959 1594 castrauerunt
977 1568 1096 1603 propter
1113 1574 1234 1602 regnum
1255 1565 1403 1593 caelorum
1429 1564 1488 1599 Qui
1508 1568 1609 1602 potest
1628 1574 1733 1602 capere
1753 1565 1859 1602 capiat.
1927 1564 1966 1593 Et
1982 1567 2006 1593 1.
2021 1563 2078 1593 Co-

385 1607 558 1637 rinthiorum
579 1610 607 1636 7.
627 1610 688 1645 [VS.
711 1609 792 1645 25.:]
811 1607 858 1636 De
877 1607 1043 1645 virginibus
1063 1610 1253 1645 praeceptum
1274 1617 1331 1635 non
1358 1607 1456 1635 habeo
1476 1605 1636 1634 consilium
1656 1609 1755 1634 autem
1781 1606 1830 1634 do.
1857 1605 1999 1634 Ceterum
2024 1607 2078 1635 vir-

388 1651 498 1689 ginitas
518 1650 594 1679 adeo
613 1660 671 1678 nou
691 1654 741 1679 est
758 1660 848 1688 supra
867 1649 966 1687 legem
985 1652 1177 1688 praeceptum
1198 1654 1230 1678 ut
1249 1659 1287 1677 ne
1306 1648 1465 1687 persoluat
1485 1649 1504 1676 i.
1525 1658 1551 1676 e.
1571 1648 1670 1686 legem
1689 1647 1790 1686 Virgo
1810 1658 1918 1686 nempe
1937 1658 2003 1676 cum
2022 1658 2077 1677 con

389 1693 535 1731 cupiscat.

558 1751 569 1762 ⁸
595 1753 662 1778 Sicut
681 1753 743 1777 nihii
761 1753 813 1782 legi
831 1752 921 1777 fecerit
941 1752 982 1783 qui
1000 1753 1083 1776 sartor
1101 1752 1144 1775 aut
1163 1752 1234 1775 sutor
1253 1750 1293 1774 Sic
1311 1750 1389 1780 virgo.

1000 1809 1053 1838 De
1071 1809 1246 1846 Legibus
1272 1808 1463 1836 humanis-

473 1869 599 1908 Leges
619 1869 801 1898 humanae
820 1872 891 1897 sunt
910 1878 987 1906 quae
1006 1878 1022 1896 a
1034 1868 1259 1905 magistratibus
1279 1867 1493 1902 sanciuntur4).
1515 1867 1542 1894 in
1556 1865 1604 1894 his
1618 1866 1813 1904 spectandum
1827 1870 1875 1895 est
1886 1867 2079 1905 potissimum

387 1912 436 1941 Ne
456 1913 526 1950 quid
545 1922 682 1950 pugnans
692 1913 719 1948 ⁵)
739 1922 805 1940 cum
824 1911 893 1949 lege
913 1913 1033 1939 naturae
1052 1913 1101 1938 aut
1113 1910 1214 1938 diuina
1234 1912 1388 1938 statuatur.
1408 1907 1547 1946 Regulae
1574 1909 1650 1937 enini
1671 1910 1799 1937 omnium
1827 1908 2019 1937 humanarum
2038 1909 2078 1938 le-

389 1964 457 1992 gum
484 1958 554 1983 sunt
573 1954 648 1983 Tum
676 1954 726 1982 lex
746 1958 866 1982 naturae
891 1956 952 1981 tum
981 1953 1092 1981 diuina.
1138 1951 1268 1980 Proinde
1295 1949 1358 1979 non*
1370 1954 1473 1989 potest
1499 1951 1590 1979 statui
1610 1951 1648 1979 de
1666 1950 1835 1979 Mactandis
1855 1951 2028 1989 parentibus
2048 1951 2078 1980 id

389 1997 469 2035 quod
496 1997 629 2025 barbaris
657 1996 838 2034 quibusdam
863 1995 1034 2023 nationibus
1060 1995 1087 2022 in
1119 2004 1200 2022 more
1226 1994 1279 2022 fuit
1297 1993 1406 2031 Neque
1427 1994 1495 2022 item
1515 1993 1665 2031 prohiberi
1690 1994 1849 2031 quisquam
1869 2003 1906 2021 ne
1925 1992 2078 2022 contrahat

389 2040 605 2068 matrimonium
619 2039 683 2067 Nec
696 2042 797 2076 potest
810 2038 901 2066 statui
921 2037 959 2065 de
978 2036 1157 2065 foenerando
1172 2036 1349 2064 vindicando
1363 2040 1392 2064 et
1411 2035 1563 2064 similibus
1579 2035 1657 2070 Quia
1670 2035 1726 2064 hae
1737 2037 1761 2072 ⁶)
1780 2035 1867 2073 leges
1882 2039 2077 2073 repugnarent

391 2083 556 2120 scripturae
575 2081 667 2110 Modo
688 2084 803 2119 oportet
823 2080 879 2109 deo
898 2080 994 2117 magis
1015 2079 1137 2108 obedire
1157 2088 1244 2116 quam
1263 2078 1436 2107 hominibus
1456 2078 1571 2115 [Actor.
1593 2080 1621 2111 5,
1642 2079 1716 2115 293.

474 2149 580 2178 Nota.
612 2149 739 2186 Leges
772 2147 954 2176 humanae
979 2146 1080 2175 aliae
1105 2150 1193 2175 sunt
1254 2120 1496 2191 ξὲιὲἱιὶῗὶῖίἢθ·

498 2207 652 2237 Ciuiles
674 2218 750 2246 quas
771 2208 869 2235 sanxit
889 2207 916 2235 in
937 2216 967 2234 re
987 2207 1064 2244 pub:
1084 2205 1281 2243 Magistratus
1300 2206 1439 2244 princeps
1459 2203 1526 2232 Rex
1545 2201 1674 2232 Ciuitas.
1695 2214 1793 2232 earum
1812 2203 1912 2242 legum
1933 2205 2075 2233 autoritas

390 2251 519 2290 petenda
539 2255 596 2279 est.
630 2253 677 2279 13.
698 2250 734 2278 ad
754 2249 812 2277 Ro.
833 2252 893 2287 [νε.
917 2251 977 2286 1.:]
997 2248 1105 2276 Omnis
1125 2249 1220 2276 anima
1239 2248 1442 2286 potestatibus
1461 2246 1688 2275 sublimioribus
1707 2246 1827 2275 subdita
1847 2250 1905 2275 est.
1932 2246 2076 2284 Neque7)

391 2294 617 2331 magistratuum
645 2297 673 2321 et
693 2292 825 2320 ciuilium
844 2291 944 2329 legum
965 2301 1022 2319 non
1043 2294 1091 2319 est
1109 2290 1189 2319 aliud
1210 2290 1333 2318 offitium
1354 2290 1413 2318 nisi
1436 2289 1540 2327 punire
1559 2292 1588 2316 et
1607 2298 1706 2316 arcere
1725 2289 1858 2317 iniurias.
1894 2288 1935 2317 Et
1952 2289 2076 2317 interest

391 2336 584 2373 magistratus
604 2345 709 2363 cauere
729 2345 765 2362 ne
786 2335 855 2372 quis
874 2333 1018 2362 laedatur.
1064 2331 1095 2361 ln
1121 2332 1177 2361 hoc
1204 2332 1412 2368 sanciunturss)
1436 2330 1524 2368 leges
1551 2330 1588 2358 de
1608 2340 1702 2358 rerum
1727 2331 1877 2359 diuisione
1899 2330 1947 2358 De
1966 2334 2076 2359 contra-

2118 1485 2156 1515 15,
2169 1484 2192 1509 b.

2116 2214 2154 2243 16,
2167 2220 2190 2239 a.

1079 2442 1194 2467 CODlClS
1220 2442 1398 2466 DWERSJTAS.

464 2505 490 2532 1)
510 2501 601 2527 Prius
621 2501 833 2535 purentlzeseos
857 2502 970 2535 siynum
1000 2508 1058 2524 nm.
1129 2500 1157 2530 2)
1177 2501 1260 2524 nsit-tiu
1332 2501 1359 2530 3)
1379 2501 1426 2524 hee
1480 2501 1509 2527 4)
1527 2501 1683 2524 sanctiuntur
1758 2499 1786 2527 5)
1804 2500 1903 2528 pugnas
1979 2499 2007 2529 6)
2027 2499 2074 2538 hee

397 2537 426 2567 7)
447 2537 519 2561 Ante
538 2538 624 2567 Neque
644 2542 769 2561 vacuum
789 2536 876 2560 unius
894 2535 989 2559 lineae
1009 2535 1138 2566 spatium
1165 2536 1207 2557 est
1226 2532 1378 2562 relictum,
1415 2533 1492 2565 quod
1510 2532 1606 2557 verbis
1623 2532 1703 2557 illius
1720 2531 1781 2556 loci
1800 2531 1904 2556 biblici
1929 2534 2072 2565 sequentu-

398 2569 451 2595 bus
468 2572 583 2595 videtur
602 2569 786 2602 explendum.
807 2571 834 2593 et
849 2575 906 2601 pro
926 2570 1010 2599 Neque
1030 2566 1109 2592 hamt
1128 2566 1214 2591 ιΙιιὸἰε
1233 2566 1323 2590 scrib.
1344 2568 1404 2592 Nam
1430 2565 1492 2591 Via.
1513 2565 1554 2591 ecl.
1569 2567 1670 2599 princ.
1743 2566 1771 2597 8)
1791 2567 1949 2591 sanctiuntur
