2358 2933
123 126 188 158 693
596 126 618 154 1.
649 123 750 155 LOCI
771 123 1048 155 TiffloLoo‘tci:
1075 127 1119 155 D.

125 224 157 248 et
180 217 392 258 agnoscimus
414 225 478 246 nos
500 226 578 247 reos
601 210 678 247 esse
696 223 728 248 et
739 216 856 257 plenos
876 216 1101 247 contumaciae
1121 220 1124 246 1

125 265 242 290 contra
260 259 346 290 hanc
369 258 504 300 Legem,
525 258 600 289 ideo
622 260 723 290 corda
745 257 873 300 fugiunt
891 257 1010 295 Deum,
1034 268 1100 288 non

126 300 280 343 diligunt,
302 310 370 331 non
392 302 513 332 audent
536 312 556 332 a
579 300 652 332 Deo
677 302 763 332 bona
785 307 906 341 petere.
954 300 1022 331 Sed
1044 310 1101 330 au-

126 344 193 375 dito
216 343 409 384 Evangelio,
433 354 506 374 cum
529 344 741 385 agnoscimus
763 343 860 373 nobis
884 343 1002 373 remitti
1026 352 1101 383 pec·
1122 350 1125 374 ἱ

126 392 199 416 cata
231 391 367 425 propter
391 384 557 417 Christum
587 391 619 416 et
651 395 714 416 nos
748 385 849 424 recipi
883 385 916 415 in
950 385 1100 425 gratiam,

125 427 195 458 fieri
218 427 304 459 filios
317 427 392 466 Dei,
417 438 603 469 quanquam
622 428 786 469 indignos,
809 427 862 458 hic
882 428 994 468 agnita
1006 436 1101 467 prae—

124 470 233 501 sentia
257 477 288 500 et
310 471 533 502 misericordia
556 469 619 500 Dei
646 470 840 500 invocamus
871 479 961 506 eum,
989 469 1101 509 incipi-

123 522 196 544 mus
218 522 281 543 nos
304 513 333 543 ci
352 513 532 550 subiicere,
559 513 673 542 timere
696 521 770 542 eum
793 517 824 542 et
848 511 1015 542 confidere
1032 512 1101 542 eius

123 555 350 585 misericordia
371 556 536 595 promissa
552 557 594 587 7⁸)
625 561 658 584 et
685 552 822 595 diligere
850 563 917 583 non
948 554 1100 591 otiosum,

124 598 185 628 sed
215 604 369 637 tanquam
393 597 524 628 Patrem
553 606 634 627 vere
662 602 831 627 curantem
859 602 890 626 et
917 595 1102 626 salvantem

123 649 197 670 nos.
243 639 336 670 Sicut
367 640 426 670 ait:
459 639 532 680 Ego
564 648 636 668 sum
664 637 758 669 Deus
792 644 879 669 tuus.
924 638 1102 669 Inclioatur

124 692 209 723 ergo
237 687 446 722 praeceptum
468 681 581 722 agnito
606 680 751 711 Christo.
796 680 925 711 Deinde
947 681 1008 711 etsi
1032 690 1101 711 cre-

123 733 220 754 scere
243 724 429 754 obedientia
452 723 561 760 debet,
584 729 693 753 tamen
711 733 877 763 nunquam
894 722 1100 754 satisfaciunt

123 765 199 796 huic
221 765 303 806 Legi
333 766 429 796 etiam
456 765 573 802 renati,
596 766 655 796 sed
679 764 836 806 reliquiae
865 765 994 806 peccati
1025 775 1101 796 con-

123 808 286 839 donantur
307 809 374 845 eis,
396 814 431 838 ut
455 818 516 838 suo
540 807 616 838 loco
640 808 782 845 dicetur,
810 814 841 838 et
864 809 925 848 ipsi
948 814 1101 848 reputan-

123 857 176 882 tur
198 850 272 881 iusti
296 857 431 890 propter
449 850 664 881 Mediatorem
688 850 864 881 Christum.
909 850 1000 881 Sicut
1023 851 1101 881 scri-

123 899 213 934 ptum
232 898 297 923 est:
321 892 473 924 Christus
497 898 548 923 est
570 894 808 923 consummatio
820 892 934 934 Legis.
963 892 1004 923 Et
1028 903 1101 924 cum

123 936 189 966 sint
210 936 286 966 iusti
308 934 372 966 hac
394 936 606 976 imputatione
632 942 769 976 propter
791 934 891 966 filium
915 935 978 966 Dei
1000 933 1101 972 facta,

122 976 232 1018 placet
254 977 410 1008 inchoata
432 977 628 1014 obedientia,
652 978 780 1008 etiamsi
803 988 869 1008 non
893 983 943 1009 est
962 979 1099 1019 integra.

123 1020 261 1051 Faciunt
284 1020 380 1057 igitur
400 1020 506 1050 renati
529 1018 616 1050 hanc
628 1019 752 1061 Legem
775 1019 962 1051 inchoando
981 1026 1012 1050 et
1032 1030 1101 1050 cre-

124 1062 246 1099 dendo,
276 1063 364 1103 quod
392 1068 529 1103 propter
551 1061 717 1093 Christum
746 1068 937 1102 reputentur
964 1062 1040 1092 iusti
1068 1068 1099 1093 et

122 1104 211 1145 quod
233 1111 369 1146 propter
390 1115 463 1135 eum
488 1105 717 1135 condonentur
738 1104 896 1146 reliquiae
919 1105 1056 1145 peccati.

210 1145 424 1178 Commodum
448 1153 498 1178 est
519 1153 627 1178 autem
644 1147 783 1179 docendi
801 1157 932 1184 caussa,
956 1147 1007 1177 his
1021 1147 1100 1177 duo-

123 1191 186 1221 bus
209 1190 320 1220 verbis
343 1189 517 1230 complecti
541 1190 648 1220 omnia
679 1199 782 1230 opera
804 1190 898 1230 primi
919 1190 1099 1230 praecepti,

122 1230 275 1263 videlicet
297 1230 518 1272 appellatione
541 1233 701 1262 timoris
731 1238 769 1262 et
796 1232 908 1269 fidei,
937 1242 1013 1262 nam
1037 1232 1099 1262 etsi

122 1273 219 1305 fidem
247 1284 305 1304 seu
332 1274 486 1305 fiduciam
508 1274 752 1305 misericordiae
778 1274 971 1305 necessario
1003 1275 1100 1305 comi·

123 1322 212 1347 tatur
233 1314 380 1354 dilectio,
414 1322 522 1347 tamen
552 1315 736 1347 dilectionis
759 1315 956 1347 vocabulum
979 1318 1099 1347 obscu—

122 1359 193 1389 rius
214 1365 280 1396 est,
312 1369 408 1400 quam
436 1360 562 1389 timoris
584 1364 640 1390 aut
662 1358 736 1390 fidei
759 1357 946 1399 appellatio.
993 1359 1099 1390 Timo-

123 1411 192 1432 rem
214 1402 298 1432 enim
321 1407 451 1442 oportet
475 1411 537 1432 nos
562 1402 701 1432 subinde
719 1402 859 1441 experiri
877 1402 909 1432 in
932 1403 1098 1441 poeniten-

123 1444 180 1481 tia,
203 1450 333 1484 oportet
355 1451 387 1474 et
410 1444 562 1474 fiduciam
585 1445 726 1484 experiri
749 1445 780 1475 in
805 1443 1043 1475 consolatione.

207 1485 373 1517 Recensui
407 1496 509 1526 opera
541 1487 634 1526 primi
672 1487 857 1528 praecepti,
897 1487 1098 1528 agnitionem

125 1528 203 1566 Dei,
239 1529 374 1560 credere
397 1530 499 1560 verbo
522 1528 602 1566 Dei,
632 1529 791 1566 timorem,
814 1529 911 1559 fidem
935 1539 993 1560 seu
1017 1528 1097 1560 fidu-

123 1571 218 1608 ciam,
240 1570 448 1602 dilectionem
471 1571 544 1601 Dei.
580 1571 634 1602 Ad
657 1571 740 1602 haec
763 1572 894 1612 adiungi
918 1572 1013 1602 debet
1037 1571 1098 1602 Pa-

123 1614 233 1644 tientia
255 1614 289 1644 in
312 1612 565 1651 afflictionibus,
595 1614 666 1644 sive
695 1624 767 1645 cum
797 1614 916 1645 iniusta
942 1613 1097 1645 violentia

123 1662 336 1697 tyrannorum
366 1662 421 1687 aut
446 1655 583 1686 aliorum
611 1666 788 1694 vexamur,
817 1657 888 1687 sive
918 1667 990 1688 cum
1013 1655 1097 1687 aliae

123 1708 312 1729 communes
337 1697 539 1729 calamitates
562 1699 718 1737 incidunt,
741 1700 858 1735 morbi,
882 1709 984 1736 mors,
997 1700 1097 1730 iactu-

123 1750 180 1772 rae
209 1742 255 1771 rei
285 1739 453 1771 familiaris
484 1748 545 1772 etc.
591 1741 626 1771 ln
652 1748 792 1782 utroque
817 1751 938 1783 genere
962 1742 1096 1782 requirit

122 1783 215 1814 Deus
238 1783 455 1814 obedientiam
479 1784 600 1814 cordis.
634 1783 760 1825 Estque
784 1794 867 1824 opus
890 1784 983 1824 primi
1005 1794 1097 1824 prae-

122 1826 209 1866 cepti
231 1833 263 1856 et
281 1825 388 1856 cultus
405 1825 479 1863 Dei,
502 1827 688 1857 obedientia
707 1825 880 1857 Ecclesiae
902 1827 935 1856 in
957 1833 1097 1867 utroque

124 1877 245 1910 genere
274 1867 500 1900 afflictionum.
545 1868 588 1900 Ut
612 1869 797 1899 obedientia
819 1868 925 1899 Habel
948 1870 980 1899 in
1003 1879 1096 1906 nece,

123 1911 308 1942 obedientia
331 1912 473 1942 omnium
486 1910 667 1953 Martyrum
685 1912 717 1941 in
739 1910 920 1952 suppliciis,
945 1912 1097 1942 obedien-

123 1954 165 1984 tia
184 1952 286 1991 Hiob,
315 1953 469 1991 Davidis,
498 1955 531 1984 in
556 1954 745 1985 domesticis
771 1952 1009 1985 calamitatibus
1033 1960 1095 1985 etc.

123 1996 206 2026 Nam
233 1996 274 2026 de
301 1996 400 2036 priori
424 2006 546 2038 genere
576 1995 667 2027 clare
697 1996 853 2037 scriptum
882 2003 931 2027 est
965 1996 1094 2035 [Matth-

125 2038 268 2077 16,24.]:
293 2038 355 2073 Qui
368 2038 437 2069 vult
453 2049 505 2070 me
523 2039 627 2080 sequi,
651 2038 745 2069 tollat
761 2048 894 2070 crucem
913 2049 1006 2070 suam
1031 2045 1094 2070 etc.

125 2080 203 2111 {tem
228 2079 335 2119 [Rom.
358 2080 389 2118 8,
408 2081 492 2118 29ss
523 2082 661 2121 Oportet
689 2091 752 2112 nos
780 2081 850 2112 fieri
873 2081 996 2112 similes
1018 2083 1095 2112 ima-

124 2123 210 2165 ginis
232 2121 289 2152 filii
306 2121 379 2153 Dei.
425 2123 503 2154 Item
534 2122 670 2162 [Psalm.
696 2124 768 2162 115,
793 2124 857 2163 5.]:
892 2123 1040 2155 Pretiosa
1063 2126 1095 2155 in

124 2171 304 2205 conspectu
336 2164 468 2195 Domini
501 2176 591 2197 mors
624 2172 811 2197 sanctorum
841 2167 921 2197 eius.
974 2166 1094 2197 Extant

122 2208 220 2248 igitur
249 2206 339 2238 clara
368 2208 521 2238 mandata
551 2209 591 2239 de
619 2208 684 2239 hac
712 2209 905 2240 obedientia.
957 2209 999 2240 Et
1026 2208 1094 2240 wllt

122 2249 216 2281 Deus
238 2251 343 2291 magis
367 2260 405 2280 se
428 2251 538 2287 metui,
560 2260 658 2291 quam
679 2257 853 2292 tyrannos,
877 2250 1005 2282 Deinde
1028 2250 1095 2282 mlt

121 2302 185 2323 nos
214 2293 247 2322 in
270 2293 349 2332 ipsis
378 2292 548 2334 suppliciis
575 2303 642 2324 non
668 2303 765 2324 ruere
787 2292 902 2325 dolore
923 2295 956 2324 in
979 2294 1095 2334 despe-

123 2336 292 2371 rationem,
314 2344 381 2366 non
404 2341 530 2375 putare,
553 2336 642 2376 quod
664 2335 871 2377 negligantur
893 2346 912 2367 a
926 2335 1012 2374 Deo,
1035 2337 1094 2367 sed

123 2378 265 2408 retinere
293 2377 566 2414 consolationem,
600 2377 688 2418 quod
710 2377 803 2409 Deus
832 2379 873 2409 sit
902 2379 998 2410 nobis
1020 2389 1094 2419 pro-
1116 2406 1117 2414 ,

121 2420 220 2460 pitius
245 2426 276 2450 et
298 2420 339 2450 sit
363 2421 607 2461 gubernaturus
630 2426 791 2451 eventum.

127 2524 170 2553 78)
194 2523 366 2548 misericordia
384 2522 527 2553 promissa]
549 2523 619 2547 Editt.
638 2524 677 2547 21.
695 2524 734 2547 22.
747 2524 787 2547 ‘24-
807 2523 925 2547 28—34..
945 2523 1002 2552 opp.
1029 2525 1049 2547 1.
1068 2525 1091 2548 2.
1115 2530 1116 2547 1

192 2556 379 2582 misericordiae
397 2557 546 2586 promissae.

1142 125 1301 155 TERTIA
1321 122 1476 155 EORUM
1498 119 1653 152 AETAS.
2058 117 2121 145 om

1232 214 1284 245 De
1306 213 1411 245 altero
1434 222 1567 254 genere,
1590 209 1743 242 videlicet
1766 209 1807 239 de
1827 207 2049 239 communibus
2067 217 2120 238 ca-

1145 255 1355 293 lamitatibus,
1378 256 1536 295 scriptum
1560 260 1611 285 est
1636 252 1678 291 [l.
1700 252 1788 282 Petr.
1807 251 1839 287 4,
1861 249 1943 287 17.]:
1966 248 2119 298 Iudicium

1144 310 1164 330 a
1187 299 1283 329 domo
1307 298 1370 328 Dei
1398 298 1520 337 incipit.
1566 296 1643 328 Sive
1672 295 1770 336 igitur
1800 294 1864 323 sint
1895 301 2023 332 poenae
2052 301 2121 321 slve

1146 341 1313 378 exercitia,
1336 339 1429 370 Deus
1452 338 1521 370 vult
1540 337 1725 369 Ecclesiam
1749 336 1930 366 subiectam
1954 343 2028 363 esse
2050 332 2120 363 tali-

1145 384 1208 414 bus
1231 383 1413 419 aerumnis,
1435 387 1612 421 propterea
1634 380 1722 420 quod
1744 384 1862 409 natura
1885 376 2025 407 humana
2047 386 2120 415 pro-

1145 432 1217 466 pter
1238 431 1409 466 peccatum
1433 424 1574 455 haerens
1592 423 1625 452 in
1649 431 1748 452 carne
1771 421 1921 451 subiecta
1945 424 1995 449 est
2013 418 2120 454 morti,

1146 474 1178 499 et
1198 468 1376 508 puniuntur
1398 465 1500 497 multa
1522 463 1665 496 actualia
1688 470 1825 504 peccata
1846 460 2034 498 Ecclesiae,
2057 461 2120 491 imo

1146 510 1354 541 Sanctorum.
1383 509 1497 549 Itaque
1509 506 1579 539 vult
1592 506 1684 537 Deus
1696 504 1880 537 Ecclesiam
1893 504 1944 534 his
1957 503 2121 537 aerumnis

1146 552 1315 583 admoneri
1338 552 1379 582 de
1400 551 1611 592 poenitentia,
1632 557 1804 589 praestare
1816 547 2042 582 obedientiam,
2065 555 2120 576 ex-

1145 604 1259 625 ercere
1282 593 1396 631 fidem,
1424 593 1665 624 invocationem
1691 598 1720 621 et
1745 600 1854 631 spem,
1882 599 1948 620 non
1971 598 2067 618 ruere
2090 588 2120 618 in

1147 637 1420 677 desperationem,
1444 645 1511 666 non
1533 640 1649 675 putare
1672 643 1734 664 nos
1757 633 1854 663 abiici
1878 637 1932 661 aut
1955 629 2078 672 negligi
2102 641 2120 660 a

1145 679 1236 717 Deo,
1270 679 1332 710 sed
1361 679 1500 709 retinere
1528 675 1805 711 consolationem,
1841 674 1929 715 quod
1957 672 2050 703 Deus
2081 673 2121 702 sit

1146 723 1241 753 nobis
1269 722 1430 762 propitius
1461 726 1493 751 et
1520 720 1563 750 sit
1592 720 1834 761 gubernaturus
1865 717 1995 748 exitum.
2049 714 2121 745 Huc

1146 765 1308 805 pertinent
1330 764 1428 801 dicta,
1452 772 1537 804 quae
1559 762 1774 803 praecipiunt,
1800 770 1872 790 cum
1887 760 1928 790 de
1940 758 2119 789 obedientia

1145 807 1348 848 praestanda
1376 807 1409 836 in
1437 805 1661 836 communibus
1697 802 1951 839 calamitatibus,
1985 806 2052 832 tum
2081 800 2120 830 de

1146 849 1317 880 retinenda
1340 847 1569 880 consolatione
1586 857 1646 888 per
1667 846 1764 877 fidem
1788 844 1870 884 [1011.
1893 844 1925 881 6,
1948 842 2031 881 4:3.]:
2054 842 2120 873 No-

1146 891 1202 922 lite
1224 901 1444 928 murmurare,
1470 891 1503 921 id
1526 895 1593 927 est,
1616 890 1714 920 irasci
1738 888 1830 924 Deo,
1853 887 1949 927 quasi
1972 885 2026 916 vel
2048 895 2119 916 cru-

1147 934 1262 965 deliter
1275 940 1428 964 exerceat
1450 943 1512 964 nos
1530 931 1584 963 vel
1600 931 1745 973 negligat
1765 941 1837 961 nos.
1872 929 1951 960 Item
1975 928 2018 968 [1.
2032 928 2119 959 Petr.

1145 977 1177 1014 5,
1199 976 1262 1015 6.]:
1296 975 1515 1006 Humiliamini
1545 975 1607 1006 sub
1636 975 1761 1014 potenti
1789 983 1887 1003 manu
1916 971 1990 1002 Dei.
2041 971 2119 1001 Item

1147 1018 1348 1056 1Psalm.50,
1365 1018 1448 1056 19.]:
1474 1017 1680 1049 Sacrificium
1692 1016 1765 1047 Deo
1790 1015 1923 1056 spiritus
1946 1012 2120 1044 tribulatus

1146 1068 1209 1093 etc.
1255 1061 1332 1092 ltem
1357 1060 1490 1098 [Psalm-
1515 1060 1565 1091 37.
1591 1063 1654 1098 [vs.
1681 1060 1741 1099 7.]:
1771 1058 1928 1090 Subditus
1951 1062 2023 1087 esto
2046 1055 2120 1086 Deo

1146 1110 1177 1134 et
1200 1114 1299 1144 spera
1323 1105 1356 1134 in
1382 1113 1466 1134 eum.
1511 1103 1590 1133 Item
1621 1101 1757 1140 [psalm.
1781 1101 1813 1137 4,
1835 1100 1896 1138 6.]:
1928 1097 2120 1130 Sacrificate

1145 1146 1344 1177 sacrificium
1366 1145 1511 1176 Iustitiae
1533 1151 1565 1176 et
1588 1151 1722 1185 sperate
1740 1145 1772 1175 in
1794 1142 1948 1174 Domino.

1230 1189 1282 1219 Ac
1311 1189 1402 1225 vide,
1434 1198 1531 1228 quam
1558 1186 1659 1218 multa
1687 1188 1775 1217 bona
1799 1195 1899 1226 opera
1922 1191 2117 1216 concurrant

1144 1231 1177 1261 in
1199 1230 1263 1261 hac
1287 1231 1484 1267 obedientia,
1508 1240 1591 1270 quae
1614 1228 1710 1260 simul
1732 1230 1895 1269 pertinent
1919 1227 1961 1258 ad
1984 1227 2120 1268 primum

1143 1280 1367 1313 praeceptum.
1421 1272 1579 1310 Primum,
1612 1273 1685 1313 ipsa
1720 1271 1905 1303 obedientia
1934 1269 2041 1300 Deum
2074 1269 2119 1299 in-

1145 1321 1239 1346 tuens
1264 1327 1324 1356 per
1354 1326 1390 1346 se
1420 1321 1469 1346 est
1493 1325 1577 1356 opus
1600 1316 1722 1346 bonum
1745 1321 1776 1345 et
1799 1315 1831 1344 in
1853 1313 1918 1343 hoc
1940 1317 2119 1353 praecepto

1142 1359 1343 1396 mandatum,
1366 1359 1455 1399 quod
1472 1358 1630 1398 praecipit
1642 1357 1749 1388 Deum
1766 1357 1871 1399 magis
1884 1355 2000 1393 timeri,
2023 1365 2120 1395 quam

1143 1400 1328 1442 Tyrannos.
1374 1401 1537 1441 Praecipit
1567 1401 1644 1431 item
1674 1400 1836 1431 sustinere
1859 1407 1984 1440 poenas
2007 1398 2118 1429 divini-

1143 1449 1196 1474 tus
1219 1444 1408 1483 impositas,
1432 1449 1569 1474 mortem
1593 1448 1625 1473 et
1647 1442 1787 1479 similes,
1810 1448 1846 1473 ut
1869 1441 2003 1473 dicitur:
2038 1440 2118 1472 Iudi-

1144 1486 1230 1516 cium
1253 1496 1271 1516 a
1295 1486 1392 1516 domo
1422 1484 1486 1516 Dei
1508 1486 1638 1525 incipit,
1666 1484 1735 1516 velt
1766 1485 1797 1515 A
1819 1484 1962 1515 Domino
1986 1485 2118 1525 corripi-

1144 1538 1226 1565 mur,
1249 1538 1290 1559 ne
1313 1539 1388 1559 cum
1410 1528 1475 1559 hoc
1498 1528 1618 1559 mundo
1642 1528 1842 1559 damnemur.
1877 1527 1931 1558 Ad
1953 1526 2038 1560 hanc
2062 1528 2119 1560 ob-

1144 1571 1317 1601 edientiam
1341 1580 1481 1601 necesse
1504 1576 1553 1601 est
1576 1571 1737 1601 accedere
1760 1569 1867 1607 fidem,
1891 1581 1975 1611 quae
1987 1577 2118 1609 statuat,

1143 1612 1251 1644 Deum
1281 1623 1347 1644 non
1370 1612 1557 1655 negligere,
1587 1623 1653 1643 non
1681 1614 1844 1654 proiicere
1866 1612 2027 1652 afflictos,
2059 1615 2117 1645 sed

1143 1656 1206 1686 iam
1219 1666 1350 1697 quoque
1362 1662 1395 1687 te
1408 1656 1587 1696 respicere,
1610 1656 1665 1686 tibi
1678 1656 1852 1696 propitium
1865 1665 1940 1687 esse
1953 1662 1984 1687 et
1999 1657 2116 1699 guber-

1142 1704 1293 1729 naturum
1326 1698 1414 1729 hunc
1448 1699 1584 1735 exitum,
1618 1704 1653 1729 ut
1687 1698 1796 1729 David
1830 1699 2009 1736 sentiebat,
2044 1709 2116 1731 cuni

1143 1747 1231 1772 esset
1263 1740 1348 1772 exul.
1395 1741 1486 1772 Haec
1515 1741 1599 1771 fides
1623 1747 1654 1771 et
1683 1751 1762 1781 spes
1790 1746 1866 1772 sunt
1894 1751 1996 1781 opera
2023 1742 2116 1782 primi

1141 1784 1318 1824 praecepti.
1364 1783 1406 1814 Et
1428 1794 1470 1814 ex
1486 1786 1528 1820 ⁷9)
1557 1783 1608 1813 his
1637 1784 1785 1814 omnibus
1815 1783 1957 1814 conflata
1981 1790 2031 1814 est
2052 1784 2115 1815 vir-

1142 1832 1206 1864 tus,
1231 1836 1314 1867 quae
1333 1832 1472 1857 vocat-ur
1485 1825 1654 1858 Patientia.
1677 1826 1709 1856 id
1727 1832 1788 1863 est,
1813 1826 2008 1863 obedientia,
2032 1836 2115 1867 quae

1142 1868 1216 1899 Deo
1241 1874 1427 1909 praestatur
1450 1879 1523 1899 cum
1540 1869 1679 1910 quadam
1696 1867 1931 1909 tranquillitate
1948 1869 2043 1899 animi
2056 1878 2114 1900 seu

1141 1911 1310 1942 voluntate
1333 1911 1516 1948 obediendi,
1541 1920 1624 1952 quae
1641 1921 1680 1941 ex
1704 1910 1932 1942 consolatione
1955 1910 2029 1942 fidei
2052 1911 2113 1942 ori-

1141 1959 1203 1985 tur.
1248 1953 1340 1985 Haec
1363 1954 1471 1984 omnia
1488 1952 1612 1984 Paulus
1636 1960 1731 1984 vocat
1754 1964 1888 1994 pacem,
1916 1960 1951 1985 ut
1974 1952 2112 1995 Philipp.

1140 1996 1171 2026 4.
1196 1999 1261 2035 [vs.
1285 1997 1330 2034 7.]
1354 1996 1425 2027 Pax
1443 1995 1522 2034 Dei,
1551 2006 1634 2037 quae
1658 2002 1792 2037 superat
1816 2006 1944 2027 omnem
1967 2005 2112 2034 sensum,

1142 2039 1307 2069 custodiat
1330 2039 1431 2069 corda
1458 2045 1572 2070 vestra
1600 2044 1632 2069 et
1658 2045 1785 2069 mentes
1813 2044 1958 2075 vestraS,
1991 2039 2024 2069 id
2052 2044 2112 2075 est,

1141 2082 1182 2111 sit
1204 2082 1236 2111 in
1258 2082 1354 2112 vobis
1376 2080 1450 2112 talis
1474 2092 1539 2121 pax
1562 2091 1622 2112 seu
1635 2079 1854 2122 tranquillitas
1867 2081 1975 2117 animi,
1997 2086 2033 2111 ut
2056 2082 2111 2112 ob-

1141 2124 1257 2154 ediatis
1270 2123 1356 2161 Deo,
1379 2129 1411 2154 et
1429 2123 1656 2154 consolatione
1674 2123 1747 2154 fidei
1771 2124 1960 2154 sustentetis
1984 2128 2016 2154 et
2035 2132 2111 2153 con—

1140 2166 1274 2197 firmetis
1302 2166 1445 2203 animos,
1479 2172 1513 2197 ut
1541 2167 1683 2197 adversa
1712 2165 1853 2196 tolerare
1880 2166 2032 2205 possitis,
2066 2165 2110 2195 in-

1139 2215 1266 2239 tuentes
1290 2209 1322 2239 in
1345 2209 1596 2249 promissionem
1620 2208 1772 2246 divinam,
1798 2208 1829 2238 in
1852 2218 1916 2248 qua
1939 2218 2012 2238 cum
2035 2217 2110 2237 con—

1140 2252 1276 2292 spicitur
1308 2249 1507 2282 admirabilis
1546 2251 1675 2281 bonitas
1717 2256 1749 2280 et
1781 2250 2005 2281 misericordia
2039 2249 2109 2281 Dei.

1141 2294 1249 2324 existit
1273 2294 1367 2324 etiam
1391 2292 1530 2324 dilectio.

1139 2524 1183 2549 79)
1207 2523 1342 2581 praecepltii.
1379 2523 1403 2547 Et
1423 2523 1464 2552 ex]
1491 2522 1560 2547 Editt.
1580 2523 1620 2547 22.
1642 2523 1682 2546 24.
1702 2523 1838 2547 28-34..
1866 2522 1923 2551 Opp.
1947 2523 1965 2546 t.
1987 2523 2009 2545 2.
2037 2527 2107 2551 prae-

1206 2560 1278 2586 cepti·
1331 2563 1347 2580 x

1910 2605 1950 2627 ⁷25¹
