2358 2933
204 94 286 126 1095
836 90 946 122 PfflL.
970 89 1072 121 MEL.
1094 89 1279 122 SCRIPTA
1302 88 1571 122 DOGMATICA.
2111 92 2192 125 1096

202 198 274 219 cum
298 186 431 217 alterius
456 185 581 216 iniuria.
628 184 687 215 Est
710 185 807 226 igitur
830 184 994 215 Interesse
1017 184 1171 221 debitum,
1193 203 1196 212 ,
1217 182 1258 214 lis
1293 183 1442 214 ordinata
1475 182 1619 225 legibus,
1653 182 1794 215 honeste
1829 182 2047 217 transferendi
2071 196 2190 228 corpus

201 230 289 271 quod
313 229 406 260 debet
431 229 554 261 iun-effi>
589 234 723 258 naturae
748 228 786 264 is,
806 228 860 267 qui
882 225 1054 257 efficacem
1077 236 1171 257 caus·
1194 213 1196 247 7
1218 232 1249 257 et
1283 225 1423 267 eligendi
1455 225 1613 258 honestas
1648 237 1766 266 operas
1803 228 1952 268 corporis
1976 238 2035 269 pro
2059 229 2190 261 arbitrio

202 283 271 303 sam
305 272 412 303 damni
441 269 535 301 alteri
569 271 655 301 dedit
683 276 739 300 aut
767 271 821 310 qui
846 280 921 302 vere
945 270 1110 310 impedivit
1124 270 1169 308 32)
1193 254 1196 314 i
1218 275 1247 299 et
1281 267 1423 300 habendi
1456 279 1510 299 res
1543 268 1693 309 proprias
1727 275 1757 300 et
1777 269 1970 309 disponendi
1990 271 2030 302 de
2052 272 2099 302 eis
2122 272 2191 303 iure

201 314 336 346 ulterius
360 315 444 345 iusta
467 312 575 344 lucra:
598 320 630 343 ut
657 313 683 343 si
707 313 780 353 quis
803 313 834 342 in
858 312 967 343 locato
992 313 1170 353 corrumpit
1218 312 1348 343 dominii
1371 322 1431 352 pro
1455 312 1603 349 arbitrio.
1627 311 1752 343 habens
1776 318 1808 343 et
1830 312 2006 354 legitimam
2025 312 2190 345 defensio-

201 356 336 398 aliquid‚
356 357 451 387 debet
476 356 507 386 id
531 356 642 396 quanti
666 356 815 392 interest,
841 356 870 385 id
895 362 963 393 est,
986 356 1082 386 debet
1102 365 1171 385 sar·
1218 365 1291 385 nem
1315 355 1463 395 corporis
1487 361 1519 385 ct
1543 365 1661 392 rerum,
1687 361 1720 386 ut
1738 354 1857 396 Ioseph
1892 362 1997 387 emtus
2031 367 2098 388 non
2132 367 2191 398 po-

201 402 267 431 cire
291 401 457 430 damnum.
482 399 607 429 etiamsi
631 396 718 428 nulla
741 398 848 438 pactio
873 398 913 429 de
936 397 998 428 hac
1021 407 1057 428 re
1079 407 1171 437 prae·
1218 402 1283 428 test
1317 396 1495 428 transferre
1517 406 1638 438 corpus
1673 407 1712 428 ac
1735 398 1904 429 discedere
1923 409 1943 429 a
1966 398 2106 431 Domino
2129 410 2190 432 suo

202 443 313 473 cessit.
358 442 454 477 Quod
489 448 596 472 autem
627 439 826 471 vocabulum
858 440 1018 472 honestae
1052 441 1099 471 rei
1123 440 1171 471 ln-
1219 447 1281 471 etc.
1326 439 1460 470 Diserte
1493 447 1600 471 autem
1636 441 1751 471 dicitur
1774 439 1916 471 facultas
1940 442 2089 473 ordinata
2111 441 2191 484 legi-

1219 484 1292 520 bus,
1315 483 1390 523 quia
1412 482 1546 513 libertas
1570 493 1635 514 non
1655 489 1706 514 est
1728 483 1852 514 infinita
1875 482 2017 522 licentia,
2052 494 2114 515 nec
2136 495 2191 516 va-

1219 532 1315 566 gatur
1349 524 1518 556 beluarum
1552 536 1660 563 more,
1694 526 1754 556 sed
1788 532 1839 557 est
1872 525 2014 558 facultas
2051 526 2191 559 honeste

1219 567 1329 599 utendi
1353 578 1493 608 corpore
1515 574 1547 599 et
1565 570 1681 606 rebus,
1715 567 1863 606 liberior,
1891 580 1988 610 quam
2011 568 2117 611 qualis
2140 575 2192 602 est

1219 611 1421 651 captivorum
1444 616 1499 641 aut
1522 621 1705 648 servorum,
1729 612 1788 642 sed
1812 618 1919 642 tamen
1942 612 2015 643 Deo
2040 613 2191 643 subiecta

1219 660 1249 685 et
1274 654 1372 684 certis
1396 652 1524 684 inclusa
1546 655 1641 685 metis
1665 655 1828 692 divinitus,
1852 653 2003 686 videlicet
2028 654 2108 696 Legi
2128 654 2191 686 Dei

1220 702 1252 727 et
1285 695 1357 727 aliis
1391 695 1531 737 legibuS,
1565 707 1648 737 quae
1670 698 1817 728 muniunt
1840 708 2034 728 concessam
2056 696 2191 729 faculta-

1220 746 1296 777 tem,
1320 745 1355 770 ut
1378 739 1405 769 si
1430 739 1481 770 cui
1504 737 1600 770 liceat
1624 739 1668 769 uti
1691 740 1826 780 spatiosi
1848 739 1933 770 horti
1956 739 2130 778 fructibus,
2159 746 2192 771 et

1219 783 1285 812 sint
1319 782 1508 813 circumdati
1540 782 1634 819 muri,
1667 792 1709 813 ne
1742 783 1921 823 irrumpant
1942 783 2012 823 apri
2031 789 2087 814 aut
2108 781 2192 814 aliae

1219 823 1319 855 ferae.
1365 824 1422 855 Sic
1444 824 1524 855 dixit
1545 824 1667 855 Lucius
1687 824 1846 856 Crassus:
1889 824 2017 866 Legum
2045 825 2133 856 servi
2147 826 2191 862 ⁵⁵)

1220 877 1347 904 sumus,
1370 873 1404 898 ut
1426 865 1519 898 liberi
1543 877 1619 898 esse
1642 868 1818 907 possimus.

1306 926 1521 957 SERVITUS
1533 925 1704 965 ClVlLIS,
1727 937 1823 968 quam
1846 926 1939 958 Deus
1962 927 2133 968 approbat,
2157 933 2192 958 ut

1220 979 1338 1000 servus
1361 968 1420 1000 suit
1443 968 1561 1009 loseph
1584 979 1645 1000 seu
1668 969 1855 1008 Onesimus,
1879 976 1930 1000 est
1951 969 2090 1010 privatio
2113 967 2192 1010 legi-

1219 1013 1297 1043 tima
1330 1010 1494 1043 facultatis
1528 1012 1718 1053 possidendi
1741 1023 1795 1044 res
1818 1013 1970 1053 proprias
1995 1019 2027 1044 et
2049 1011 2192 1054 eligendi

1219 1065 1338 1096 operas
1372 1055 1505 1095 proprio
1534 1055 1669 1085 arbitrio
1694 1061 1726 1086 et
1747 1054 1969 1086 transferendi
1993 1064 2115 1096 corpus
2137 1060 2193 1086 aut

1218 1108 1273 1129 res
1292 1098 1426 1138 proprio
1440 1099 1487 1138 36)
1511 1098 1657 1128 arbitrio.
1702 1098 1809 1129 Habet
1832 1104 1940 1129 autem
1965 1104 1997 1130 et
2018 1097 2102 1128 haec
2125 1107 2192 1128 ser-

1219 1141 1304 1171 vitus
1336 1150 1376 1171 ex
1398 1140 1489 1181 Lege
1518 1141 1627 1172 divina
1655 1151 1715 1172 seu
1738 1140 1878 1172 naturali
1901 1151 1996 1172 suam
2019 1140 2193 1182 mitigatio-

1218 1193 1292 1214 nem
1311 1188 1366 1214 aut
1387 1184 1652 1221 moderationem,
1676 1193 1717 1214 ne
1728 1185 1774 1224 3⁷)
1799 1184 1917 1214 domini
1941 1189 2062 1225 cogant
2075 1192 2192 1214 servos

1219 1225 1330 1256 facere
1355 1231 1467 1256 contra
1490 1225 1583 1266 leges
1607 1226 1746 1264 divinas,
1762 1227 1809 1266 38-)
1849 1225 1895 1257 Ut
1919 1236 1992 1257 cum
2017 1225 2116 1256 Turci
2137 1235 2192 1256 au-

1218 1267 1328 1299 ferunt
1357 1269 1495 1298 subditis
1520 1267 1605 1299 filios
1636 1275 1667 1299 et
1690 1268 1774 1298 filias
1793 1275 1826 1299 et
1848 1267 2043 1298 abstrahunt
2065 1277 2125 1298 eos
2150 1268 2193 1299 ad

1219 1321 1314 1341 suam
1334 1310 1579 1348 ldolomaniam,
1604 1312 1677 1351 quia
1690 1310 1782 1341 Deus
1795 1316 1846 1340 est
1858 1310 2009 1350 superior
2028 1308 2191 1340 Dominus

1219 1359 1250 1384 et
1285 1352 1375 1383 nulla
1410 1358 1559 1383 creatura
1591 1359 1705 1392 petere
1737 1358 1793 1383 aut
1815 1353 1928 1382 iubere
1950 1350 2072 1392 aliquid
2095 1351 2193 1382 debet

1220 1401 1334 1425 contra
1367 1395 1520 1424 mandata
1544 1394 1664 1431 divina,
1686 1395 1776 1424 iuxta
1799 1394 1919 1424 dictum
1943 1392 2031 1430 [Act.
2054 1392 2086 1431 5,
2109 1392 2192 1432 29.]:

1220 1438 1357 1477 Oportet
1392 1435 1466 1467 Deo
1494 1437 1599 1478 magis
1623 1437 1757 1468 obedire
1780 1446 1876 1477 quam
1898 1435 2096 1466 hominibus.
2141 1435 2192 1466 Ac

1219 1480 1339 1510 dictum
1363 1477 1508 1509 Platonis
1527 1480 1736 1510 observetur:
1759 1478 1907 1519 Utraque
1930 1479 2061 1518 optima,
2083 1479 2192 1509 mode-

1218 1528 1289 1553 rata
1322 1521 1456 1553 libertas
1481 1527 1513 1552 et
1534 1523 1703 1553 moderata
1727 1522 1886 1559 servitus,
1919 1520 2067 1562 Utraque
2088 1521 2193 1562 pessi-

1218 1575 1282 1603 ma,
1304 1565 1516 1595 immoderata
1538 1563 1675 1595 libertas
1699 1570 1731 1596 et
1753 1564 1964 1595 immoderata
1986 1563 2137 1595 servitus.

1304 1623 1463 1655 BONUM
1486 1623 1743 1655 INCREATUM
1765 1630 1816 1655 est
1838 1623 1929 1654 Deus
1952 1624 2038 1665 ipse,
2063 1623 2118 1664 qui
2141 1629 2191 1655 est

1219 1668 1366 1698 essentia
1384 1667 1527 1708 sapiens,
1546 1673 1693 1704 aeterna,
1717 1668 1937 1707 omnipotens,
1961 1664 2078 1697 volens
2102 1665 2191 1704 talia,

1219 1709 1328 1751 qualia
1351 1710 1382 1740 in
1405 1709 1480 1751 lege
1504 1720 1565 1741 sua
1576 1710 1746 1750 praecipit,
1761 1710 1901 1741 creatrix
1919 1715 1951 1740 et
1964 1709 2192 1740 conservatrix

1218 1753 1345 1790 mundi,
1369 1759 1402 1783 et
1425 1763 1544 1783 caussa
1564 1753 1655 1790 boni,
1673 1753 1706 1783 id
1729 1758 1798 1790 est,
1823 1752 2020 1793 sapientiae,
2038 1752 2191 1790 iustitiae,

1218 1795 1360 1826 laetitiae
1394 1801 1426 1826 et
1460 1796 1583 1826 ordinis
1618 1796 1651 1826 in
1675 1796 1844 1827 creaturis-
1889 1794 1941 1826 De
1963 1793 2027 1825 hoe
2045 1793 2190 1835 perfecto

1219 1839 1306 1869 bono
1338 1839 1470 1869 dicitur:
1512 1837 1629 1869 Nullus
1652 1845 1703 1869 est
1728 1840 1851 1875 bonuS,
1885 1838 1947 1868 nisi
1969 1838 2102 1874 unicus,
2135 1837 2190 1878 qui

1219 1887 1269 1912 est
1292 1881 1396 1911 Deus.

1303 1923 1461 1955 BONUM
1489 1922 1701 1954 CREATUM
1735 1930 1786 1954 est
1819 1929 1931 1953 creata
1965 1922 2190 1952 convenientia

1219 1967 1251 1997 in
1277 1967 1436 1998 creaturis
1460 1977 1533 1997 cum
1556 1972 1663 1997 mente
1686 1966 1795 1997 divina
1819 1966 1927 1996 onmia
1945 1963 2147 2005 intelligente
2158 1970 2191 1995 et

1219 2010 1399 2041 ordinante.
1423 2009 1483 2039 Est
1505 2010 1602 2050 igitur
1624 2009 1794 2048 sapientia,
1817 2008 1940 2039 iustitia
1961 2013 1993 2038 et
2014 2006 2136 2038 laetitia
2157 2007 2189 2038 in

1217 2058 1333 2083 natura
1351 2051 1552 2093 intelligente
1575 2057 1607 2082 et
1629 2051 1710 2081 ordo
1734 2051 1766 2081 in
1789 2051 1943 2082 universa
1965 2055 2082 2081 natura
2099 2050 2189 2080 insti-

201 492 327 516 teresse
367 485 570 525 praetexitur
607 482 793 514 crudelibus
834 484 954 521 usuris,
988 484 1173 524 perniciosa

200 527 378 568 sophistica
403 534 462 557 est.

287 586 477 617 LoCATn)
501 593 551 617 est
575 592 773 623 contractus,
796 586 828 616 in
852 595 916 627 quo
939 595 993 617 res
1016 584 1173 616 transser-

201 640 252 662 tur
271 630 312 661 ad
336 636 458 661 certum
478 636 624 670 tempus,
659 629 767 670 quoad
791 639 885 660 usum
908 639 968 669 pro
992 634 1082 659 certo
1101 638 1172 669 pre-

200 675 262 711 tio,
293 682 359 703 non
383 672 492 713 quoad
516 672 709 709 dominium,
737 678 769 703 et
792 681 845 702 res
869 670 980 702 illatae
1004 677 1080 702 sunt
1104 672 1172 701 iure

200 717 434 758 oppignoratae
457 713 589 745 locanti.

284 772 554 806 MENDACIO!
599 780 651 805 est
688 772 874 814 petulanter
906 779 963 804 aut
996 773 1172 814 cupiditate

200 818 338 850 nocendi
371 815 458 848 aliud
488 815 576 856 loqui
610 826 671 847 seu
701 824 797 858 gestu
821 815 1009 857 significare
1031 822 1062 846 et
1085 814 1172 846 aliud

200 861 332 892 sentire.
378 859 453 890 Non
487 859 571 889 enim
601 860 732 890 nomino
752 860 921 890 mendacia
944 857 1079 901 figuraS,
1104 858 1172 899 qui·

200 905 261 935 bus
285 913 325 934 ex
347 900 508 943 probabili
533 912 652 932 caussa
681 901 803 943 aliquid
825 902 960 943 tegitur,
994 902 1083 942 quod
1106 911 1171 931 non

199 955 338 977 necesse
362 952 411 975 est
437 945 515 981 diei,
540 950 573 974 ut
598 944 690 974 Raab
714 950 813 985 negat
835 943 1063 985 speculatores
1086 944 1172 975 domi

199 998 280 1019 suae
302 997 388 1019 esse.
419 985 516 1017 Tales
541 986 666 1028 figurae
688 988 894 1018 nominantur
917 986 1066 1018 officiosa
1085 997 1172 1017 men-

201 1032 304 1063 dacia.
350 1030 422 1061 Huc
457 1036 485 1060 et
510 1029 656 1070 Apologi
687 1031 784 1071 ac33)
819 1033 970 1070 poe'mata
997 1030 1171 1071 pertinent,

200 1084 283 1115 quae
317 1074 423 1104 onmia
452 1078 591 1112 possunt
616 1073 678 1103 dici
702 1072 828 1114 figurae
850 1083 910 1103 seu
934 1073 1171 1104 similitudines.

284 1114 619 1146 MALEDICENTIA
638 1122 687 1146 est
711 1125 772 1146 seu
793 1113 879 1146 falsa
902 1126 962 1147 seu
984 1116 1081 1147 dubia
1100 1125 1172 1146 sce-

200 1158 269 1190 lera
290 1158 453 1199 punienda
475 1156 606 1199 legibus
629 1157 727 1189 alicui
751 1159 893 1189 obiicere
915 1168 976 1189 seu
994 1168 1072 1189 vera
1086 1168 1171 1189 com-

200 1211 381 1233 memorare
424 1201 568 1231 vanitate
607 1208 663 1232 aut
699 1201 872 1241 cupiditate
906 1202 1047 1232 nocendi
1081 1208 1172 1231 extra

200 1245 347 1276 ordinem
380 1244 581 1274 iudiciorum.
627 1243 698 1274 Hoc
717 1244 828 1274 vitium
851 1243 1043 1284 prohibetur
1066 1243 1170 1274 Levit-

202 1287 251 1318 19.
276 1289 338 1325 [vs.
365 1286 426 1324 16.]
472 1286 546 1316 Non
581 1286 646 1317 eris
681 1287 868 1317 criminator
897 1297 959 1317 nec
983 1296 1120 1317 susurro
1139 1286 1171 1316 in

199 1329 331 1372 populo.
377 1328 544 1360 Pertinent
578 1335 686 1359 autem
720 1329 762 1358 ad
796 1328 860 1359 hoc
893 1339 998 1369 genus
1022 1329 1171 1360 convicia

200 1384 259 1404 seu
282 1371 369 1403 falsa
392 1382 451 1402 seu
475 1381 564 1408 vera,
594 1382 679 1412 quae
702 1378 809 1402 tamen
832 1372 976 1401 vanitate
1005 1377 1061 1401 aut
1085 1371 1172 1410 cupi·

200 1417 299 1447 ditate
328 1415 466 1445 nocendi
500 1414 661 1444 dicuntur.
724 1413 802 1444 Item
837 1412 1042 1450 Calumniae,
1088 1422 1172 1453 quae

200 1465 286 1496 sunt,
309 1465 362 1489 aut
387 1455 561 1488 benefacta
579 1462 634 1487 aut
664 1462 753 1487 reete
783 1456 869 1487 dicta
893 1457 1094 1496 depravare,
1117 1460 1172 1486 aut

199 1502 352 1542 ambigua
374 1501 407 1530 in
430 1500 626 1530 deteriorem
648 1505 771 1540 partem
794 1499 938 1536 flectere,
959 1504 1015 1529 aut
1038 1507 1170 1539 quoquo

199 1544 296 1575 modo
327 1544 448 1574 crimen
483 1542 625 1583 fingere,
659 1548 694 1572 ut
717 1540 909 1573 Palamedes
933 1541 1008 1572 ficto
1039 1541 1171 1571 crimine

201 1586 407 1627 opprimitur,
440 1586 515 1615 item
538 1583 682 1615 Naboth.
728 1583 779 1615 De
808 1583 859 1615 his
883 1585 1032 1615 omnibus
1056 1583 1172 1614 dicitur

199 1631 231 1661 in
254 1628 456 1659 Ecclesiaste
481 1637 552 1668 cap.
583 1627 612 1658 7.
638 1630 700 1664 [vs.
723 1626 766 1666 S.]
808 1626 976 1658 Calumnia
1000 1626 1171 1657 conturbat

199 1672 391 1713 sapientem,
415 1678 445 1701 et
470 1670 575 1710 perdit
590 1671 635 1711 3⁴)
660 1671 762 1701 robur
786 1670 896 1700 cordis
921 1670 999 1700 eius.
1034 1668 1075 1699 Et
1098 1679 1169 1708 cap.

202 1715 250 1745 10.
277 1717 338 1751 [vs.
366 1713 427 1751 ll.]
453 1712 568 1747 Qualis
587 1718 638 1743 est
660 1722 811 1753 serpens,
846 1713 900 1753 qui
925 1711 1009 1743 clam
1031 1712 1170 1748 mordet,

200 1756 273 1789 talis
298 1763 349 1787 est
372 1754 596 1787 calumniator.
632 1755 719 1786 Vitia
741 1754 874 1797 linguae
896 1753 997 1786 multa
1019 1760 1095 1785 sunt
1107 1752 1171 1785 alia

200 1801 304 1842 magis
323 1798 386 1830 alia
409 1799 514 1829 minus
538 1798 672 1828 atrocia.

285 1840 580 1877 GARRULITAS,
605 1839 751 1878 suffitias,
775 1840 914 1878 vanitas,
926 1840 1092 1876 iactantia,
1105 1849 1171 1869 ma-

200 1886 384 1921 ledicentia,
408 1884 634 1920 subsannatio,
658 1884 795 1921 mentiri,
820 1882 1020 1920 calumniari,
1040 1881 1171 1913 insulsi-

200 1936 266 1966 tas,
290 1925 490 1963 scurrilitas,
525 1936 608 1967 quae
637 1932 686 1956 est
709 1927 879 1957 obscoena
901 1926 1029 1962 dicere,
1062 1930 1117 1955 aut
1140 1925 1172 1954 in

200 1971 335 2002 materia
358 1969 449 2011 gravi
473 1969 707 2009 intempestivis
733 1969 831 2005 iocis,
865 1974 921 1999 aut
942 1968 1073 1998 Mimica
1095 1968 1172 1998 sub-

200 2014 392 2045 sannatione
424 2011 548 2048 ludere,
583 2018 640 2042 aut
668 2010 905 2042 contumeliosa
929 2011 1038 2042 dicere
1061 2010 1094 2040 in
1118 2019 1171 2040 su-

200 2057 346 2098 periores
369 2062 423 2086 aut
446 2056 479 2085 in
503 2053 713 2086 calamitosos
732 2054 902 2091 honestos,
914 2060 949 2085 ut
961 2053 1068 2084 Semei
1079 2062 1171 2083 scur-

201 2106 290 2130 ratur
312 2096 510 2129 maledicens
535 2097 662 2127 Davidi.

286 2140 502 2172 LlBERTAS
522 2138 678 2171 CIVILIS
702 2146 753 2171 est
766 2141 811 2179 ⁸⁵)
847 2137 991 2170 facultas
1017 2148 1170 2179 corpora-

1285 2180 1388 2211 sidenti]
1401 2186 1442 2205 res
1455 2180 1576 2210 proprias,
1588 2182 1612 2204 et
1625 2178 1791 2210 eligendiffid.
1802 2179 1839 2202 18.
1852 2178 1983 2208 elegendi]
1997 2184 2088 2209 operas
2102 2183 2189 2208 corpo-

1286 2215 1320 2239 ris
1329 2221 1359 2239 ex
1368 2214 1478 2242 arbium,
1490 2216 1514 2239 et
1525 2213 1696 2238 transferendi
1708 2219 1796 2243 corpus
1806 2215 1831 2238 et
1845 2219 1886 2238 res
1901 2213 2016 2243 proprias
2031 2218 2064 2237 ex
2076 2212 2188 2237 arbitrio.

1287 2250 1338 2273 Non
1356 2249 1421 2273 enim
1433 2249 1588 2278 intelligatur
1601 2249 1705 2273 libertas
1723 2248 1800 2272 civilis
1811 2253 1869 2272 esse
1884 2247 1972 2277 vagari
1987 2247 2042 2272 sine
2054 2247 2112 2271 ullis
2126 2246 2189 2276 legi-

1285 2283 1341 2311 bus,
1354 2283 1401 2307 sed
1418 2283 1604 2313 circumscripta
1621 2285 1660 2307 est
1672 2282 1725 2312 [Ed.
1741 2282 1779 2305 18.
1788 2282 1871 2311 inpro
1879 2281 1929 2312 est]
1941 2281 2031 2306 divinis
2039 2282 2065 2305 et
2074 2281 2187 2306 civilibus

1285 2317 1393 2347 legibus,
1408 2318 1432 2341 et
1443 2317 1561 2341 laudatur
1572 2317 1664 2341 dictum
1673 2317 1756 2341 Crassi
1768 2316 1835 2347 apud
1843 2316 2002 2341 Ciceronem:
2016 2314 2111 2345 Legum
2122 2315 2189 2340 servi

1284 2353 1335 2377 cet.

1217 2401 1262 2433 36)
1281 2401 1391 2433 proprio]
1413 2401 1485 2426 Editt.
1509 2401 1614 2425 16—19.
1635 2401 1684 2432 23.,
1701 2400 1757 2427 Der.
1780 2402 1799 2426 1.
1818 2407 1864 2426 suo

201 2475 246 2504 36)
264 2475 321 2499 Pro
339 2480 412 2504 seqq.
432 2473 539 2498 facultas
561 2486 590 2489 —
611 2486 642 2489 —
656 2486 688 2489 —-
701 2472 796 2501 Legum
816 2471 883 2496 servi
901 2472 950 2496 cet.
971 2469 1038 2499 (sub
1054 2468 1101 2499 fin.
1121 2470 1169 2494 ltu-
1216 2452 1261 2483 37)
1281 2451 1323 2483 ne]
1362 2452 1434 2477 Editt.
1454 2453 1562 2475 20—2‘2.
1582 2452 1700 2479 24—34.‚
1720 2452 1791 2482 σθω·
1813 2452 1892 2479 1-8·
1913 2451 1972 2482 ⁰⁹¹³·
1995 2452 2016 2475 ¹·
2037 2451 2070 2479 ²*
2089 2450 2132 2476 Β·
2153 2450 2186 2480 ³¹⁹

269 2509 314 2533 ius
332 2508 405 2539 (les.)
424 2508 451 2532 in
470 2508 541 2532 Etim,
565 2506 593 2528 16
613 2520 644 2523 -
666 2507 703 2529 19.
724 2507 773 2531 23..
792 2505 846 2531 Def.
869 2506 890 2528 1.
909 2505 1039 2534 leymtlur
1056 2504 1170 2529 haecce:
1286 2486 1340 2511 Def'
1366 2487 1385 2509 1.
1406 2487 1428 2509 2·
1448 2493 1495 2511 nec

270 2542 377 2568 facultas
395 2542 510 2567 ordinata
529 2541 628 2571 legibus
647 2540 794 2571 possidendi
812 2539 865 2571 [Ed.
890 2540 927 2562 18.
948 2541 1004 2569 typ.
1023 2544 1077 2564 err.
1085 2547 1094 2563 .·
1112 2544 1170 2568 pos·
1216 2537 1261 2568 38)
1281 2541 1367 2562 contra
1386 2537 1458 2567 leges
1477 2537 1585 2567 divinas]
1604 2537 1676 2562 Editt.
1697 2537 1803 2562 16—19.
1824 2537 1864 2560 22.
1883 2536 1932 2565 23..
1951 2536 2004 2562 Der.
2029 2537 2047 2561 l.
2065 2536 2158 2561 iniusta

201 2272 246 2298 31)
266 2270 329 2301 iure]
349 2269 421 2294 Editt.
445 2269 550 2292 17—19.
572 2268 611 2292 23.
630 2269 676 2293 iuri

201 2322 245 2351 32)
266 2327 325 2345 vere
344 2319 482 2351 impedivit]
503 2320 576 2344 Editt.
598 2319 704 2344 16-19.
723 2319 764 2343 23.
784 2320 837 2344 iure
857 2318 995 2348 impediunt

201 2373 246 2401 33)
264 2373 304 2403 ac]
324 2372 395 2402 Coi-p.
416 2372 439 2395 2.
461 2372 483 2395 4.
505 2373 529 2395 et

201 2424 246 2454 34)
265 2423 358 2454 perdit]
377 2423 448 2448 Editt.
469 2422 574 2445 16—19.
595 2421 635 2445 23.
656 2421 745 2452 perdet
