2358 2933
125 142 186 173 501

126 233 290 274 pertinent
307 231 350 262 ad
367 230 594 261 remissionem
612 227 730 269 culpae
747 234 804 260 aut
820 238 1013 268 poenarum,
1036 238 1099 261 nec
1142 232 1282 262 nendam
1311 240 1388 262 esse
1416 240 1437 260 a
1458 228 1599 260 Politica

600 137 623 167 1.
647 136 746 168 LOCI
768 136 1044 169 THEOLOGICI:
1066 137 1105 169 C.
1128 139 1340 172 SECUNDA
1361 137 1518 170 EORUM
1540 135 1698 169 AETAS.

2059 132 2121 162 502

1627 231 1793 268 potestate
1821 234 1882 255 seu
1905 232 2007 263 regno
2031 233 2122 253 mun-

127 284 211 315 opus
234 279 285 304 est
307 272 384 304 illos
409 281 555 303 canones
578 272 764 309 restituere,
787 280 862 302 cum
885 276 1010 302 tantum
1031 270 1100 302 fue-
1144 275 1241 304 dano.
1285 272 1440 303 Potestas
1469 270 1573 303 civilis
1602 271 1635 301 in
1657 269 1778 300 mundo
1801 265 1865 298 fert
1886 264 1980 306 leges
2003 264 2045 295 de
2067 265 2123 295 de-

127 317 190 347 rint
210 316 371 348 humanae
392 314 596 345 traditiones.

163 415 224 448 DE
245 414 502 446 POTESTATE
525 412 870 445 ECCLESIASTICA
893 412 978 444 SEU
1000 411 1063 443 DE

496 454 729 487 CLAVIBUS.

213 524 334 556 Claves
364 523 551 565 significant
580 522 794 552 domesticam
827 520 969 562 aliquam
1002 521 1102 552 admi-

126 568 364 599 nistrationem.
410 565 557 605 Cumque
577 562 795 605 Evangelium
820 563 862 593 sit
885 563 980 604 quasi
1003 573 1102 594 oeco-

126 610 257 641 nomica
290 608 448 649 quaedam
476 607 731 640 administratio,
764 615 826 635 nec
860 605 1038 636 coherceat
1070 605 1103 636 vi

129 650 308 692 corporali,
339 650 400 680 sed
421 654 545 680 tantum
569 648 697 685 verbis,
726 648 856 678 nomine
879 646 1020 678 clavium
1043 648 1103 677 uti-

127 704 198 724 mur
231 693 263 723 in
296 690 513 733 significanda
539 689 777 723 Ecclesiastica
809 690 1102 720 administratione.

126 735 214 766 Idem
255 734 353 776 igitur
394 732 580 774 significant
621 738 771 773 potestas
800 730 1038 762 Ecclesiastica
1072 736 1104 762 et

127 776 252 808 claves.
297 775 358 806 Est
387 780 497 805 autem
524 779 621 805 vetus
651 774 782 813 partitio
812 774 987 804 admodum
1015 783 1103 804 com-

125 819 240 855 moda,
270 827 354 858 quae
381 817 519 856 partitur
546 815 816 846 Ecclesiasticam
844 821 1041 855 potestatem
1071 816 1103 845 in

124 865 324 902 potestatem
348 859 470 890 ordinis
495 863 527 888 et
550 858 793 889 iurisdictionis.
839 857 995 888 Potestas
1019 858 1104 888 ordi-

127 904 178 934 nis
202 907 264 939 est,
289 911 386 941 quam
410 899 529 940 alioqui
552 906 674 931 vocant
693 900 904 930 ministerium
919 898 1104 941 Evangelii,

126 944 192 975 hoc
215 948 283 980 est,
312 942 499 973 mandatum
522 942 661 973 docendi
682 940 900 983 Evangelium
924 947 957 972 et
979 952 1103 972 amum-

127 986 227 1017 tiandi
256 985 485 1016 remissionem
514 989 727 1024 peccatorum
758 989 790 1013 et
819 984 1022 1023 impertiendi
1045 983 1104 1015 Sa-

127 1032 295 1059 cramenta
317 1025 456 1068 singulis
480 1031 536 1056 aut
558 1024 717 1065 pluribus.
747 1025 929 1056 lurisdictio
949 1035 1029 1056 vero
1053 1030 1105 1055 est

126 1075 275 1110 potestas
299 1068 602 1099 excommunicandi
621 1067 783 1097 obnoxios
801 1066 942 1106 publicis
966 1068 1105 1098 crimini-

127 1113 208 1148 bus,
238 1116 270 1141 et
297 1120 414 1141 rursus
438 1108 631 1140 absolvendi
658 1119 735 1146 eos,
764 1108 795 1139 si
818 1110 971 1140 conversi
992 1114 1104 1149 petant

127 1152 381 1185 absolutionem.
437 1152 550 1192 Itaque
588 1150 671 1181 haec
711 1151 844 1190 proprie
879 1150 1106 1191 complectitur

128 1200 278 1235 potestas
290 1193 539 1230 Ecclesiastica,
564 1193 652 1223 iuxta
666 1191 895 1234 Evangelium,
917 1194 1106 1224 mandatum

129 1237 268 1268 docendi
278 1234 494 1277 Evangelium
512 1241 543 1265 et
561 1235 771 1265 annuntiandi
791 1235 1017 1266 remissionem
1029 1245 1104 1276 pec-

130 1286 276 1310 catorum
294 1283 325 1308 et
344 1276 773 1317 impertiendiSacramenta
794 1276 933 1317 singulis
957 1283 1013 1308 aut
1035 1276 1105 1318 plu-

128 1322 230 1358 ribus,
252 1323 358 1348 vocandi
376 1321 569 1358 ministros350)
595 1319 711 1350 deinde
722 1319 989 1357 iurisdictionem,
1008 1330 1106 1360 quam

129 1363 278 1400 diximus,
300 1362 371 1392 sine
394 1363 425 1392 vi
449 1360 624 1401 corporali.

213 1404 284 1435 Nec
306 1414 387 1435 vero
411 1409 463 1435 est
485 1409 633 1443 potestas
657 1404 839 1444 tyrannica,
863 1403 928 1435 hoc
951 1409 1013 1441 est,
1036 1404 1106 1434 sine

130 1452 220 1478 certo
254 1446 428 1484 mandato,
470 1448 541 1476 sine
576 1450 667 1476 certa
700 1444 787 1487 lege.
843 1445 914 1476 Nec
946 1445 1024 1476 licet
1058 1446 1105 1476 eis

129 1488 330 1520 comminisci
359 1498 478 1519 novam
509 1488 710 1525 doctrinam,
744 1488 804 1518 sed
831 1487 954 1519 habent
983 1493 1106 1518 certam

130 1531 310 1562 doctrinam
339 1541 359 1560 a
382 1529 515 1560 Christo
543 1529 711 1566 traditam,
747 1540 844 1570 quam
874 1530 994 1561 debent
1023 1540 1106 1570 pure

128 1582 324 1613 proponere.
374 1571 422 1602 lta
456 1572 511 1602 dat
543 1571 731 1602 mandatum
759 1571 912 1605 Christus
945 1572 1107 1603 Matthaei

128 1612 241 1645 ultimo
256 1614 322 1651 [28,
335 1613 422 1651 20.]:
447 1613 616 1644 Docentes
636 1623 695 1643 eos
714 1623 848 1644 servare
867 1615 985 1652 onmia,
1008 1624 1106 1655 quae-

131 1665 260 1697 cunque
294 1655 446 1686 mandavi
480 1656 587 1686 vobis.
642 1654 685 1685 Et
717 1654 841 1686 Paulus
877 1656 964 1693 [Gal.
990 1657 1019 1694 1,
1041 1656 1104 1694 8.]:

130 1699 166 1730 Si
188 1696 328 1739 angelus
352 1698 392 1727 de
415 1696 509 1728 coelo
532 1696 621 1727 aliud
645 1697 810 1735 docuerit,
845 1708 941 1738 quam
964 1708 1026 1729 nos
1051 1699 1107 1729 do-

132 1740 267 1777 cuimuS,
290 1738 464 1770 anathema
486 1739 537 1769 sit.
579 1738 671 1769 Haec
694 1741 773 1770 satis
797 1741 908 1780 gravis
933 1741 1106 1771 commina-

130 1783 175 1813 tio
204 1787 272 1819 est,
306 1791 390 1821 quae
419 1786 509 1811 vetat
538 1782 681 1811 condere
709 1791 816 1812 novos
846 1781 1003 1812 articulos
1032 1782 1106 1812 fidei

131 1829 222 1855 extra
244 1824 451 1862 scripturam,
474 1828 505 1853 et
523 1833 643 1854 novam
662 1823 841 1854 doctrinam
860 1824 1106 1854 dissentientem

131 1867 171 1896 ab
189 1864 385 1906 Evangelio,
408 1865 494 1905 quod
518 1870 607 1895 extat
628 1866 660 1895 in
683 1866 788 1896 sacris
810 1865 932 1902 literis,
955 1866 1107 1906 prohibet

132 1914 166 1939 et
194 1907 368 1938 Ecclesiae
401 1907 512 1938 audire
545 1907 728 1938 doctrinam
760 1908 801 1939 ab
836 1907 892 1939 illo
923 1908 1106 1949 Evangelio

133 1950 388 1981 dissentientem.

218 1991 347 2022 Deinde
377 1997 409 2022 et
431 1991 613 2022 lurisdictio
644 2001 712 2022 non
734 1990 833 2023 habet
854 1998 1053 2033 potestatem
1076 1993 1108 2023 vi

134 2033 297 2074 corporali
324 2032 541 2071 cohercendi,
571 2033 631 2064 sed
661 2039 784 2064 tantum
807 2036 916 2065 verbis
942 2034 1107 2072 cohercet,

133 2075 198 2107 hoc
216 2081 277 2110 est,
297 2077 565 2106 excommunicat.
589 2075 681 2107 Sicut
693 2075 844 2108 Christus
866 2077 976 2108 docuit
993 2077 1106 2107 Matth.

137 2117 275 2154 18.1vs.
301 2117 363 2155 17.]
411 2117 458 2148 Sit
491 2118 549 2148 tibi
581 2116 671 2148 velut
706 2118 864 2150 ethnicus*
913 2120 987 2150 Non
1020 2120 1107 2150 iubet

133 2157 335 2199 Apostolos,
376 2164 411 2189 ut
449 2158 557 2200 gladio
593 2159 800 2191 coherceant.
857 2161 898 2192 Et
932 2162 1020 2193 loan.
1055 2161 1107 2191 20.

136 2204 198 2238 [vs.
216 2201 282 2238 21.]
308 2201 439 2231 dicitur:
464 2201 556 2232 Sicut
578 2202 662 2232 misit
684 2213 734 2233 me
747 2203 855 2241 Pater,
879 2210 911 2234 et
934 2214 997 2246 ego
1017 2204 1108 2234 mitto

134 2253 196 2274 vos
231 2249 294 2273 etc.
350 2242 438 2273 Dicit
471 2249 579 2274 autem
617 2243 681 2274 alio
714 2243 790 2276 loco
825 2246 905 2283 [loh.
942 2247 992 2283 18,
1026 2245 1108 2284 36.]:

134 2284 285 2326 Regnum
308 2294 413 2315 meum
436 2295 502 2315 non
524 2290 575 2315 est
598 2285 639 2315 de
661 2285 725 2316 hoc
746 2288 877 2319 mundo.
921 2287 962 2319 Et
986 2287 1108 2318 Paulus

135 2327 166 2358 2.
190 2326 266 2358 Cor.
292 2326 320 2356 1.
345 2328 407 2363 [vs.
431 2327 516 2365 234:
546 2327 621 2358 Non
644 2327 847 2361 dominamur
868 2330 944 2361 fidei
967 2336 1109 2368 vestrae,

137 2369 195 2400 sed
218 2369 384 2399 adiutores
408 2379 522 2400 sumus
546 2370 656 2410 gaudii
680 2372 792 2401 vestri.

220 2410 271 2441 Ex
289 2409 339 2440 his
359 2410 472 2451 liquet,
490 2416 685 2452 potestatem
696 2412 968 2445 Ecclesiasticam
987 2415 1109 2446 discer

141 2546 185 2575 50)
209 2545 314 2570 vocandi
332 2545 467 2571 ministros.
489 2545 602 2571 addunt
621 2547 693 2572 Editt.
715 2547 738 2570 8.
759 2547 865 2570 1113.
886 2550 911 2572 et
929 2548 990 2578 .

1143 314 1294 346 sensione
1318 324 1506 354 corporum,
1532 313 1573 343 de
1597 311 1806 342 distinctione
1828 308 2058 342 dominiorum,
2081 305 2123 354 de

1145 357 1380 392 contractibus,
1405 356 1445 386 de
1465 355 1665 390 criminibus,
1690 359 1723 383 et
1735 352 1889 382 cohercet
1901 350 1932 380 vi
1945 346 2122 388 corporab-

1143 397 1291 429 Econtra
1313 403 1462 438 potestas
1474 395 1715 427 Ecclesiastica
1732 393 1871 434 impertit
1894 401 1946 421 res
1971 395 2123 421 aeternas

1146 445 1177 470 et
1199 439 1397 480 spirituales,
1419 438 1484 470 hoc
1508 444 1572 475 est,
1595 437 1777 468 doctrinam
1800 432 1991 470 coelestem,
2015 436 2047 461 et
2070 440 2123 461 co-

1144 482 1260 513 hercet
1289 482 1412 512 verbis.
1458 480 1569 515 Quare
1599 489 1666 510 non
1695 478 1856 517 improbat
1885 484 1992 515 neque
2015 471 2125 504 abolet

1145 529 1343 564 potestatem
1365 521 1507 559 civilem,
1530 523 1593 552 imo
1615 531 1687 551 eam
1705 519 1868 560 approbat
1886 523 1919 547 et
1937 520 2125 565 sanctorum

1147 575 1289 606 corpora
1311 566 1340 595 ei
1364 565 1503 596 subiicit.
1538 563 1580 593 Et
1599 569 1705 593 tamen
1726 561 1901 592 discrimen
1919 568 2006 588 scire
2029 566 2125 596 opor-

1146 613 1202 644 tet,
1227 617 1269 637 ne
1291 606 1532 638 Ecclesiastica
1553 610 1702 645 potestas
1725 602 1858 634 invadat
1882 602 1913 631 in
1938 598 2046 630 officia
2068 609 2125 640 po-

1146 649 1274 680 testatis
1297 648 1453 689 politicae
1475 657 1534 678 seu
1558 647 1651 688 regni
1673 645 1838 676 mundani.

1235 690 1332 725 Quod
1362 689 1513 721 Christus
1548 690 1579 720 in
1613 689 1770 729 passione
1800 687 1904 726 spinis
1935 690 2125 722 coronatur,

1148 739 1181 763 et
1203 733 1393 773 producitur
1415 732 1613 762 deridendus
1636 732 1667 761 in
1697 730 1789 771 regia
1811 738 1970 769 purpura,
2002 726 2126 768 signifi-

1149 780 1258 805 catum
1288 780 1339 805 est
1365 774 1455 811 fore,
1491 779 1526 806 ut
1556 780 1667 814 spreto
1702 783 1782 803 vero
1819 780 1922 812 regno
1959 768 2126 809 spirituali,

1148 816 1212 847 hoc
1253 822 1316 854 est,
1350 826 1513 858 oppresso
1544 814 1745 856 Evangelio,
1788 813 2005 844 constituatur
2038 809 2127 842 aliud

1148 859 1348 890 mundanum
1378 869 1515 900 regnum
1550 863 1724 898 praetextu
1752 854 1927 896 potestatis
1957 851 2125 884 Ecclesia-

1149 901 1261 931 sticae.
1297 900 1388 931 Sicut
1406 901 1535 942 quidam
1554 901 1675 931 indocti
1694 900 1911 940 scripserunt,
1944 895 2126 928 Romanum

1148 942 1335 983 pontificem
1347 944 1416 974 iure
1427 943 1536 974 divino
1551 952 1628 973 esse
1641 942 1805 973 domimun
1817 950 1993 982 regnorum
2006 940 2126 970 mundi.

1147 985 1190 1015 Et
1212 984 1451 1025 Anabaptistae
1474 986 1560 1024 et31)
1591 983 1733 1021 similes,
1763 985 1817 1024 qui
1840 984 1871 1014 vi
1894 988 1925 1014 et
1948 984 2047 1014 armis
2072 994 2127 1016 co

1148 1032 1267 1057 nantur
1300 1036 1488 1068 propagare
1526 1027 1710 1058 doctrinam
1743 1036 1851 1062 suam,
1891 1024 2127 1058 transformant

1148 1073 1343 1108 potestatem
1366 1068 1637 1099 Ecclesiasticam
1666 1070 1699 1099 in
1728 1069 1942 1104 mundanam,
1978 1073 2010 1098 et
2032 1067 2125 1099 Chri-

1149 1116 1234 1140 stum
1262 1111 1364 1150 spinis
1390 1117 1566 1149 coronant,
1601 1117 1633 1142 et
1654 1112 1686 1141 in
1709 1121 1853 1151 purpura
1875 1110 2062 1148 traducunt,
2096 1119 2127 1143 et

1150 1152 1345 1182 contumelia
1380 1152 1539 1184 afficiunt.
1593 1153 1777 1184 Prudenter
1816 1153 1914 1194 igitur
1946 1158 2127 1193 potestates

1149 1194 1390 1225 discernendae
1418 1201 1513 1232 sunt,
1542 1205 1583 1225 ne
1611 1196 1806 1227 obscuretur
1828 1205 1967 1237 regnum
1991 1194 2125 1228 Christi.

1148 1236 1232 1266 Nam
1265 1236 1348 1267 haec
1382 1236 1467 1268 falsa
1497 1239 1669 1277 persuasio
1697 1244 1813 1278 postea
1842 1237 1962 1268 multos
1992 1248 2125 1270 errores

1147 1279 1251 1318 parit3
1274 1280 1469 1310 obscuratur
1492 1280 1576 1310 enim
1600 1280 1749 1310 doctrina
1768 1281 1808 1310 de
1831 1280 1895 1310 fide
1914 1287 1945 1311 et
1964 1281 2126 1319 spirituali

1148 1321 1269 1351 iustitia
1299 1326 1331 1351 et
1361 1331 1479 1359 cruce,
1513 1332 1585 1353 cum
1621 1323 1805 1353 existimant
1832 1321 1998 1360 homines,
2035 1322 2126 1354 Chri-

1149 1363 1288 1393 stianam
1322 1364 1475 1394 iustitiam
1516 1370 1639 1395 tantum
1681 1371 1849 1395 externam
1883 1363 1973 1395 illam
2007 1371 2037 1396 et
2068 1377 2124 1406 po-

1148 1404 1271 1436 liticam
1305 1406 1588 1438 conversationem
1622 1416 1708 1437 esse.
1753 1406 1795 1437 Et
1828 1406 1879 1444 hi,
1917 1407 1971 1447 qui
2005 1408 2126 1438 docere

1149 1448 1313 1478 debebant
1336 1453 1368 1477 et
1390 1449 1555 1478 sustinere
1580 1458 1722 1487 crucem,
1747 1449 1876 1488 rapiunt
1895 1449 2029 1488 imperia
2049 1459 2125 1481 eon-

1149 1495 1200 1520 tra
1230 1488 1434 1520 voluntatem
1457 1490 1531 1521 Dei.
1576 1490 1616 1522 Hi
1646 1500 1776 1522 errores
1806 1497 1838 1522 et
1861 1490 1945 1522 haec
1968 1491 2125 1523 scandala

1150 1532 1299 1562 cavenda
1322 1538 1408 1562 sunt.

1235 1574 1319 1605 Sunt
1350 1580 1382 1604 et
1411 1572 1466 1605 alii
1494 1584 1636 1606 errores-
1681 1575 1818 1607 Vuiclef
1842 1578 2010 1608 contendit
2037 1580 2124 1609 mini-

1150 1616 1227 1646 stris
1256 1615 1482 1647 Ecclesiarum
1512 1627 1578 1647 non
1608 1616 1709 1648 licere
1737 1619 1904 1658 proprium
1935 1626 1966 1649 et
1995 1620 2123 1652 divitias

1150 1663 1272 1688 tenere.
1323 1658 1385 1689 Hic
1419 1668 1486 1688 non
1520 1660 1676 1690 discernit
1704 1659 1816 1691 officia
1842 1671 1903 1692 seu
1932 1667 2124 1701 potestates,

1149 1701 1210 1730 sed
1244 1700 1401 1730 discernit
1435 1710 1527 1740 opes.
1577 1702 1648 1731 Nos
1680 1702 1835 1733 docemus
1865 1702 1974 1733 officia
2003 1704 2123 1734 discer

1149 1742 1257 1772 nenda
1280 1752 1364 1772 esse.
1411 1742 1541 1773 Interim
1571 1749 1679 1774 tamen
1706 1743 1784 1775 licet
1815 1744 1947 1776 cuilibet
1975 1746 2121 1777 ministro

1149 1783 1389 1814 Ecclesiastico
1412 1785 1458 1814 uti
1480 1784 1622 1824 politicis
1642 1787 1755 1824 rebus,
1778 1787 1863 1817 sicut
1882 1788 1955 1818 cibo
1975 1794 2008 1818 et
2026 1795 2123 1829 potu

1151 1825 1216 1856 hoc
1238 1832 1300 1863 est,
1322 1825 1399 1856 licet
1423 1828 1451 1856 ei
1473 1832 1585 1858 tenere
1608 1829 1790 1867 proprium,
1814 1829 1954 1866 divitias,
1977 1831 2123 1862 donatio

1149 1877 1209 1898 nes
1242 1869 1442 1908 principum,
1482 1868 1604 1900 habere
1640 1871 1952 1902 administrationem
1986 1871 2017 1901 in
2053 1874 2122 1903 suis

1150 1910 1255 1941 bonis.
1313 1910 1405 1941 Sicut
1445 1909 1522 1942 licet
1558 1913 1681 1951 pastori
1716 1912 1885 1943 Ecclesiae
1919 1913 2015 1944 simul
2048 1924 2124 1945 esse

1150 1951 1432 1993 patremfamilias3
1462 1959 1518 1984 aut
1548 1955 1632 1984 sicut
1654 1953 1778 1985 Paulus
1806 1954 1901 1985 simul
1929 1954 1988 1986 fuit
2017 1962 2123 1987 textor

1151 2000 1181 2024 et
1199 1993 1394 2035 Apostolus.
1429 1994 1513 2026 Illud
1532 2002 1656 2026 tantum
1673 1996 1781 2027 videat
1798 1997 1954 2034 minister,
1977 2003 2011 2028 ut
2029 2008 2123 2029 suum

1151 2035 1295 2067 officium
1325 2043 1413 2067 recte
1442 2035 1558 2074 faciat,
1590 2048 1651 2068 nec
1677 2044 1847 2079 praetextu
1869 2038 2123 2071 Ecclesiasticae

1151 2079 1324 2119 potestatis
1353 2085 1490 2119 usurpet
1520 2079 1629 2110 officia
1652 2082 1804 2111 mundani
1828 2082 1937 2121 regni
1965 2091 2031 2112 non
2055 2094 2121 2113 mo-

1152 2127 1226 2151 veat
1249 2121 1446 2158 seditiones,
1477 2132 1543 2152 non
1565 2128 1672 2153 sumat
1685 2124 1731 2163 )
1760 2133 1851 2153 arma
1874 2124 1914 2153 ad
1936 2134 2121 2166 propagan

1152 2163 1225 2194 dam
1239 2164 1286 2204 )
1311 2164 1510 2202 doctrinam,
1533 2175 1598 2194 non
1622 2166 1736 2204 eripiat
1754 2164 1825 2195 aliis
1850 2166 1998 2205 imperia,
2022 2167 2120 2207 quasi

1152 2206 1183 2235 id
1205 2206 1383 2246 praecipiat
1395 2205 1627 2248 Evangeliumg
1651 2208 1735 2237 sicut
1754 2206 2121 2245 faciebatMonetarius,

1152 2254 1184 2278 et.
1213 2249 1310 2279 modo
1340 2246 1454 2282 similis
1483 2255 1533 2279 est
1561 2248 1654 2279 furor
1681 2250 1981 2289 Anabaptistaiwn.
2031 2250 2121 2280 Haec

1152 2290 1294 2321 breviter
1328 2289 1417 2321 volui
1451 2301 1584 2322 monere
1616 2290 1784 2322 lectorem.
1829 2292 1912 2322 Nam
1941 2291 1996 2322 illa
2027 2293 2121 2322 etiam

1152 2449 1197 2479 51)
1223 2450 1260 2479 et]
1278 2449 1350 2473 Editt.
1369 2449 1391 2472 7.
1411 2450 1433 2472 8.
1456 2451 1561 2475 11-14.
1580 2452 1606 2475 et
1625 2451 1699 2481 Opp.:
1719 2457 1748 2475 at

1151 2500 1197 2530 52)
1221 2499 1318 2529 sumat]
1335 2499 1377 2524 Ed.
1399 2500 1436 2524 11.
1455 2502 1539 2525 sumet

1152 2549 1199 2579 53)
1225 2549 1428 2579 propagandam]
1448 2549 1489 2575 Ed.
1511 2551 1548 2574 11.
1568 2552 1594 2575 et
1612 2551 1687 2581 Opp.:
1707 2552 1899 2582 propagandum

1898 2602 1951 2627 32
