2358 2933
238 117 297 147 45:

239 208 378 248 gandam
409 217 483 236 csse
512 207 651 236 veniam.
686 204 781 235 snt-ilt—
814 212 919 245 potest
955 206 1108 235 iudicari.
1143 214 1207 234 non

238 260 338 289 posse
361 248 412 278 hit·
438 249 564 277 retineri
584 246 616 276 τὸ
634 247 726 286 ῥητὸν.
751 247 810 276 sed
829 248 1011 277 addendam
1028 257 1103 289 esse
1122 258 1208 277 com-

239 292 365 320 modam
390 290 694 328 intt·spi-ctutiomwn.
741 287 834 318 Alius
859 287 952 318 aliter
975 289 1097 329 mitigat
1122 288 1208 318 hunc

238 332 363 361 locum.
399 339 428 359 ut
465 331 496 359 tit
528 332 557 359 in
587 331 738 359 obscuris
773 337 826 359 :int
862 330 1033 370 ambiguis.
1081 330 1208 359 Graece

238 384 301 402 non
336 381 427 401 sonat
467 382 569 410 usquc
603 372 684 401 :idco
720 372 994 408 int-011n110de,·³⁰›
1029 372 1073 401 ait
1108 372 1206 401 enim:

237 414 309 443 Nou
341 420 387 441 cst
423 412 579 451 possibile
608 414 818 451 i·cnm·ari'·'¹)
849 424 926 445 eos.
960 414 1012 453 qni
1044 412 1209 443 Christum

236 456 349 485 iterum
374 454 565 495 crucifigunt
596 461 625 483 ct
656 454 795 485 ludribio
819 454 948 485 liabent.
995 455 1064 485 lloc
1089 455 1148 485 sim
1163 453 1208 483 ili-

237 497 366 526 cissime
390 503 496 535 potest
529 494 663 536 intelligi
700 497 731 525 in
761 495 845 526 hanc
875 498 1083 527 sententiam:
1111 496 1159 526 Ta
1172 506 1207 525 cs

236 548 299 567 non
331 548 431 576 posse
462 539 628 569 renovari.
663 538 715 577 qui
752 548 816 567 non
851 537 1035 569 auscultent
1070 537 1207 578 amplius

235 579 428 620 Evangelio,
444 580 502 609 sed
518 586 738 615 contemnant,
756 590 815 609 ncc
828 578 881 609 illa
900 581 986 611 initia
1006 581 1144 620 pietatis,
1169 580 1208 608 dc

235 623 353 661 quibus
378 621 468 652 dixit.
493 622 632 651 retinere
656 622 826 652 studeant.
855 621 980 652 scilicet
1003 623 1152 662 baptismi
1177 627 1205 651 ‹·t

235 664 453 703 poenitentiae
477 663 667 693 doctrinam.
714 663 802 692 llaec
827 670 893 697 est,
922 670 953 694 ut
978 663 1052 694 mihi
1078 664 1206 703 quidem

235 706 372 735 videtur.
396 714 549 745 gentiana
574 706 642 735 eius
665 704 729 735 loci
753 706 930 741 sententia,
954 712 985 735 et
1008 704 1085 735 nihil
1109 705 1204 735 habet

235 748 440 777 incommodi.
486 746 658 786 Tantisper
688 756 752 776 non
782 755 916 786 possunt
944 747 1107 777 renovari.
1131 747 1205 776 duni

235 799 301 818 non
324 787 509 819 auscultant
523 786 715 829 Evangelio.
739 789 798 817 scd
822 788 1015 828 crucifigunt.
1029 788 1204 817 Christum.

235 832 268 860 si
293 831 342 860 cui
373 840 436 859 non
466 828 625 859 satisfacit
662 829 742 859 hacc
776 831 1016 869 intcipretatio,
1047 828 1203 869 intelligat

235 881 306 901 eum
330 870 418 910 loqui
441 871 481 900 de
506 870 714 910 blasphemis.
750 870 807 900 Est
825 872 909 901 enim
928 872 1101 901 admodum
1120 877 1205 900 atro-

235 914 327 943 cibus
351 913 460 942 verbis
484 922 582 942 usus:
608 923 671 942 non
698 914 846 942 renovari
870 912 943 950 hos,
967 914 1021 953 qui
1041 912 1205 942 Christum

233 956 348 984 iterum
377 954 569 995 crucifigunt
607 965 645 984 ac
675 953 815 984 ludibrio
845 954 973 985 habent.
1019 954 1109 984 Haec
1140 964 1205 983 non

234 1003 308 1026 sunt
320 1003 456 1036 peccata
470 995 674 1031 infirmitatis,
698 996 757 1025 sed
776 1003 851 1026 sunt
864 995 1104 1036 blasphemiae:
1128 1005 1204 1035 qua-

233 1036 281 1067 les
306 1044 381 1068 sunt
404 1037 638 1077 Epicureorum
668 1044 695 1067 ct
726 1038 981 1074 obstinatomm,
1009 1038 1062 1078 qui
1090 1043 1204 1067 contra

234 1079 468 1110 conscientiam
490 1085 729 1119 persequuntur
752 1080 886 1110 verbum
909 1079 984 1116 Dei,
1009 1086 1038 1109 et
1063 1079 1205 1109 admoni-

234 1122 352 1152 tionem
378 1127 407 1151 et
431 1122 663 1160 poelliiellliam
686 1125 750 1149 adeo
766 1122 810 1159 Ὦ)
832 1127 1069 1161 aspernantur,
1098 1126 1130 1150 ut
1155 1130 1205 1149 se-

235 1164 303 1193 curi
339 1163 551 1203 triumphent,
593 1169 622 1192 et
659 1164 720 1193 sibi
758 1162 853 1193 valde
884 1162 1087 1204 gratulentur
1119 1162 1204 1191 hanc

234 1205 434 1245 sapientiam,
454 1204 540 1245 quod
565 1205 713 1234 deridere
735 1204 842 1234 Deum
866 1205 980 1234 ausint.
1028 1204 1096 1234 Nec
1120 1202 1204 1234 valet

233 1247 451 1277 ratiocinatio:
475 1244 683 1286 Blasphemia
701 1257 766 1276 non
780 1247 964 1276 remittitur:
988 1256 1067 1286 ergo
1081 1243 1205 1275 nullum

233 1296 404 1330 peccatum
428 1289 607 1318 remittitur.
653 1288 718 1318 lino
742 1288 893 1319 Christus
917 1288 1005 1318 addit
1029 1287 1204 1317 distinctio-

234 1341 323 1367 nem,
355 1338 386 1360 ut
417 1336 554 1360 testetur
584 1329 646 1360 alia
674 1336 810 1369 peccata
845 1330 971 1360 remitti.
1017 1329 1132 1359 Matth.
1154 1328 1203 1358 1²2.

234 1376 296 1409 [vs.
320 1372 384 1409 324
409 1371 600 1412 Quicunque
623 1372 739 1401 dixerit
757 1372 891 1402 verbum
910 1370 1135 1402 contratilium
1147 1370 1204 1399 ho-

232 1415 345 1449 minis,
369 1414 546 1444 remittetur
569 1415 608 1443 ei.
655 1413 777 1443 Poterit
800 1414 897 1454 igitur
920 1412 1071 1453 intelligi,
1102 1418 1136 1442 ut
1158 1411 1205 1441 lo-

234 1466 292 1485 eus
320 1454 374 1485 ille
409 1456 495 1495 apud
524 1454 677 1485 loannem
702 1455 809 1495 [Lep.
829 1455 859 1492 5,
882 1455 959 1492 16.1:
996 1454 1057 1488 Qui
1091 1458 1207 1493 peccat

232 1505 402 1537 peccatum
431 1498 470 1527 ad
495 1503 646 1533 mortem,
669 1507 728 1536 pro
752 1507 790 1527 eo
814 1507 880 1526 non
904 1498 976 1527 dico
1001 1502 1035 1526 ut
1058 1496 1168 1526 oretis.

318 1539 369 1570 Ac
400 1539 439 1569 de
468 1537 667 1579 blasphemia
696 1549 772 1568 mox
799 1539 955 1569 dicemus.
1001 1538 1095 1568 Prius
1124 1539 1206 1567 enim

235 1595 262 1617 et
299 1587 340 1616 de
373 1583 475 1614 altero
509 1581 584 1612 loco
620 1581 790 1611 dicendum
820 1587 886 1617 est,
923 1580 1022 1610 Hebr.
1059 1580 1107 1609 10.
1145 1583 1205 1615 {vs-

234 1629 298 1665 *264
322 1625 514 1657 voluntarie
537 1624 749 1665 peccantibus
774 1629 848 1663 post
870 1628 1039 1661 acceptam
1062 1622 1207 1651 notitiam

234 1670 378 1699 veritatis
413 1669 475 1697 iam
502 1677 566 1697 non
598 1664 787 1705 relinquitur
815 1675 874 1704 pro
908 1665 1053 1703 peccatis
1087 1664 1206 1699 hostia,

236 1712 294 1741 sed
318 1707 472 1740 terribilis
497 1708 678 1748 expectatio
703 1708 818 1737 iudicii.
866 1706 924 1735 Hic
947 1705 1042 1736 locus
1067 1715 1205 1746 prorsus

235 1751 310 1783 nihil
334 1752 430 1781 habet
455 1750 665 1783 incommodi;
688 1759 752 1778 non
772 1749 856 1779 cnim
868 1754 966 1788 negat
979 1747 1092 1788 lapsos
1106 1757 1206 1787 posse

237 1803 426 1834 resurgere,
450 1793 508 1822 sed
532 1798 654 1821 tantum
679 1789 754 1820 facit
779 1791 994 1820 immediatam
1021 1789 1206 1820 antithesim

238 1836 382 1866 beneticii
396 1834 518 1864 Flu-isti
538 1839 567 1863 ct
581 1833 700 1869 iudicii,
723 1839 756 1862 ut
781 1831 929 1863 excludat
955 1831 1107 1862 videlicet
1125 1830 1206 1861 alias

236 1878 362 1908 hostias
386 1884 415 1906 et
440 1886 524 1905 noxa
548 1875 709 1904 sacrificia
732 1881 794 1904 etc.
824 1875 856 1904 in
885 1873 970 1903 hanc
999 1875 1206 1903 sententiam:

237 1920 414 1959 Postquam
444 1917 566 1947 Christi
595 1917 787 1946 beneficium
815 1916 985 1946 consecuti
1014 1925 1146 1951 sumus,
1180 1914 1207 1944 si

236 1963 267 1992 id
291 1971 355 1991 non
380 1960 567 1994 retinemus,
591 1959 781 1988 necessario
805 1957 942 1988 alterum
960 1958 1108 1994 accedet,
1120 1956 1208 1987 vide-

236 2003 313 2033 licet
336 2008 369 2032 ut
401 2002 514 2031 demus
545 2010 668 2041 poenas
696 2002 727 2030 in
758 2000 885 2030 iudicio.
931 1999 992 2028 Hic
1021 2009 1086 2028 non
1109 2004 1207 2039 negat

237 2044 350 2084 lapsos
374 2052 474 2084 posse
498 2043 603 2073 redire
626 2043 667 2072 ad
691 2042 883 2072 beneficium
902 2040 1034 2077 Christi,
1058 2041 1118 2071 sed
1140 2048 1209 2071 tan-

237 2093 305 2116 tuin
327 2087 409 2116 inter
432 2095 468 2115 se
492 2084 625 2124 opponit
649 2084 836 2114 beneficium
850 2083 971 2113 Christi
990 2090 1019 2112 et
1038 2083 1207 2113 iudicium:

239 2128 302 2163 Qui
325 2128 435 2157 amittit
448 2128 639 2156 beneficium
653 2125 785 2155 Christi.
804 2135 879 2155 reus
892 2132 941 2155 est
953 2125 1070 2155 iudicii.
1104 2124 1208 2155 Porro

243 2171 316 2200 ideo
341 2170 434 2199 etiam
458 2168 519 2197 hoc
543 2169 631 2203 dicit,
654 2174 687 2198 ut
710 2168 751 2197 ad
776 2168 858 2197 bene
882 2168 1080 2207 operandum
1098 2167 1208 2198 horte-

240 2219 303 2248 tur,
327 2221 366 2240 ne
388 2210 535 2240 homines
555 2210 664 2240 securi
684 2215 821 2249 pergant
838 2208 1045 2247 malefacere,
1067 2209 1129 2240 hac
1142 2209 1208 2249 opi-

242 2337 287 2363 20,
308 2335 476 2364 incommode]
495 2335 566 2359 Editt.
588 2336 625 2357 12.
650 2335 686 2358 13.
707 2335 838 2359 commode

243 2370 287 2393 2¹)
306 2369 430 2396 renovari}
450 2369 484 2391 <ir
503 2368 574 2393 Editt.
592 2369 613 2392 2.
633 2369 705 2391 6—8.
727 2368 832 2390 11—14.
852 2370 877 2392 et
896 2368 967 2397 0pp.;
986 2368 1057 2393 Editt.
1071 2370 1090 2393 1.
1106 2370 1128 2393 4.
1142 2370 1167 2392 5.
1185 2369 1208 2393 9.

243 2436 288 2460 *22)
308 2407 439 2463 g‘iire‘dlazic
459 2434 529 2458 Editt.
550 2434 572 2456 5.
594 2435 615 2458 7.
636 2435 658 2458 8.
680 2435 796 2455 11-14.
822 2436 845 2457 et
865 2434 942 2463 opp-2
967 2434 1038 2458 Editt.
1058 2435 1081 2456 2.
1101 2435 1124 2457 4.
1144 2434 1167 2457 6.
1187 2436 1209 2459 9.

313 2474 324 2491 n
351 2468 401 2492 Deo
429 2468 554 2498 (inepte,
586 2466 635 2490 sed
659 2466 829 2498 explicatur
859 2473 896 2489 ex
920 2467 1039 2491 Editionis
1066 2468 1084 2491 l.
1108 2473 1210 2494 errore

311 2504 423 2533 typoyr.
435 2508 442 2522 .·
460 2507 473 2523 a
493 2500 563 2529 deo).

863 115 971 145 PHIL.
995 113 1096 144 MEL.
1120 112 1305 144 SCRIPTA
1326 112 1599 144 DOGMATit‘A.

2160 117 2223 150 488

1251 205 1363 240 niune,
1398 205 1484 244 quod
1513 212 1649 244 peccata
1680 204 1776 236 facile
1811 208 1932 246 expiari
1966 209 2093 247 possint
2126 210 2221 239 novis

1252 244 1392 275 cultibus
1417 252 1446 276 et
1472 247 1643 286 operibus-3
1667 247 1749 277 sicut
1769 248 1800 278 in
1818 247 1892 289 lege
1911 249 2127 280 immunditiae
2138 249 2221 291 legis

1252 288 1474 326 expiabantur.
1520 288 1610 318 Iubet
1629 289 1728 328 igitur
1751 290 1890 320 retinere
1915 291 2106 322 beneficium
2129 290 2220 322 Chri-

1251 329 1311 365 sti,
1335 335 1363 359 et
1390 339 1508 359 cavere
1532 340 1572 359 ne
1594 331 1758 368 amittant,
1793 341 1854 361 nec
1878 337 1964 362 vetat
1987 333 2028 362 ad
2051 333 2082 363 id
2105 333 2220 364 redire.

1252 370 1339 400 Haec
1363 378 1411 401 est
1438 370 1573 411 simplex
1597 378 1627 401 et
1651 382 1806 412 germana
1830 374 2001 404 sententia.

1323 461 1384 492 DE
1407 461 1611 492 PissccATo
1635 462 1676 492 IN
1702 462 1907 494 SPIRITUM
1932 464 2151 496 SANCTUM.

1336 536 1540 576 Augustinus
1564 536 1711 578 intelligit
1736 544 1904 577 peccatum
1926 540 1958 569 in
1972 538 2126 579 Spiritum
2147 549 2221 570 san-

1252 584 1337 608 ctum
1367 577 1448 608 alias
1481 577 1608 608 finalem
1641 580 1680 608 im
1695 580 1915 611 ›oenitentiam
1937 582 1968 610 in
1991 581 2142 611 hostibus
2165 586 2219 612 aut

1252 622 1530 659 contemptoribus
1554 590 1740 661 Evangelii,
1763 620 1844 652 alias
1868 622 2140 662 desperationem.
2179 621 2221 652 Et

1251 662 1331 691 satis
1356 662 1559 691 commodam
1584 661 1677 692 huius
1702 664 1974 703 interpretationis
1995 665 2152 694 rationem
2165 663 2220 694 ad-

1251 703 1311 733 dit:
1336 702 1419 736 Quia
1442 702 1524 733 haec
1547 709 1685 742 peccata
1707 705 1839 744 proprie
1850 711 1996 746 pugnant
2014 715 2087 736 cum
2099 705 2218 745 gratia3

1250 754 1323 774 nam
1347 751 1475 774 caetera
1497 751 1650 783 peccata,
1675 756 1748 776 euin
1771 747 1810 776 ad
1834 749 1972 786 gratiam
2000 746 2218 787 confugimus,

1251 787 1462 822 remittuntur,
1486 787 1671 826 persecutio
1694 797 1773 817 vero
1798 787 1849 817 vel
1874 789 2058 829 desperatio
2072 788 2218 828 repudiat

1248 829 1395 868 gratiam.
1428 827 1502 869 ideo
1517 828 1565 857 sic
1578 828 1806 867 interpretatiu·
1823 830 1943 860 dictum
1956 830 2075 860 Christi
2089 829 2218 869 [Matth.

1252 869 1397 906 12:324:
1427 870 1488 903 Qut
1513 870 1627 899 dixerit
1656 871 1789 900 verbum
1819 877 1933 902 contra
1962 872 2116 911 Spiritum
2144 881 2218 901 san-

1249 917 1350 946 ctum3
1375 911 1405 940 id
1430 917 1497 940 est:
1528 912 1580 950 qui
1604 913 1737 941 verbum
1762 913 1904 952 gratiae,
1937 914 2024 953 quod
2052 913 2219 952 praedica-

1249 959 1315 982 tum
1339 959 1368 982 ct
1399 953 1622 982 confirmatum
1651 958 1702 982 est
1728 954 1921 983 testimoniis
1951 954 2091 994 Spiritus
2113 955 2220 984 sancti

1250 993 1397 1031 finaliter,
1422 994 1567 1034 repudiat
1594 999 1655 1023 etc.
1680 995 1706 1023 is
1730 993 1830 1024 habet
1858 995 2080 1026 irremissibile
2103 1005 2218 1035 pecca-

1250 1042 1325 1065 tum.
1360 1035 1449 1066 Haec.
1473 1036 1635 1065 sententia
1657 1036 1832 1076 Augustini
1853 1038 1934 1067 satis
1959 1038 2130 1067 connuoda
2150 1041 2218 1072 est3

1249 1087 1314 1107 non
1345 1078 1429 1107 enim
1465 1078 1569 1106 omnis
1605 1075 1718 1116 lapsus
1753 1083 1827 1117 post
1869 1079 2013 1119 agnitam
2050 1079 2218 1109 veritatem

1248 1119 1384 1149 iudicari
1411 1119 1507 1148 debet
1534 1124 1704 1158 peccatum
1733 1119 1975 1155 irremissibile3
2004 1130 2106 1159 supra
2135 1121 2219 1150 enim

1248 1161 1456 1190 recitavimus
1480 1159 1630 1199 exempla
1653 1167 1683 1190 et
1707 1161 1900 1197 testimonia,
1924 1170 2006 1200 quae
2030 1161 2150 1191 docent
2172 1166 2218 1191 ta-

1247 1201 1296 1232 les
1320 1201 1435 1241 lapsus
1467 1201 1647 1231 condonari
1676 1211 1788 1241 posse.
1833 1202 1902 1232 Nec
1931 1203 2034 1232 omnis
2062 1211 2218 1242 persecu-

1247 1245 1292 1274 tio
1316 1243 1485 1283 Evangelii
1508 1243 1641 1273 iudicari
1664 1244 1762 1273 debet
1783 1250 1955 1282 peccatum
1978 1243 2218 1280 irremissibile3

1248 1287 1322 1326 quia
1352 1285 1544 1322 Manasses,
1578 1283 1700 1314 Paulus
1729 1291 1759 1314 et
1789 1283 1843 1315 alii
1873 1286 2041 1316 consecuti
2065 1290 2142 1315 sunt
2164 1294 2219 1316 ve·

1246 1329 1341 1358 niam.

1334 1368 1400 1398 lmo
1423 1373 1561 1408 utraque
1589 1368 1749 1398 sententia
1772 1368 1941 1398 retinenda
1971 1373 2031 1397 est.
2076 1366 2219 1398 Primum

1248 1411 1329 1440 haec
1359 1410 1454 1439 nobis
1485 1409 1666 1439 certissima
1696 1419 1770 1439 esse
1799 1410 1914 1439 debet:
1943 1408 2057 1439 Omnia
2084 1415 2221 1448 peccata

1250 1453 1364 1482 remitti
1395 1451 1619 1484 credentibus3
1655 1451 1730 1490 quia
1759 1451 1907 1480 remissio
1935 1455 2146 1490 peccatorum
2169 1456 2220 1481 est

1250 1492 1463 1528 universalis3
1486 1495 1573 1523 iuxta
1592 1490 1671 1522 illud
1696 1491 1917 1529 [loh.3,15.]:
1949 1491 1992 1521 Ut
2015 1493 2135 1529 omnis,
2166 1492 2220 1532 qui

1251 1536 1353 1566 eredit
1387 1536 1419 1565 in
1448 1535 1570 1573 ipsum,
1605 1544 1670 1563 non
1704 1539 1829 1573 pereat.
1879 1533 1958 1564 Item
1987 1533 2093 1571 [Rom.
2107 1533 2139 1570 5,
2151 1533 2218 1571 20.]

1252 1577 1365 1607 Gratia
1392 1577 1549 1606 exuberat
1579 1585 1679 1614 supra
1708 1581 1889 1615 peccattun.
1934 1575 2012 1605 Item
2037 1575 2081 1612 [1.
2100 1574 2169 1605 loh.
2187 1575 2220 1612 2,

1250 1620 1311 1656 21:
1340 1618 1414 1658 lpse
1443 1623 1493 1647 est
1519 1617 1704 1658 propitiatio
1733 1627 1793 1657 pro
1815 1617 1979 1657 peccatis,
2008 1626 2075 1646 non
2096 1617 2219 1647 nostris

1249 1665 1385 1696 tantum,
1409 1660 1468 1690 sed
1491 1660 1589 1689 totius
1614 1658 1733 1689 mundi.
1779 1658 1888 1693 Quare
1910 1659 1938 1688 si
1960 1658 2032 1699 quis
2049 1663 2149 1699 negat
2160 1668 2220 1699 pro

1250 1704 1318 1733 suis
1341 1702 1486 1742 peccatis
1510 1700 1621 1731 valere
1643 1700 1783 1731 hostiam
1806 1699 1983 1737 Christum,
2005 1702 2032 1730 is
2056 1705 2219 1731 contume-

1249 1744 1293 1774 lia
1316 1743 1415 1774 afficit
1440 1742 1616 1773 Christum.
1661 1742 1720 1772 Est
1750 1748 1781 1771 et
1799 1741 1881 1771 haec
1905 1740 2118 1778 contumelia,
2148 1751 2221 1771 sen-

1249 1787 1309 1815 tire
1334 1795 1469 1826 regnum
1499 1786 1626 1824 peccati
1654 1785 1841 1825 pontentius
1867 1792 1941 1813 esse
1971 1793 2074 1824 regno
2098 1783 2222 1824 gratiae

1250 1834 1279 1857 et
1293 1826 1423 1857 Christi.
1457 1826 1534 1856 Ideo
1557 1826 1639 1856 haee
1655 1826 1816 1856 sen-*entia
1835 1825 2016 1854 certissima
2034 1825 2128 1855 nobis
2147 1834 2221 1855 esse

1251 1870 1362 1899 debet:
1387 1869 1504 1898 Omnia
1525 1874 1663 1908 peccata
1686 1867 1803 1897 remitti
1827 1867 2045 1896 credentibus.

1335 1910 1429 1940 Nunc
1453 1910 1495 1939 ad
1518 1909 1653 1940 alteram
1676 1909 1781 1939 venio.
1827 1907 1989 1938 Teneatur
2012 1914 2042 1938 et
2060 1908 2123 1938 ista
2147 1917 2220 1938 sen-

1252 1953 1366 1988 tentia,
1396 1961 1471 1981 esse
1494 1953 1657 1992 quoddam
1679 1955 1849 1990 peccatum
1877 1948 2115 1986 irremissibile,
2149 1959 2220 1986 seu,

1251 2001 1283 2025 ut
1309 1993 1447 2024 loannes
1472 1994 1516 2030 [1.
1531 2004 1581 2033 ep.
1593 1993 1625 2029 5,
1645 1992 1708 2030 16.]
1734 1997 1846 2028 vocat,
1876 1997 2045 2031 peccatum
2073 1991 2115 2021 ad
2137 2001 2220 2021 mor-

1251 2042 1325 2065 tem.
1371 2035 1542 2069 Quodnam
1566 2040 1673 2065 autem
1696 2034 1750 2070 sit,
1774 2043 1838 2063 non
1857 2034 1996 2072 pertinet
2013 2033 2055 2063 ad
2071 2033 2220 2063 iudicium

1251 2083 1400 2107 nostrum
1427 2075 1478 2106 vel
1507 2075 1697 2111 Ecclesiae3
1731 2076 1806 2115 quia
1836 2074 1915 2105 illud
1948 2080 2072 2105 tantum
2101 2075 2220 2105 consti-

1251 2119 1405 2149 tuendum
1428 2123 1478 2148 est
1500 2128 1520 2148 a
1539 2119 1736 2158 posteriore:
1760 2115 1839 2147 Tale
1861 2122 2032 2156 peccatum
2054 2126 2120 2147 non
2143 2125 2219 2147 esse

1251 2161 1283 2190 in
1305 2160 1369 2196 hiS‚
1393 2160 1446 2200 qui
1470 2160 1602 2190 veniunt
1624 2160 1666 2189 ad
1688 2160 1916 2199 poenitentiam
1935 2163 1967 2188 et
1988 2157 2096 2188 fidem.

1337 2201 1387 2231 Ex
1413 2201 1463 2231 his
1494 2202 1574 2231 satis
1597 2200 1712 2241 liquet,
1742 2211 1809 2231 non
1839 2201 1994 2231 deterreri
2023 2199 2171 2230 homines
2200 2210 2219 2230 a

1251 2244 1450 2283 poenitentia
1472 2253 1529 2282 per
1555 2242 1643 2273 illam
1673 2243 1954 2273 comminationem
1983 2241 2118 2277 Christt3
2147 2251 2219 2282 per-

1252 2286 1329 2315 tinet
1352 2285 1436 2315 enim
1459 2291 1581 2315 tantum
1612 2285 1652 2315 ad
1675 2284 1765 2321 illos,
1789 2285 1842 2325 qui
1865 2294 1930 2314 non
1953 2284 2090 2314 redeunt
2118 2284 2160 2314 ad
2182 2283 2218 2313 fi-

1253 2327 1336 2357 dem.
1380 2326 1421 2356 Et
1440 2332 1575 2357 econtra
1597 2327 1793 2367 promittitur
1814 2326 1963 2356 remissio
1991 2325 2140 2356 omnibus
2163 2334 2218 2356 ve-

1252 2368 1414 2398 nientibus
1444 2369 1486 2398 ad
1515 2368 1621 2398 fidem.
1673 2368 1762 2398 Ilaec
1782 2367 1913 2398 collatio
1942 2368 2084 2397 ostendit
2101 2367 2134 2397 in
2162 2376 2216 2407 ge-

1251 2419 1349 2446 nere,
1389 2410 1475 2449 quod
1511 2411 1551 2439 sit
1591 2420 1650 2440 seu
1683 2411 1715 2440 in
1750 2411 1867 2450 quibus
1903 2409 1944 2439 sit
1963 2410 2010 2449 23)
2049 2413 2216 2447 peecatum

1251 2502 1297 2530 23)
1316 2501 1357 2531 sit]
1379 2502 1448 2526 Editt.
1470 2503 1506 2526 12.
1528 2503 1564 2527 13.
1583 2502 1610 2526 fit
