2358 2933
100 111 163 144 625
206 112 210 118 ⁸

98 215 171 236 rum
201 201 365 234 refutatio.
411 199 510 231 Clare
541 199 619 230 dicit
646 197 831 237 Propheta,
858 197 967 237 ipsum
995 195 1083 226 Mes-

100 248 185 278 siam
203 245 404 280 vocandum,
427 244 459 273 id
483 247 550 278 051,
579 242 799 271 invocandum
823 249 898 270 esse
921 239 984 269 hac
1007 238 1083 276 fide,

101 290 190 331 quod
212 290 284 328 ipse
306 288 348 317 sit
370 285 482 322 Deus,
508 284 703 315 iustificator
720 288 846 313 noster.
893 280 1081 322 Appellatio

100 333 144 363 ad
166 331 252 362 hanc
274 331 380 369 ipsam
402 337 582 368 personam
604 326 748 356 Messiae
770 325 921 365 pertinet.
967 324 1031 355 les.
1052 324 1082 353 7.

102 377 166 411 [vs.
186 373 266 409 141:
296 371 479 401 Vocabitur
506 379 626 400 nomen
657 370 725 400 eius
752 367 930 404 Emanuel,
958 367 992 397 id
1021 372 1084 403 051,

100 417 273 447 nobiscum
302 413 408 444 Deus.
455 413 522 443 Sed
552 413 677 442 firmius
708 416 778 447 est,
813 410 901 451 quod
937 410 1084 450 sequitur

101 468 173 498 cap.
187 457 218 488 9.
244 460 306 493 [vs.
327 456 390 494 6.]:
421 455 606 486 Vocabitm·
627 464 746 484 nomen
775 453 846 483 eius
868 451 1084 488 admirabilis,

101 499 329 535 consiliarius,
364 498 457 528 Deus
491 496 606 533 fortis,
645 502 740 535 pater
778 496 865 525 vitae
893 499 1084 535 perpetuae.

99 543 161 574 Hic
184 552 315 583 quoque
338 541 448 571 ludaei
472 538 668 570 cavillantur
690 536 891 567 vocabulum
922 537 995 573 EL,
1026 536 1086 566 sed

101 591 227 616 certum
251 590 303 614 est
324 583 388 614 hac
412 592 495 613 voce
518 580 697 622 significari
710 579 830 615 Deum,
843 584 876 609 et
886 580 1085 620 praestigias

101 638 214 659 eorum
237 625 358 657 refutat
380 625 453 665 ipse
476 630 598 660 textus,
622 623 678 663 qui
701 623 865 662 sequitur:
888 621 986 651 Pater
998 622 1086 651 vitae

99 676 290 711 perpetuae.
337 667 418 698 Cum
438 666 589 698 Christus
614 666 656 695 sit
679 670 797 696 auctor
821 669 853 694 et
876 664 1016 694 donator
1039 663 1086 693 vi-

100 718 155 743 tae
178 717 357 752 perpetuae
379 715 457 749 post
478 709 565 739 hanc
578 709 689 745 vitam,
703 708 802 740 (sicut
814 707 918 747 inquit
939 705 1019 743 [Ioh.
1036 705 1087 742 10,

100 754 184 792 28.]:
208 753 282 793 Ego
305 753 406 782 vitam
429 757 598 781 aeternam
622 751 664 781 do
688 751 762 786 015,)
790 759 933 780 11000550
952 754 1002 779 051
1014 758 1087 778 011111

100 802 221 827 natura
244 795 350 825 Deum
375 803 462 825 esse.
493 793 634 824 Mich.5.
658 792 797 831 [vs.1.]:
820 791 991 833 Egressus
1015 791 1086 821 eius

101 839 144 870 ab
168 838 259 869 initio
282 843 359 867 ante
383 838 453 867 dies
478 837 600 866 mundi.
645 835 718 865 Hoc
741 835 961 865 testimonium
985 843 1087 874 quan-

101 891 200 922 quam
222 881 325 910 breve
344 885 406 917 est,
430 885 537 909 tamen
557 877 699 909 affirmat
711 877 871 908 messiam
888 876 995 907 fuisse
1009 881 1087 906 ante

102 924 324 954 conditionem
353 922 475 952 mundi.
522 921 583 952 Est
610 922 709 961 igitur
738 927 895 951 aeternus
918 930 958 950 ac
982 919 1087 950 Deus.

101 966 247 1006 Ideoque
279 970 391 1005 patres
423 974 494 995 eum
518 965 560 995 ab
589 964 680 994 initio
709 969 842 1000 norunt,
867 968 898 992 et
921 963 1089 992 sciverunt

102 1019 175 1040 eum
200 1008 321 1038 adesse
345 1006 536 1043 Ecclesiae,
566 1007 652 1036 sicut
674 1006 818 1037 ostendit
848 1006 968 1035 dictum
989 1004 1088 1035 Iacob

101 1052 255 1090 supra57)
287 1050 436 1083 citatumz
462 1054 493 1079 et
516 1047 636 1079 Daniel
667 1059 739 1079 cum
770 1059 810 1079 00
834 1046 1035 1088 colloquitur
1057 1052 1089 1077 et

100 1091 363 1135 perterrefactus
388 1091 602 1122 confirmatur
626 1097 658 1122 et
681 1101 768 1122 nova
796 1089 871 1121 luce
902 1096 934 1120 et
957 1091 1024 1120 vita
1047 1090 1088 1119 ab

101 1147 142 1167 eo
170 1134 388 1176 perfunditur.
434 1134 476 1164 Et
508 1134 535 1164 1.
556 1133 633 1165 Cor.
656 1134 706 1164 10.
738 1137 801 1170 [vs.
819 1134 863 1171 4.]
896 1133 1014 1163 dicitur
1043 1131 1089 1162 as-

100 1177 208 1210 fuisse
230 1177 354 1218 populo
377 1178 409 1208 in
433 1177 579 1207 deserto.
602 1177 765 1207 Bibebant
787 1186 828 1206 ex
851 1174 1011 1216 spirituali
1035 1184 1090 1204 00-

102 1221 238 1252 1111131110
251 1230 308 1251 005
320 1225 427 1260 petra,
449 1224 544 1259 petra
561 1225 669 1250 autem
683 1224 753 1249 erat
766 1217 930 1249 Christus,
964 1215 1088 1247 Psalm.

101 1263 155 1293 45.
187 1266 252 1301 [vs.
273 1263 355 1301 12.]:
389 1262 431 1292 Et
462 1262 678 1301 concupiscet
714 1270 773 1291 rex
804 1261 959 1291 decorem
987 1265 1089 1297 tuum,

101 1307 256 1346 quoniam
287 1305 360 1344 ipse
388 1310 440 1334 est
468 1303 561 1334 Deus
591 1310 678 1334 tuus.
724 1303 787 1333 Hic
822 1303 991 1343 proprium
1025 1301 1089 1332 Dei

101 1357 224 1379 nomen
246 1347 361 1377 tribuit
384 1347 455 1387 regi
470 1345 625 1376 Messiae.
671 1346 798 1386 Estque
821 1345 926 1376 dulcis
949 1345 1088 1386 promis-

104 1391 167 1421 sio.
213 1388 285 1420 Etsi
307 1388 462 1420 Ecclesia
491 1389 523 1419 in
547 1388 611 1420 hac
634 1389 702 1419 vita
725 1387 928 1420 deformatur
950 1388 1089 1429 ingenti-

101 1434 165 1464 bus
193 1433 358 1462 aerumnis
390 1437 423 1462 et
451 1430 559 1462 adhuc
589 1437 640 1462 est
668 1430 857 1468 imbecillis,
890 1437 1000 1461 tamen
1030 1440 1088 1461 rex

102 1475 248 1507 Messias
283 1484 354 1505 eam
383 1480 470 1505 amat
498 1480 529 1504 et
558 1473 740 1505 formosam
775 1484 851 1504 esse
884 1474 1088 1514 pronuntiat.

68 1541 73 1546 .
102 1518 174 1548 Hac
197 1517 419 1558 promissione
442 1517 517 1557 piae
539 1523 667 1548 mentes
694 1516 860 1548 luctantes
885 1526 959 1547 cum
987 1517 1088 1547 imbe-

102 1559 239 1592 cillitate
261 1569 322 1590 sua
345 1569 383 1590 50
405 1564 602 1590 sustentent.

189 1601 312 1633 Psalm.
327 1602 378 1632 72.
400 1602 479 1641 [71.]
505 1603 582 1633 (11011
593 1602 753 1633 Messiam
777 1603 987 1642 sempiterum
1012 1611 1088 1632 esse

103 1651 136 1676 et
164 1655 296 1686 semper
325 1646 541 1675 adorandum.
593 1644 663 1683 [Ps.
682 1645 735 1681 71,
756 1646 839 1682 17:12
868 1645 941 1676 Fuit
969 1654 1087 1675 nomen

103 1689 176 1719 eius
204 1697 351 1728 semper,
381 1693 457 1718 ante
482 1686 595 1718 Solem
623 1688 767 1718 manebit
795 1697 915 1718 nomen
939 1688 1025 1724 01115,
1056 1693 1088 1717 et

104 1731 340 1762 benedicentur
362 1731 394 1761 in
419 1740 459 1761 eo
484 1740 598 1760 omnes
621 1737 749 1771 gentes.
793 1730 888 1761 Item:
912 1730 1087 1761 Timebunt

102 1783 194 1811 eum,
217 1774 324 1804 donec
349 1774 410 1804 erit
434 1771 493 1804 Sol
512 1778 543 1803 et
565 1773 669 1804 Luna.
714 1773 877 1804 Adoratio
905 1774 1018 1803 tribuit
1041 1773 1086 1803 di-

101 1816 282 1847 vinitatem.
328 1815 460 1846 Certum
484 1821 536 1846 est
559 1817 643 1846 enim
668 1816 733 1846 dici
757 1817 798 1846 (10
820 1822 978 1856 perpetua
1008 1816 1087 1846 ado-

101 1859 246 1895 ratione,
275 1869 340 1899 qua
369 1861 544 1889 invocatur
567 1859 710 1889 Messias
735 1859 832 1889 etiam
855 1869 921 1889 non
946 1868 1087 1899 conspe-

103 1906 176 1932 ctus
200 1899 317 1938 oculis,
340 1911 403 1932 nec
426 1901 545 1932 dicitur
566 1907 692 1932 tantum
716 1902 756 1932 de
776 1907 884 1943 gestu,
907 1912 973 1943 quo
991 1911 1087 1942 prae-

101 1944 252 1975 sentibus
265 1945 402 1986 regibus
419 1944 527 1975 honos
544 1945 708 1975 tribuitur.
738 1944 948 1976 Describitur
966 1944 1087 1975 ibidem

101 1993 135 2018 et
159 1987 352 2017 aeternitas:
381 1987 470 2017 Ante
501 1985 613 2017 Solem
636 1993 707 2018 erat
717 1989 762 2023 ⁵³)
784 1997 905 2018 nomen
936 1989 1025 2024 01115,
1054 1988 1087 2018 id

101 2035 170 2067 051,
204 2035 380 2070 antequam
410 2029 470 2060 Sol
505 2030 656 2060 conditus
685 2036 753 2067 est,
788 2036 859 2060 erat
888 2030 942 2061 hic
971 2029 1086 2061 Filius.

100 2072 185 2103 Nam
210 2072 393 2102 Hebraicus
405 2071 560 2102 Psalmus
584 2072 638 2103 1110
661 2073 781 2114 insigni
805 2074 909 2104 verbo
931 2083 1013 2105 usus
1037 2079 1088 2105 est

101 2114 296 2155 significans
315 2114 404 2145 haud
426 2115 524 2145 dubie
546 2121 658 2146 natum
681 2126 757 2147 esse
774 2115 890 2147 Filium
913 2122 990 2147 ante
1010 2127 1087 2148 con-

102 2158 258 2188 ditionem
281 2156 382 2188 Solis.

188 2199 311 2230 Psalm.
338 2200 409 2232 110.
446 2202 511 2238 [vs.
537 2200 580 2238 1.]
621 2199 712 2232 Dixit
744 2201 910 2232 Dominus
943 2201 1086 2233 Domino

102 2253 189 2275 meo.
235 2242 315 2273 Inde
346 2242 500 2273 Christus
532 2250 781 2283 argumentatur
810 2254 847 2275 50
870 2254 936 2275 11011
960 2250 1088 2275 tantum

103 2295 180 2317 esse
202 2284 303 2317 filium
321 2285 475 2322 Davidis,
498 2286 558 2315 sed
582 2285 757 2318 Dominum
776 2297 920 2329 quoque.
964 2288 1031 2318 lam
1054 2288 1088 2317 in

104 2329 221 2360 eodem
251 2338 357 2370 regno
386 2327 524 2369 politico
556 2334 590 2359 et
617 2329 730 2360 eadem
758 2336 877 2361 natura
905 2329 993 2361 filius
1027 2340 1088 2361 seu

104 2381 285 2403 successor
307 2382 473 2412 nunquam
502 2377 554 2402 est
582 2371 732 2403 dominus
755 2374 858 2413 patris
881 2378 938 2404 aut
960 2374 1014 2404 avi
1036 2384 1087 2404 re-

105 2500 152 2531 57)
171 2500 232 2525 Vide
252 2506 330 2531 supra
348 2506 371 2531 p.
391 2499 448 2525 618.
468 2501 574 2531 (Genes.
594 2502 636 2531 48,
658 2501 709 2532 16.)

106 2551 153 2582 58)
173 2551 240 2582 erat]
258 2552 330 2577 Editt.
352 2552 426 2577 1—3.
445 2553 469 2577 6.
489 2553 514 2577 7.
532 2554 556 2578 9.
577 2553 626 2578 erit

310 2611 457 2630 MELANTH.
473 2611 554 2631 open.
569 2611 633 2633 von,
648 2611 707 2630 xxr.

573 106 598 136 I.
621 103 725 136 LOCI
747 102 1029 134 THEOLOGICI:
1048 102 1092 133 D.
1116 100 1279 133 TERTIA
1299 99 1457 131 EORUM
1480 97 1638 130 AETAS.

2044 93 2111 126 626

1128 196 1191 238 gis,
1213 201 1250 227 ut
1272 195 1446 236 Augustus
1469 202 1675 234 nequaquam
1698 196 1750 223 est
1760 189 1920 220 Dominus
1944 188 2112 220 111111030-

1128 239 1222 269 saris.
1269 238 1380 273 Quare
1403 236 1548 267 Messiae
1578 245 1717 276 regnum
1742 234 1802 264 erit
1832 243 1897 263 non
1920 231 2033 273 politia
2056 243 2113 272 pe-

1127 282 1247 318 ritura,
1277 281 1338 311 sed
1367 284 1502 310 aeterna
1529 279 1597 309 vita
1628 283 1660 308 et
1684 277 1807 307 iustitia
1828 282 1983 313 aeterna,
2017 281 2049 305 et
2079 276 2112 305 111

1128 322 1262 354 Christo
1285 324 1347 353 erit
1371 323 1480 352 divina
1503 326 1621 351 natura
1644 320 1787 350 reddens
1810 319 1910 349 vitam
1933 324 2113 348 aeternam.

1128 366 1221 397 Sicut
1244 370 1276 396 et
1298 364 1424 405 reliqua
1446 364 1592 394 membra
1604 362 1728 393 Psalmi
1753 363 1883 398 docent,
1907 371 1991 401 quae
2004 362 2114 391 omnia

1130 407 1380 448 complectenda
1403 412 1490 437 sunt.
1526 408 1591 444 [vs.
1604 406 1663 443 4.:1
1688 404 1738 435 Tu
1761 414 1798 434 es
1823 404 1983 434 sacerdos
2007 404 2039 433 111
2057 413 2113 434 30-

1129 457 1268 482 ternum.
1314 450 1371 480 Ait
1393 458 1468 480 esse
1490 453 1686 488 perpetuum
1710 448 1921 477 sacerdotem
1939 447 2114 477 ducentem

1128 503 1190 524 nos
1214 494 1255 523 ad
1280 493 1411 523 Patrem
1435 496 1465 521 et
1491 491 1622 521 dantem
1645 491 1745 521 vitam
1767 495 1946 520 aeternam.
1976 492 2038 525 [vs.
2053 489 2111 527 l.:}

1131 536 1218 566 Sede
1240 546 1261 566 a
1284 535 1409 566 dextris
1432 534 1533 570 meis,
1556 533 1589 563 id
1612 538 1680 569 051,
1709 538 1847 573 regnato
1875 532 1946 572 pari
1968 532 2115 572 potentia

1132 589 1205 609 cum
1229 583 1365 609 aeterno
1387 583 1492 617 patre.
1528 574 1610 606 Cum
1629 580 1737 605 autem
1750 575 1897 615 potentia
1915 575 1958 605 sit
1977 574 2114 611 1111111113,

1131 630 1274 651 necesse
1298 625 1350 650 est.
1372 620 1404 650 in
1430 618 1565 649 Christo
1589 618 1730 648 divinam
1754 623 1905 647 naturam
1929 627 2016 648 esse.

1218 677 1342 710 Psalm.
1354 679 1384 708 2.
1396 681 1459 715 [vs.
1472 678 1516 716 7.]
1529 677 1601 718 Ego
1615 675 1713 707 hodie
1727 676 1825 718 genui
1843 682 1885 707 te.
1910 676 1982 707 Hoc
1992 677 2031 706 de
2040 675 2114 706 solo

1133 721 1267 753 Christo
1293 722 1421 752 dicitur.
1468 719 1561 751 Sicut
1584 725 1614 750 et
1629 720 1675 760 ⁵⁹)
1699 730 1719 749 a
1743 719 1865 749 loanne
1885 719 1928 756 [l‚
1944 718 2114 757 18.]Chm·-

1132 770 1204 796 stus
1227 770 1366 795 vocatur
1387 763 1575 805 unigenitus
1598 762 1662 793 Dei
1686 761 1784 800 filius,
1807 762 1841 792 id
1864 767 1925 799 051,
1949 772 2014 791 11011
2038 762 2116 792 ado-

1131 809 1260 848 ptione,
1285 808 1343 837 sed
1371 812 1489 837 natura
1518 804 1615 836 filius.
1660 804 1721 835 Est
1749 810 1858 836 autem
1886 810 2005 835 natura
2028 803 2115 835 filius

1131 851 1172 889 is,
1195 852 1227 881 in
1251 860 1348 891 quem
1371 849 1559 880 substantia
1582 848 1685 889 patris
1707 853 1891 890 propagata
1914 852 1975 878 est.

1220 905 1348 940 Quodsi
1376 905 1542 942 obiicitur,
1576 904 1735 934 Naturam
1763 904 1906 934 divinam
1938 913 2005 934 11011
2038 903 2117 944 pati,

1133 959 1200 979 non
1224 949 1321 986 mori,
1347 946 1515 979 Christum
1537 952 1646 978 autem
1668 952 1832 978 mortuum
1864 956 1959 982 esse;
1982 947 2116 983 usitata,

1134 1002 1215 1023 vera
1238 997 1271 1022 et
1300 991 1493 1022 necessaria
1520 990 1695 1030 responsio
1720 995 1785 1020 est:
1818 987 1901 1020 Cum
1927 989 1961 1019 in
1985 988 2116 1020 Christo

1135 1035 1220 1065 duae
1250 1040 1388 1064 naturae
1417 1034 1499 1071 sint,
1535 1033 1697 1073 quaedam
1725 1032 1861 1072 propria
1892 1032 1948 1062 uni
1980 1038 2118 1063 naturae

1134 1088 1202 1108 non
1225 1077 1414 1117 impediunt,
1438 1086 1503 1117 quo
1522 1076 1628 1105 minus
1652 1076 1740 1106 adsit
1757 1073 1862 1106 altera
1878 1080 2007 1106 natura.
2038 1074 2118 1105 Pro-

1135 1121 1207 1160 pria
1236 1125 1345 1150 autem
1376 1125 1452 1149 sunt
1481 1117 1564 1148 haec
1594 1117 1757 1148 humanae
1790 1122 1943 1154 naturae,
1977 1117 2118 1148 lacerari

1135 1162 1298 1199 membra,
1332 1162 1417 1202 pati,
1451 1161 1546 1191 mori.
1602 1160 1679 1191 Ideo
1713 1160 1833 1191 Petrus
1867 1160 1990 1191 diserte
2028 1160 2118 1198 dixit,

1136 1204 1301 1236 Christum
1336 1214 1473 1244 passum
1513 1213 1589 1234 esse
1624 1213 1734 1234 carne.
1783 1202 1826 1233 Et
1853 1202 2010 1234 Irenaeus
2045 1213 2116 1233 eru-

1136 1247 1201 1278 dite
1235 1254 1268 1278 et
1301 1248 1355 1287 pie
1389 1247 1492 1287 inquit
1525 1246 1645 1287 pagina
1673 1245 1744 1276 185.
1790 1244 1957 1276 Christum
1991 1245 2116 1277 crucifi-

1134 1300 1211 1321 xum
1235 1296 1268 1321 et
1289 1295 1452 1321 mortuum
1482 1299 1557 1320 esse
1581 1289 1812 1330 requiescente
1835 1289 1956 1326 verbo,
1986 1295 2021 1319 ut
2045 1300 2116 1320 cru-

1136 1332 1224 1374 cifigi
1248 1339 1280 1364 et
1302 1334 1385 1363 mori
1407 1337 1534 1373 posset,
1558 1332 1590 1362 id
1613 1338 1680 1370 est,
1703 1337 1821 1362 natura
1845 1331 1955 1362 divina
1977 1342 2043 1362 non
2067 1337 2118 1362 est

1135 1376 1266 1416 quidem
1289 1374 1435 1406 lacerata
1457 1381 1513 1406 aut
1532 1380 1671 1412 mortua,
1695 1375 1756 1405 sed
1767 1373 1827 1405 suit
1844 1374 2002 1405 obediens
2014 1374 2117 1413 Patri,

1135 1420 1277 1459 quievit,
1309 1418 1411 1449 cessit
1440 1418 1510 1448 irae
1531 1418 1657 1448 aeterni
1680 1417 1788 1448 Patris
1811 1417 1974 1448 adversus
1997 1428 2117 1458 pecca-

1134 1467 1202 1492 tum
1227 1461 1359 1503 generis
1381 1460 1526 1498 humani,
1548 1471 1615 1491 non
1639 1466 1691 1492 est
1706 1470 1769 1491 usa
1789 1471 1851 1491 sua
1869 1461 2026 1501 potentia,
2050 1471 2117 1491 non

1134 1505 1262 1535 exeruit
1276 1506 1319 1542 60)
1342 1514 1421 1534 51135
1444 1504 1544 1534 vires.
1591 1503 1628 1534 Si
1651 1503 1818 1544 expendes
1842 1504 1964 1534 dictum
1980 1504 2117 1540 lrenaei,

1135 1546 1300 1588 intelliges
1312 1547 1365 1588 pie
1378 1545 1542 1577 declarari
1561 1551 1752 1578 naturarum
1769 1547 1957 1577 discrimina
1970 1552 2002 1577 et
2019 1546 2117 1577 simul

1133 1589 1295 1621 illustrari
1324 1590 1583 1630 magnitudinem
1611 1589 1681 1620 irae
1708 1588 1773 1620 Dei
1803 1590 1966 1620 adversus
1997 1599 2116 1629 pecca-

1133 1638 1200 1664 tum
1224 1632 1349 1664 effusae
1371 1633 1403 1662 in
1417 1631 1584 1663 Christum
1607 1637 1639 1662 et
1661 1632 1886 1663 admirandam
1904 1631 2117 1664 humilitatem

1132 1675 1205 1706 Filii
1228 1676 1430 1717 quiescentis
1460 1680 1493 1706 et
1528 1675 1712 1706 obedientis
1740 1674 1831 1706 Patri
1861 1685 1924 1706 nec
1954 1675 2116 1706 exerentis

1132 1728 1227 1750 suam
1250 1718 1440 1758 potentiam.

1219 1773 1383 1805 Convenit
1406 1778 1515 1804 autem
1538 1772 1603 1804 hoc
1627 1774 1749 1804 dictum
1772 1774 1815 1804 ad
1837 1772 1918 1805 illud
1932 1772 2072 1815 Philipp.
2084 1774 2116 1804 2.

1134 1816 1278 1856 [vs-G.]:
1324 1816 1387 1852 Qui
1415 1826 1489 1847 cum
1512 1821 1604 1847 esset
1625 1817 1659 1846 in
1682 1815 1789 1847 forma
1811 1815 1894 1854 Dei,
1917 1816 1948 1846 id
1974 1822 2042 1854 est,
2064 1826 2117 1847 53-

1132 1860 1255 1900 pientia
1279 1866 1311 1890 et
1333 1860 1480 1900 potentia
1502 1858 1651 1900 aequalis
1664 1859 1767 1897 Patri,
1791 1869 1857 1890 non
1877 1860 1984 1899 rapuit
1996 1869 2117 1900 aequa-

1131 1903 1257 1934 litatem
1274 1902 1352 1940 Dei,
1373 1903 1405 1932 id
1429 1908 1496 1939 est,
1520 1913 1594 1933 cum
1617 1903 1740 1933 missus
1764 1908 1874 1939 esset,
1903 1907 1940 1933 ut
1969 1903 2118 1933 obediret

1132 1946 1207 1977 Deo
1230 1946 1261 1976 in
1285 1946 1459 1986 passione,
1481 1955 1548 1976 non
1571 1943 1649 1976 fecit
1673 1951 1789 1976 contra
1808 1945 2028 1983 vocationem,
2050 1956 2118 1976 non

1134 1995 1185 2020 est
1206 1997 1289 2019 usus
1313 1998 1374 2018 sua
1395 1989 1541 2029 potentia
1560 1994 1675 2019 contra
1698 1998 1791 2019 suam
1814 1988 2034 2026 vocationem,
2058 1989 2118 2019 sed

1133 2042 1170 2062 50
1193 2032 1299 2071 ipsum
1323 2031 1520 2069 exinanivit,
1545 2031 1577 2061 id
1602 2036 1670 2069 est,
1700 2041 1767 2061 non
1791 2032 1918 2062 exeruit
1938 2032 2117 2071 potentiam

1133 2085 1244 2111 suam,
1274 2079 1307 2104 et
1328 2073 1510 2104 humiliavit
1533 2084 1571 2104 se
1592 2072 1733 2104 formam
1756 2074 1844 2105 servi
1867 2075 2055 2114 accipiens,
2084 2074 2118 2104 id

1134 2123 1195 2154 est,
1218 2117 1357 2147 induens
1382 2127 1458 2148 cum
1480 2116 1624 2148 humana
1646 2123 1765 2147 natura
1789 2116 2038 2155 mortalitatem,
2060 2116 2117 2147 ha-

1133 2162 1201 2191 bitu
1224 2160 1376 2190 inventus
1406 2165 1442 2190 ut
1463 2158 1583 2197 1101110,
1612 2160 1646 2190 1(1
1669 2166 1736 2197 051,
1765 2159 1957 2197 affectibus,
1981 2170 2117 2201 pavore,

1132 2203 1275 2240 tristitia,
1305 2201 1431 2233 dolore.
1473 2202 1636 2233 Teneatur
1664 2213 1744 2244 ergo
1776 2203 1952 2233 discrimen
1985 2208 2117 2234 natura-

1132 2257 1216 2283 rum,
1241 2246 1301 2276 sed
1324 2244 1421 2276 simul
1443 2243 1525 2276 illud
1548 2246 1684 2283 sciatur,
1709 2250 1845 2286 propter
1867 2246 2021 2276 unionem
2044 2256 2117 2286 per-

1133 2288 1281 2319 sonalem
1309 2298 1408 2319 veras
1436 2298 1513 2319 esse
1545 2288 1606 2319 has
1640 2289 1902 2329 propositiones:
1935 2288 2029 2319 Deus
2066 2294 2116 2319 est

1132 2341 1267 2372 passus,
1291 2331 1482 2368 crucifixus,
1505 2337 1672 2367 mortuus3
1695 2341 1761 2362 non
1785 2332 1913 2373 cogites
1940 2331 2117 2363 humanam

1133 2381 1284 2406 naturam
1311 2373 1420 2405 solam
1450 2384 1527 2405 esse
1554 2374 1823 2415 redemptricem,
1853 2380 1887 2405 et
1915 2384 1981 2405 non
2011 2380 2116 2405 totum

1135 2503 1182 2535 59)
1202 2503 1228 2528 et
1246 2500 1331 2527 abest
1349 2500 1387 2526 ab
1406 2502 1480 2527 Editt.
1500 2503 1542 2528 22.
1561 2503 1602 2528 24.
1621 2503 1669 2535 28„
1688 2503 1747 2534 opp.
1770 2504 1790 2529 1.
1810 2504 1833 2529 2.

1135 2556 1181 2585 60)
1197 2553 1306 2586 exeruit]
1326 2553 1370 2579 Ed.
1389 2554 1429 2577 22.
1449 2554 1531 2579 exerit

1909 2607 1942 2632 40
