2358 2933
71 113 136 145 665

72 215 184 237 cemus
207 210 342 245 propter
359 202 540 234 Christum:
585 201 633 232 lta
656 207 830 242 utrumque
853 199 1049 241 complecta-

73 259 145 279 mur
171 248 204 278 in
225 246 290 277 hoc
313 246 418 277 dioto:
460 245 532 275 Lex
554 255 615 284 per
637 244 733 274 fidem
757 241 936 278 stabilitum
979 242 1049 273 Pri-

71 301 158 321 mum
179 289 402 329 imputatione,
430 288 506 328 quia
528 293 662 328 propter
679 285 847 317 Christum
869 285 1049 324 accipimus

73 330 392 367 reconciliationem,
422 331 494 360 sine
522 340 587 370 qua
609 328 664 359 lex
687 334 811 359 tantum
832 338 899 358 vox
923 332 974 357 est
993 327 1049 357 da-

72 374 267 409 mnationis3
290 372 430 410 Deinde,
454 372 531 413 quia
552 371 616 402 fide
639 371 798 411 accipitur
810 369 951 410 Spiritus
974 379 1050 399 5311-

72 422 156 454 ctus,
180 422 213 447 et
235 415 409 446 inchoatur
431 420 463 445 et
485 413 594 454 placet
612 413 795 444 obedientia
807 418 944 453 propter
956 411 1049 443 Chri-

71 464 168 490 stum.
193 459 240 498 2⁵)

526 572 595 612 [Ἢ

400 656 461 689 DE
505 656 720 688 PEccAro.

158 755 204 793 3⁹)
227 752 298 784 Etsi
327 761 443 782 omnes
470 757 587 793 gentes
615 751 725 781 vident
753 750 950 781 horrendam
974 760 1051 781 con-

71 795 244 832 fusionem,
278 795 356 826 vitia
387 800 419 824 et
452 793 655 825 calamitates
690 794 895 824 tristissimas
919 794 1051 835 generis

71 839 220 875 humani,
256 848 296 868 38
319 838 463 867 sentiunt
485 846 570 867 onus
593 836 738 875 peccati,
762 841 869 866 tamen
893 835 965 866 sola
987 835 1051 867 Ec-

72 881 175 912 clesia
198 880 262 911 Dei
285 881 398 916 docet,
423 885 454 909 81
476 879 562 910 unde
585 879 627 909 sit
650 883 682 908 et
705 879 782 919 quid
805 879 847 908 sit
868 884 1051 919 peccatum,

71 930 102 955 et
136 924 223 954 audit
257 923 394 953 verbum
417 921 480 952 Dei
515 922 555 952 de
584 921 634 951 ira
662 921 772 951 divina
801 926 832 951 et
867 921 908 951 de
935 921 1051 961 poenis

69 966 302 1007 praesentibus
337 970 368 995 et
401 965 555 995 aeternis.
599 963 642 994 Et
675 973 861 1004 quanquam
890 964 1051 1003 sapientia

69 1009 212 1040 humana
234 1008 332 1038 docet
354 1016 471 1047 regere
494 1016 620 1043 mores,
648 1007 809 1046 improbat
834 1012 866 1036 et
888 1007 979 1046 punit
1003 1004 1050 1036 fa-

70 1058 124 1082 cta
146 1056 261 1082 contra
285 1050 454 1086 rationem,
476 1055 585 1079 tamen
607 1058 674 1079 non
697 1048 849 1088 agnoscit
867 1047 942 1085 hoc,
962 1049 1050 1089 quod

69 1099 121 1125 est
152 1093 320 1134 proprium
354 1092 386 1122 in
419 1092 548 1131 peccati
571 1092 713 1129 ratione,
747 1089 901 1121 videlicet
923 1097 1050 1121 reatum

69 1146 181 1167 coram
203 1135 277 1165 Deo
300 1144 361 1164 seu
382 1135 464 1165 iram
487 1134 559 1164 Dei.
594 1133 693 1164 Videt
710 1132 901 1163 Alexander
924 1143 961 1163 se
986 1139 1049 1163 tur-

69 1180 153 1220 piter
180 1176 319 1213 fecisse,
354 1187 428 1207 cum
458 1176 619 1207 interiecit
644 1175 781 1212 Clitum,
805 1181 837 1206 et
860 1174 949 1206 dolet
973 1185 1048 1215 pro-

68 1227 201 1262 pterea,
235 1219 323 1260 quod
357 1225 472 1250 contra
504 1225 642 1249 natiuae
669 1218 822 1248 iudicium
855 1216 953 1255 fecit,
988 1218 1049 1248 sed

69 1273 136 1295 non
158 1261 259 1299 dolet,
282 1262 371 1302 quod
394 1261 501 1291 Deum
525 1261 713 1298 offenderit,
737 1270 802 1291 non
827 1259 916 1291 dolet
938 1270 976 1291 se
998 1270 1049 1290 re-

68 1317 122 1337 um
151 1315 227 1335 esse
251 1314 361 1335 coram
384 1303 468 1334 Deo.
519 1304 587 1334 Sed
610 1301 761 1334 Ecclesia
785 1309 945 1334 monstrat
968 1304 1049 1333 iram

68 1348 149 1385 Dei,
183 1353 216 1378 et
249 1347 345 1377 docet
372 1345 474 1388 longe
496 1347 601 1376 maius
624 1344 745 1376 malum
768 1355 843 1376 esse
865 1351 1049 1386 peccatmn,

68 1401 166 1432 quam
197 1395 289 1430 putat
322 1388 465 1419 humana
502 1389 596 1419 ratio.
652 1388 722 1418 Nec
755 1389 862 1430 arguit
895 1387 1049 1420 Ecclesia

68 1438 191 1464 tantum
225 1438 381 1462 externas
414 1432 582 1467 actiones,
626 1437 813 1472 pugnantes
848 1442 923 1462 cum
956 1431 1049 1472 Lege

68 1475 132 1507 Dei
155 1480 211 1505 aut
233 1475 371 1511 ratione,
395 1473 479 1504 sicut
501 1472 727 1514 Philosophia,
752 1474 810 1504 sed
834 1475 941 1515 arguit
965 1475 1049 1504 radi-

69 1528 140 1549 cem
163 1522 196 1548 et
217 1515 358 1553 fructus,
381 1516 567 1546 interiorem
591 1515 766 1557 caliginem
788 1518 924 1553 inentis,
959 1517 1049 1546 dubi-

68 1561 210 1591 tationes
245 1559 286 1589 de
319 1557 490 1589 voluntate
512 1558 592 1595 Dei,
628 1558 835 1589 aversionem
869 1558 1048 1589 voluntatis

67 1602 228 1633 humanae
256 1612 276 1632 a
298 1600 372 1631 Deo
397 1607 429 1631 et
452 1601 690 1631 contumaciam
714 1602 825 1631 cordis
850 1606 965 1632 contra
988 1601 1049 1632 Le-

68 1655 142 1687 gem
165 1644 236 1675 Dei.

68 1686 124 1718 filii
137 1687 210 1718 Dei.
246 1686 337 1717 Haec
361 1692 436 1716 sunt
462 1687 568 1716 tristia
587 1692 616 1716 et
640 1687 766 1716 atrocia
788 1686 885 1724 mala,
909 1697 1049 1727 quorum

70 1729 262 1771 magnitudo
287 1729 434 1759 enarrari
451 1739 517 1758 non
534 1734 656 1768 potest.
680 1729 758 1759 Ideo
777 1728 928 1760 Christus
946 1729 1050 1770 inquit

68 1772 148 1810 11011.
177 1771 226 1809 16,
249 1771 313 1809 8.]:
359 1770 500 1811 Spiritus
532 1776 668 1801 sanctus
691 1777 809 1812 arguet
831 1773 986 1802 mundum
1009 1772 1049 1802 de

66 1820 216 1855 peccam,
240 1823 279 1844 80
303 1814 390 1854 quod
414 1824 479 1844 non
503 1814 640 1844 credunt
662 1814 694 1843 in
716 1823 786 1852 ine,
810 1820 842 1845 81
864 1815 1049 1851 (18111511ῐί3,
1069 1830 1070 1835 ’

68 1868 108 1888 80
132 1857 221 1898 quod
244 1857 329 1887 vado
353 1856 395 1886 ad
419 1856 569 1893 Patrem,
605 1862 636 1886 81
665 1857 706 1886 (18
729 1857 865 1895 iudicio,
897 1868 937 1888 eo
960 1859 1049 1899 quod

68 1901 223 1940 princeps
247 1899 358 1929 mundi
382 1899 445 1929 iam
468 1899 630 1929 iudicatus
655 1904 716 1929 est.

153 1942 245 1972 Haec
269 1948 320 1972 est
345 1942 462 1972 concio
485 1951 624 1981 prorsus
650 1941 757 1972 aliena
782 1942 1048 1983 apoliticisiudi-

70 1985 141 2016 ciis.
187 1984 264 2015 Ideo
296 1984 372 2014 dicit
407 1984 500 2025 argui
533 1984 687 2014 mundum
722 1995 740 2015 a
765 1985 885 2026 Spiritu
919 1992 1048 2025 sancto,

68 2037 153 2058 voce
174 2025 358 2067 Evangelii,
382 2037 447 2057 non
466 2025 616 2057 humanis
636 2034 667 2057 et
687 2026 836 2059 civilibus
855 2030 992 2067 iudiciis,
1017 2036 1048 2060 et
1068 2035 1069 2038 ’

67 2070 160 2111 argui
191 2070 232 2100 de
261 2068 325 2098 hoc
351 2074 510 2108 peccato,
543 2068 696 2100 videlicet
715 2071 755 2101 de
780 2078 969 2112 contemptu
992 2071 1048 2103 filii

68 2112 147 2149 Dei,
181 2112 270 2153 quod
293 2109 508 2151 Evangelium
543 2117 574 2141 et
602 2112 763 2144 beneficia
786 2113 908 2145 Christi
938 2125 1049 2156 asper-

67 2161 185 2185 nentur
207 2153 375 2191 homines,
397 2163 461 2184 nec
483 2154 643 2185 accedant
655 2156 699 2192 ⁴⁰)
734 2157 776 2186 ad
799 2156 908 2188 Deum
930 2158 1050 2189 fiducia
1068 2161 1070 2196 ι]

68 2196 123 2228 filii
151 2197 232 2234 Dei,
267 2196 327 2226 sed
354 2202 507 2226 maneant
535 2197 567 2226 in
594 2200 760 2237 perpetuis
792 2199 1071 2232 dubitationibus}

69 2324 115 2355 39)
134 2325 192 2349 Pro
211 2330 286 2354 seqq.
323 2325 373 2349 Etsi
391 2331 480 2350 omnes
500 2330 590 2355 gentes
610 2339 642 2343 —
662 2340 693 2343 —
712 2328 769 2352 Mihi
787 2334 837 2353 non
858 2329 973 2360 displicet
990 2331 1049 2355 reti·
1069 2330 1070 2351 ἒ

135 2359 190 2383 neri
209 2359 339 2384 Ansheimi
358 2359 561 2389 descriptionem.
580 2361 607 2385 in
626 2360 697 2385 Editt.
717 2362 737 2386 1.
757 2363 779 2387 3.
797 2362 893 2388 eadem
910 2364 1048 2395 levantur,

137 2398 210 2422 quae
227 2393 356 2418 exhibent
373 2393 447 2418 Editt.
467 2394 595 2419 secundae
616 2395 706 2420 aetatis
724 2401 782 2426 pag.
803 2398 860 2422 378.
877 2398 920 2422 lin.
938 2399 1048 2423 10—48.

135 2428 239 2451 nostrae
264 2427 319 2452 Ed:
347 2427 460 2452 Christus
486 2429 632 2458 complexus
652 2430 691 2454 est
710 2442 742 2446 —-
761 2444 793 2447 —
812 2432 854 2456 His
874 2433 941 2457 enim
961 2433 1048 2464 appel-

136 2461 273 2486 lationibus
292 2461 400 2486 docendi
419 2468 497 2487 causa
517 2463 639 2488 utendum
660 2466 706 2488 est.

70 2511 115 2541 40)
135 2517 182 2536 nec
206 2512 340 2542 accedant]
359 2513 431 2537 Editt.
457 2514 480 2537 2.
506 2515 528 2539 4.
553 2515 579 2539 6.
600 2515 622 2539 7.
640 2515 663 2539 9.
684 2516 723 2540 12.
743 2521 791 2540 nec
808 2517 946 2547 accedunt;
976 2518 1047 2543 Editt.

137 2546 160 2570 5.
180 2546 203 2570 8.
226 2547 262 2571 10.
284 2547 321 2571 11.
343 2548 449 2572 13-16.
470 2548 508 2572 19.
528 2554 560 2573 118
581 2548 704 2574 accedant

538 110 562 140 Ι.
584 109 687 141 LOCI
709 107 989 141 THEOLOGICI:
1011 107 1056 139 D.

282 1644 402 1684 Arg-uit
437 1649 467 1673 et
502 1644 742 1685 ignorationem
773 1650 805 1674 et
828 1650 1071 1684 conteniptunis

1078 108 1239 139 TERTIA
1261 107 1420 140 EORUM
1444 107 1600 139 AETAS.
2011 104 2076 137 666

1094 242 1151 273 bili
1173 243 1320 274 audacia.

1179 284 1311 315 Deinde
1340 286 1441 326 inquit
1471 285 1552 323 [loh.
1569 284 1618 322 16,
1630 285 1691 322 8.]:
1715 283 1820 314 Etiam
1843 289 1961 324 arguet
1983 292 2075 313 mun-

1094 327 1171 358 dum
1209 328 1249 358 de
1277 328 1407 357 iustitia.
1462 328 1546 358 Nam
1582 328 1748 367 sapientes
1779 332 1892 365 putant
1920 326 2075 356 iustitiam

1094 379 1172 400 esse
1202 368 1465 410 qualemcunque
1499 368 1719 410 disciplinam,
1763 378 1824 399 seu
1859 368 2075 399 obedientiam

1093 410 1330 448 universalem,
1364 418 1399 442 ut
1427 417 1567 448 vocant,
1601 412 1691 441 iuxta
1719 410 1824 453 legeS.
1881 410 1948 441 Sed
1975 409 2076 450 longe

1094 453 1191 484 aliam
1219 454 1372 484 iustitiam
1401 453 1496 484 affert
1528 452 1754 494 Evangelium.
1798 453 1881 484 Nam
1904 451 2077 493 disciplina

1070 221 1073 288 Ι
1093 206 1126 231 81
1148 199 1276 242 fugiant
1296 200 1423 237 Deum,
1451 206 1507 232 aut
1530 200 1656 242 fingant
1680 198 1787 230 cultus
1811 204 1843 230 et
1864 198 1954 229 idola
1971 198 2076 229 horri-

1094 495 1152 526 illa
1181 495 1323 526 humana
1350 506 1413 527 nec
1434 501 1607 536 peccatiun
1630 506 1692 526 nec
1715 502 1854 526 mortem
1877 494 1981 532 tollit,
2016 495 2076 524 sed

1094 539 1216 569 iustitia
1244 548 1356 568 coram
1386 538 1477 575 Deo,
1506 548 1569 579 qua
1592 537 1685 569 Deus
1715 548 1777 569 nos
1807 544 1937 578 reputat
1959 539 2076 574 iustos,

1095 587 1252 620 acceptos
1276 586 1308 611 81
1338 580 1499 611 haeredes
1527 581 1615 611 vitae
1639 587 1805 615 38181038,
1829 580 1941 611 abolet
1960 589 2077 620 pecca-

1095 630 1164 654 tum
1188 629 1219 653 et
1241 629 1389 660 mortem,
1415 623 1501 654 sicat
1523 623 1642 663 inquit:
1687 623 1781 654 Haec
1804 629 1855 653 est
1876 633 1968 654 meus
1991 630 2077 654 tran-

1098 666 1180 696 situs
1205 665 1246 696 ad
1268 664 1420 703 Patrem,
1452 665 1485 695 id
1508 672 1578 703 851,
1601 675 1673 696 mea
1695 676 1755 706 pro
1779 666 1876 697 vobis
1900 665 2022 697 oblatio
2046 670 2078 696 et

1097 706 1294 745 satisfactio,
1319 714 1350 738 et
1373 708 1531 739 transitus
1554 709 1596 739 ad
1619 718 1766 749 regnum,
1785 709 1817 739 in
1830 719 1896 749 quo
1908 719 1969 749 pro
1981 709 2076 739 vobis

1096 761 1169 781 sum
1190 756 1368 791 perpetuus
1381 750 1554 789 Mediator,
1568 751 1740 782 sanctifico
1755 757 1786 782 et
1804 751 1935 782 vivifico
1954 761 2015 782 vos
2034 751 2078 781 ad

1096 794 1196 824 vitam
1207 800 1385 831 aeternam,
1397 792 1478 824 tollo
1491 799 1662 834 peccatum
1675 800 1707 824 et
1718 800 1866 825 mortem.
1887 793 1948 824 Hic
1960 794 2077 825 transi-

1096 842 1149 866 tus
1169 835 1366 873 adPatrem,
1391 842 1424 866 et
1445 835 1509 867 hoc
1532 846 1671 878 regnum
1683 835 1804 867 Christi
1826 836 1981 868 iustificat
2003 847 2077 867 nos.

1183 877 1293 909 Tertio
1319 879 1409 909 addit
1430 878 1484 910 De
1507 880 1637 910 iudicio.
1683 879 1825 910 Mundus
1855 889 1986 920 semper
2008 890 2077 910 mo-

1096 921 1142 951 111
1171 927 1202 951 81
1227 922 1372 952 movebit
1400 922 1546 962 ingentia
1569 923 1748 953 certamina
1771 928 1887 953 contra
1909 921 1995 953 hanc
2020 922 2077 952 do-

1096 964 1252 1001 ctrinam,
1286 969 1319 994 et
1348 964 1512 995 damnavit
1544 970 1576 995 et
1602 965 1769 996 damnabit
1791 964 1909 996 Filium
1931 964 2011 1003 Dei,
2045 972 2078 997 et

1094 1004 1258 1037 Diabolus
1288 1007 1400 1037 incitat
1430 1017 1491 1037 sua
1520 1018 1648 1049 organa
1675 1008 1717 1038 ad
1741 1006 1935 1049 blasphema
1957 1009 2077 1040 iudicia

1095 1055 1127 1079 et
1150 1047 1386 1087 crudelitatem,
1410 1050 1495 1080 sicut
1519 1049 1688 1087 haereses,
1712 1049 1937 1091 blasphemiae
1956 1058 1988 1082 et
2005 1062 2077 1084 sae-

1070 1116 1073 1147 Ι
1094 1091 1172 1121 w'tia
1195 1092 1338 1122 omnium
1360 1097 1542 1130 temporum
1566 1093 1753 1123 ostendunt.
1799 1093 1869 1124 Sed
1891 1093 1923 1124 hi
1946 1093 2076 1127 furores

1093 1133 1226 1164 Diaboli
1259 1144 1325 1164 non
1365 1133 1519 1165 delebunt
1553 1134 1750 1166 Ecclesiam.
1813 1136 1953 1177 Semper
1992 1139 2076 1170 enim

1094 1176 1298 1206 confirmabit
1331 1177 1472 1217 Spiritus
1496 1183 1632 1208 sanctus
1654 1177 1849 1216 Ecclesiam,
1872 1185 1908 1210 ut
1931 1187 2075 1221 opponat

1092 1228 1130 1248 se
1151 1219 1256 1258 impiis
1279 1219 1417 1257 iudiciis,
1440 1225 1472 1250 et
1494 1220 1658 1261 vincet41)
1680 1220 1835 1252 Ecclesia
1846 1222 1987 1260 tandem,
2001 1225 2076 1264 quia

1093 1259 1257 1291 Diabolus
1286 1262 1523 1292 condemnatus
1555 1269 1622 1294 est:
1666 1264 1777 1298 Quare
1801 1265 1871 1295 eius
1893 1265 2013 1296 iudicia
2043 1272 2075 1297 et

1093 1303 1223 1334 furores
1246 1303 1341 1334 Deus
1365 1303 1544 1336 confundit.

1179 1345 1260 1376 Cum
1301 1347 1400 1388 igitur
1434 1347 1576 1388 Spiritus
1617 1355 1752 1381 sanctus
1787 1361 1873 1382 voce
1906 1353 2074 1384 ministerii

1092 1388 1286 1430 Evangelici
1303 1390 1412 1431 arguit
1434 1391 1601 1429 mundum,
1624 1398 1656 1423 et
1667 1394 1821 1431 ostendit,
1840 1395 1926 1425 unde
1946 1402 1978 1425 et
1997 1396 2074 1436 quid

1093 1432 1135 1462 sit
1168 1438 1339 1471 peccatum
1374 1438 1407 1463 et
1440 1440 1597 1474 quantum
1625 1434 1745 1466 malum
1769 1438 1827 1475 sit,
1861 1447 2001 1467 necesse
2025 1443 2076 1466 est

1093 1474 1205 1505 audire
1218 1474 1373 1514 Spiritum
1396 1482 1546 1507 sanctum
1569 1478 1754 1516 docentem,
1777 1490 1839 1510 nec
1858 1478 1995 1520 intelligi
2020 1479 2075 1508 be-

1092 1516 1207 1547 neficia
1232 1516 1355 1548 Christi
1378 1525 1538 1559 possunt,
1567 1521 1594 1550 si
1617 1521 1805 1562 ignoretur,
1836 1523 1912 1563 quid
1937 1522 1977 1552 sit
2000 1531 2076 1562 pec-

1094 1566 1212 1590 catum.
1258 1559 1325 1590 Imo
1355 1567 1490 1602 propter
1512 1561 1598 1593 hanc
1620 1564 1725 1603 ipsam
1749 1575 1903 1596 caussam
1925 1564 2020 1595 Deus
2044 1570 2077 1595 et

1069 1585 1071 1643 i
1092 1612 1177 1633 voce
1205 1603 1373 1633 ministem'i
1405 1610 1436 1634 et
1467 1605 1654 1646 ingentibus
1679 1606 1917 1638 calamitatibus
1943 1608 2076 1638 concio-

1069 1646 1071 1662 ’
1093 1651 1187 1676 natur
1205 1644 1389 1683 Ecclesiae,
1413 1653 1446 1677 ut
1469 1657 1692 1689 agnoscamus
1714 1650 1794 1681 iram
1818 1651 1979 1682 adversus
1998 1662 2075 1693 pec·

1069 1708 1071 1724 i
1094 1695 1219 1725 catum,
1251 1696 1280 1718 et
1305 1687 1535 1731 confugiamus
1557 1692 1599 1722 ad
1623 1691 1739 1723 Filium
1761 1693 1988 1725 Mediatorem.
2033 1694 2073 1725 Et

1069 1741 1070 1773 1
1094 1729 1246 1761 Christus
1269 1731 1440 1762 doctrinae
1462 1742 1620 1765 summam
1644 1735 1676 1765 in
1688 1734 1839 1766 Ecclesia
1862 1737 1907 1767 ita
1927 1747 2074 1778 compre-

1069 1772 1203 1807 }hendit
1239 1773 1335 1811 [Luc.
1370 1774 1430 1812 24,
1465 1775 1552 1814 47.]:
1581 1776 1628 1807 lte
1651 1779 1882 1818 praedicantes
1905 1780 2074 1820 poeniten-

1091 1816 1167 1846 tiam
1202 1816 1243 1846 ad
1276 1818 1503 1848 remissionem
1531 1826 1742 1859 peccatorum
1776 1822 1808 1852 in
1837 1822 1967 1852 nomine
1989 1832 2074 1853 meo.

1068 1858 1070 1904 {
1093 1857 1330 1899 Complectitur
1352 1867 1461 1891 autem
1485 1863 1684 1902 agnitionem
1707 1865 1851 1904 peccati,
1875 1864 1907 1894 id
1926 1871 1996 1902 est,
2019 1875 2075 1905 pa-

1093 1911 1208 1939 vores,
1238 1903 1292 1942 qui
1317 1903 1459 1934 existunt
1482 1905 1594 1945 agnita
1616 1906 1663 1936 ira
1686 1906 1749 1937 Dei
1772 1907 1933 1938 adversus
1956 1917 2075 1948 pecca-

1092 1950 1169 1974 tum.
1200 1943 1241 1974 Et
1265 1944 1388 1975 Paulus
1412 1946 1444 1976 in
1467 1946 1617 1986 Epistola
1639 1949 1681 1979 ad
1705 1949 1872 1980 Romanos
1896 1951 2073 1991 praecipue

1091 1985 1154 2017 hoc
1173 1987 1251 2027 agit,
1275 1994 1307 2017 ut
1333 1987 1396 2018 hos
1414 1994 1482 2019 tres
1506 1988 1600 2021 locos
1624 1990 1780 2029 declaret,
1805 1993 1882 2033 quid
1896 1993 1939 2022 sit
1957 2003 2074 2033 pecca-

1091 2036 1174 2066 tum,
1209 2030 1286 2070 quid
1308 2030 1380 2061 Lex
1415 2030 1555 2070 efficiat,
1589 2034 1666 2074 quid
1700 2035 1806 2075 gratia
1831 2034 1953 2066 Christi
1976 2036 2017 2066 sit
2042 2041 2074 2066 et

1091 2071 1221 2103 efficiat.
1267 2073 1418 2104 Sciamus
1449 2075 1548 2116 igitur
1573 2076 1756 2108 doctrinam
1779 2077 1897 2109 horum
1925 2077 2074 2109 locorum

1091 2121 1245 2155 oportere
1278 2117 1504 2156 perspicuam,
1547 2119 1711 2150 sinceram
1745 2126 1777 2151 et
1811 2120 2006 2161 explicatam
2040 2121 2073 2152 in

1090 2156 1245 2189 Ecclesia
1269 2165 1392 2190 extare.

1177 2200 1338 2231 Usitatum
1363 2208 1414 2233 est
1436 2209 1544 2234 autem
1566 2205 1598 2234 in
1623 2205 1774 2238 docendo
1791 2217 1810 2238 a
1829 2207 2072 2242 definitionibus

1069 2234 1072 2291 ᾖ
1091 2244 1208 2279 ordiri3
1233 2254 1335 2284 quare
1348 2251 1378 2275 et
1390 2247 1517 2286 peccati
1530 2247 1673 2279 definitio
1691 2250 1829 2289 primum
1842 2253 2072 2284 constituenda

1069 2293 1071 2323 ι
1092 2292 1171 2316 8131.
1217 2285 1284 2317 Sed
1307 2287 1402 2319 video
1422 2290 1615 2329 scriptores,
1640 2292 1694 2332 qui
1717 2292 1887 2324 ediderunt
1907 2296 2071 2335 quaestio-

1091 2339 1151 2359 nes
1165 2330 1195 2359 in
1209 2328 1476 2370 Longobardum,
1489 2343 1556 2363 non
1567 2334 1744 2366 tradidisse
1756 2346 1854 2366 unam
1867 2346 2071 2368 communem

1068 2373 1070 2409 ἕ
1091 2371 1321 2410 definitionem,
1346 2375 1597 2406 convenientem
1619 2384 1759 2417 peccato
1783 2379 1920 2421 originis
1945 2385 1976 2411 et
1994 2390 2070 2420 pec-

1068 2410 1069 2422 *
1092 2420 1164 2445 cato
1188 2414 1318 2453 actuali,
1343 2414 1496 2447 fortassis
1521 2419 1594 2458 quia
1607 2420 1651 2450 ita
1664 2421 1862 2462 cogitarunt,
1885 2432 1951 2453 11011
1968 2433 2070 2463 posse

1068 2461 1069 2465 ’
1090 2458 1171 2488 tradi
1225 2468 1428 2489 communem
1480 2460 1716 2499 deffinitionem
1773 2465 1849 2505 quia
1898 2472 2069 2506 peccatum

1089 2554 1135 2584 41)
1155 2554 1248 2583 vincet]
1269 2554 1343 2584 Corp.
1366 2554 1438 2578 1Η8.
1459 2554 1535 2579 vincit
