2358 2933
110 113 173 162 ‚3¹3

147 803 187 829 58,
205 802 228 826 b.

564 111 585 143 1.
609 111 710 143 LOCI
732 108 1007 142 TI-IEOLOGICI:
1031 109 1068 141 C.
1093 108 1303 142 SECUNDA
1325 107 1480 141 EORUM
1503 108 1660 140 AETAS.

310 205 473 237 Recensui
507 214 610 244 opera
648 205 742 245 primi
774 203 948 244 praecepti⁴
980 202 1088 239 fidem,

268 250 426 285 timorem,
461 246 669 279 dilectionem
703 247 770 284 dei,
805 245 1024 276 obedientiam
1057 245 1089 275 in

267 291 417 322 omnibus
450 288 694 321 afflictionibus.
746 288 873 319 Deinde
903 288 988 327 parit
1006 287 1088 317 fides

267 339 298 364 et
321 332 458 363 secundi
480 332 647 372 praecepti
671 341 791 371 opera,
821 329 974 361 videlicet
998 330 1089 359 invo-

267 376 439 412 cationem,
456 376 635 416 gratiarum
647 374 819 409 actionem,
838 371 1089 409 confessionem,

266 417 553 458 praedicationem.
588 417 681 447 quta
702 414 781 445 illud
805 415 936 445 Credidi
955 421 1090 454 propter

266 460 355 500 quod
377 458 508 490 locutus
532 470 614 489 sum.
656 457 719 492 Qui
742 467 807 487 non
832 458 943 487 statuit
966 466 1003 486 se
1026 457 1088 487 deo

268 511 367 532 curae
390 511 484 538 esse,
515 506 571 532 aut
598 500 711 530 statuit
739 509 776 529 56
798 500 840 530 ab
871 509 909 529 eo
933 499 1089 530 reiectum

266 553 359 581 esse,
381 545 410 574 is
433 542 513 574 nihil
535 546 687 583 expectat
705 552 724 572 a
749 542 828 578 (160,
851 551 918 571 11011
941 552 1020 572 vere
1043 542 1089 571 in-

265 591 364 616 vocat
387 591 450 616 etc.
495 585 572 616 Ideo
595 593 702 624 neque
724 582 807 614 haec
831 593 933 623 opera
953 584 1089 614 secundi

265 628 431 668 praecepti
454 628 525 658 sine
549 627 612 657 fide
635 626 706 656 fieri
724 632 874 666 possunt.
909 625 1090 656 Estautem

264 675 477 711 praeceptum
506 675 542 700 ut
569 673 699 699 constat
730 669 770 699 de
803 668 1027 706 orationibus,
1054 674 1090 698 ut

265 712 398 742 assidue
440 721 581 742 oremus.
637 710 735 741 Fides
769 711 869 751 igitur
903 711 1090 741 exercenda

265 759 316 784 est
338 754 370 784 in
393 754 620 791 invocatione,
649 753 681 783 in
706 753 855 783 omnibus
879 752 1034 794 periculis
1059 758 1089 782 et

266 797 427 837 negociis.
453 804 457 818 ¹
499 796 611 836 Opera
629 795 658 825 δί
688 796 855 835 praecepti
878 801 954 826 sunt
977 796 1091 826 obser-

265 840 415 869 vationes
440 839 712 869 ceremoniarum.
742 837 882 868 Constat
905 844 1013 868 autem
1037 848 1090 868 ce-

266 882 429 911 remonias
447 881 614 912 institutas
633 890 708 910 esse
727 886 862 920 propter
879 880 1091 911 ministerium

266 922 453 964 Evangelii,
483 924 559 954 item
582 928 618 953 ut
640 923 703 952 sint
734 923 863 963 signum
887 923 1091 953 exercendae

266 965 350 995 fidei.
408 965 498 996 Haec
521 965 657 996 recitavi
691 970 726 994 ut
759 964 960 1005 intelligatur
994 965 1091 995 fidem

265 1008 476 1047 praecipuum
500 1018 583 1047 opus
607 1016 703 1043 6556,
726 1012 757 1036 61
781 1008 917 1047 gignere
940 1006 1005 1037 alia
1027 1008 1091 1046 spi-

266 1048 393 1079 ritualia
429 1059 540 1089 opera.
587 1048 759 1079 Caeterum
800 1049 841 1079 de
870 1049 1017 1080 secluida
1045 1055 1091 1079 ta-

265 1090 343 1122 bula
366 1092 486 1122 dictum
509 1096 559 1122 est
582 1100 681 1130 supra
697 1091 743 1130 3ὅ)
768 1091 809 1120 (16
832 1090 918 1131 lege.

309 1133 405 1168 Quod
429 1139 538 1164 autem
561 1132 646 1164 solet
669 1133 742 1162 dici.
789 1133 868 1163 Fide
896 1132 1022 1173 impleri
1046 1132 1091 1163 lo-

265 1186 358 1216 gem,
388 1175 424 1205 ld
452 1175 623 1216 dupliciter
646 1172 893 1216 intelligendum
922 1181 990 1213 est,
1021 1175 1091 1205 Pri-

265 1229 352 1248 mum
391 1219 590 1259 imputative.
632 1218 707 1258 quia
751 1228 823 1248 cum
862 1219 1025 1248 credimus
1059 1219 1090 1248 in

265 1259 431 1291 Christum
453 1261 630 1300 imputatur
652 1261 747 1290 nobis
771 1260 892 1290 iustitia
921 1271 960 1291 ac
985 1261 1012 1290 si
1035 1261 1091 1290 im-

266 1302 453 1342 plessemus
482 1302 599 1343 legem.
651 1301 692 1331 Et
721 1301 774 1331 hic
810 1308 861 1333 est
894 1303 1091 1343 praecipuus

266 1343 451 1375 intellectus
475 1343 571 1375 huius
595 1345 787 1375 sententiae.
821 1344 949 1375 Deinde
982 1351 1091 1385 potest

267 1387 364 1417 etiam
384 1387 533 1417 effective
557 1386 693 1427 intelligi
723 1388 798 1427 quia
827 1388 889 1417 nisi
913 1388 977 1417 fide.
1000 1389 1091 1427 prius

266 1430 309 1459 sit
339 1435 490 1469 exempta
519 1430 676 1460 dubitatio
706 1440 772 1459 non
799 1435 909 1469 potest
932 1429 987 1460 lex
1010 1429 1090 1459 fieri.

266 1471 337 1502 Lex
359 1472 443 1501 enim
461 1482 525 1502 non
551 1473 648 1501 docet
670 1482 733 1501 nos
756 1473 859 1512 gratis
879 1473 941 1502 deo
960 1471 1092 1511 placere

268 1514 326 1543 sed
351 1515 484 1554 requirit
510 1514 729 1544 conditionem
747 1513 915 1554 perfectae
939 1515 1092 1545 obedien—

268 1556 349 1592 tiae,
373 1556 432 1585 sed
455 1561 629 1597 postquam
653 1566 693 1586 ex
716 1555 899 1597 Evangelio
923 1557 1092 1587 didicimus

267 1607 330 1628 nos
361 1598 464 1638 gratis
494 1599 555 1628 deo
586 1597 720 1639 placere
746 1605 882 1638 propter
917 1597 1093 1636 Christum,

268 1646 345 1670 tunc
376 1640 460 1670 fides
490 1641 632 1670 existere
665 1646 774 1681 potest
804 1646 836 1671 et
864 1640 899 1670 fit
927 1640 1092 1671 inchoatio

269 1683 430 1723 quaedam
445 1683 491 1722 39)
515 1683 609 1723 primi
633 1683 817 1723 praecepti,
846 1689 878 1714 et
908 1684 992 1723 parit
1016 1683 1094 1714 dile-

269 1725 409 1755 ctionem
433 1725 484 1755 dei
507 1730 539 1755 et
562 1726 812 1756 invocationem.

268 1821 341 1860 De
382 1821 636 1874 dignitate
678 1823 921 1861 bonorum
968 1837 1093 1876 ope—

418 1895 519 1920 rum
553 1881 631 1920 vel
663 1882 720 1920 de
752 1882 944 1920 merito.

313 1970 408 2001 Nunc
438 1971 537 2012 igitur
567 1971 607 2001 de
641 1971 797 2011 dignitate
828 1972 988 2001 bonorum
1018 1982 1094 2011 ope-

272 2024 341 2044 111111
366 2014 521 2044 dicamus.
545 2023 646 2053 supra
669 2014 754 2044 enim
778 2014 917 2044 diximus.
941 2015 981 2044 (16

358 2057 414 2092 4⁰7).
459 2055 529 2085 Etsi
559 2056 708 2086 remissio
740 2061 952 2097 pcccatomm
982 2056 1094 2086 iustifi-

274 2098 358 2128 catio
380 2108 544 2137 personae
574 2103 606 2128 et
628 2099 802 2138 promissio
827 2099 914 2129 vitae
939 2104 1095 2129 aeternae

273 2141 405 2171 donatio
437 2146 487 2170 est
516 2150 578 2170 nec
606 2141 727 2181 pendet
753 2151 793 2171 ex
830 2141 1016 2172 conditione
1050 2142 1095 2172 di-

273 2182 406 2224 gnitatis
429 2187 582 2220 nostrae,
610 2188 645 2213 ut
668 2184 730 2214 deo
754 2182 828 2215 laus
851 2184 1096 2214 misericordiae

273 2225 380 2256 debita
405 2224 566 2256 tribuatur
590 2230 623 2256 et
635 2225 754 2256 Christi
778 2226 972 2257 beneficium
995 2236 1095 2267 agno-

119 2363 164 2391 38)
186 2362 270 2420 ἰκέῂίῐῖἱι
284 2362 328 2387 Ms.
348 2362 468 2391 exiguum
487 2362 535 2387 loci
555 2361 586 2386 de
605 2362 663 2392 lege
676 2363 728 2393 Dei,
747 2363 920 2393 fragmentum
934 2364 1031 2387 tantum
1052 2368 1095 2387 ex-

206 2403 213 2420 1
233 2402 245 2420 e
266 2415 270 2420 .

121 2446 166 2477 39)
186 2446 310 2472 inchoatio
329 2447 466 2477 quaedam]
485 2448 528 2472 MS.
538 2447 646 2477 primum
664 2448 777 2472 exhibuit
791 2453 863 2478 opus
879 2447 925 2472 sed
935 2449 1093 2477 expunctum.

119 2497 165 2526 40)
186 2498 299 2527 Spatium
318 2498 342 2522 in
360 2498 405 2523 Ms.
422 2497 463 2522 hic
481 2503 588 2522 vacuum
607 2498 722 2522 relictum
748 2504 833 2522 nonne
856 2498 941 2522 verbis
965 2498 1092 2522 necessi-

188 2533 250 2555 tate
267 2537 389 2563 operum
408 2532 478 2556 recte
495 2531 628 2561 repletur?

1132 206 1245 233 scatur
1269 208 1301 233 et
1323 203 1503 234 retineatur
1526 202 1700 238 certitudo,
1722 206 1831 231 tamen
1855 209 1955 240 opera

1131 245 1164 274 in
1194 244 1416 276 reconciliatis
1444 246 1508 275 iam
1536 245 1658 275 habent
1687 242 1829 283 aliquam
1854 243 1956 284 digni-

1132 292 1231 317 tatem
1261 293 1292 318 et
1326 293 1402 318 sunt
1430 288 1606 318 meritoria.
1652 286 1703 317 Ac
1737 295 1878 316 necesse
1907 290 1957 315 est

1132 329 1218 359 hanc
1238 330 1426 370 dignitatem
1451 336 1483 360 et
1506 328 1689 370 intelligere
1717 334 1749 358 et
1774 337 1894 359 ornare
1916 328 1958 358 ad

1134 371 1272 413 gloriam
1312 373 1373 403 dei.
1418 372 1574 414 Dignitas
1608 377 1657 402 est
1698 371 1786 412 quod
1826 369 1957 410 placent

1135 415 1216 451 deo,
1247 424 1313 444 non
1348 415 1479 455 quidem
1501 416 1506 436 ¹
1531 420 1667 455 propter
1689 414 1855 453 propriam
1886 423 1959 453 per-

1134 455 1309 487 fectionem
1333 457 1394 487 sed
1417 457 1493 496 quia
1522 466 1667 496 persona
1691 462 1741 486 est
1770 457 1801 485 in
1825 454 1957 485 Christo

1135 500 1273 538 Oportet
1311 500 1395 529 enim
1429 499 1631 538 praecedere
1659 496 1959 528 reconciliationem

1133 547 1167 572 ut
1190 542 1282 581 prius
1302 540 1482 571 efficiamur
1506 540 1562 571 tilii
1589 546 1621 570 et
1645 550 1887 581 consequamur
1909 540 1959 570 ius

1134 582 1267 623 aliquod
1296 589 1331 613 ut
1360 584 1404 613 ita
1428 584 1553 622 dicam,
1580 593 1638 613 cur
1665 588 1784 622 postea
1806 582 1959 622 placeant

1135 635 1247 665 opcra.
1293 626 1397 655 Ornat
1426 625 1523 665 igitur
1556 626 1721 664 scriptura
1761 624 1960 655 afflictiones

1135 673 1167 698 et
1197 677 1300 707 opera
1325 673 1515 698 sanctorum
1543 666 1883 698 honorificentissimis
1914 667 1960 697 di-

1135 710 1214 747 ctis,
1248 715 1347 740 vocat
1380 709 1552 740 sacrificia.
1619 709 1690 740 Nec
1730 719 1811 740 vero
1849 715 1962 749 potest

1134 753 1238 782 maior
1271 751 1379 783 honos
1408 753 1506 783 tribui
1536 753 1690 791 operibus
1726 762 1823 792 quam
1853 751 1960 782 honos

1135 794 1298 825 sacrificii.
1343 794 1451 825 Vocat
1481 795 1578 825 fidem
1601 794 1806 825 sacrificium.
1838 794 1906 831 [Ps.
1928 794 1960 831 4,

1134 837 1177 875 6.]
1225 836 1418 867 Sacrificate
1441 836 1637 868 sacrificium
1659 838 1801 867 iustitiae
1831 843 1862 867 et
1886 846 1960 876 spe-

1135 885 1206 910 rate
1229 880 1260 909 in
1285 880 1449 910 dominum
1473 886 1535 910 etc.
1570 879 1630 911 Hic
1648 880 1733 910 enim
1752 885 1850 909 vocat
1868 889 1959 919 spem

1135 932 1196 952 seu
1219 922 1315 952 fidem
1338 923 1457 952 iustum
1481 922 1689 952 sacrificium.
1734 921 1786 952 De
1810 920 1960 952 afflictio-

1135 965 1231 994 nibus
1261 965 1363 1005 inquit
1392 964 1447 994 Ps.
1472 964 1539 1002 [51‚
1564 964 1611 995 19.
1638 963 1680 995 al.
1705 964 1758 1001 50,
1784 964 1849 1002 Is]
1900 964 1959 995 Sa-

1136 1006 1293 1036 crificium
1318 1007 1380 1037 deo
1401 1012 1463 1037 etc.
1509 1007 1588 1037 Item
1614 1005 1679 1043 [Ps.
1707 1006 1779 1043 116,
1805 1006 1854 1036 14.
1880 1005 1958 1044 15.:]

1136 1048 1224 1078 Vota
1246 1059 1319 1079 mea
1342 1049 1478 1078 reddam
1507 1049 1658 1086 domino,
1687 1049 1841 1089 preciosa
1869 1057 1959 1078 mors

1136 1096 1198 1121 etc.
1245 1091 1324 1121 Item
1348 1092 1388 1121 (16
1411 1091 1621 1121 invocatione
1644 1091 1697 1122 Ps.
1725 1091 1792 1130 [49‚
1818 1090 1880 1130 15]
1911 1090 1960 1121 ln-

1136 1143 1221 1163 voca
1244 1144 1296 1164 me
1318 1134 1350 1163 in
1374 1134 1426 1164 die
1450 1132 1667 1164 tribulationis
1692 1140 1754 1165 etc.
1786 1133 1865 1164 Item
1876 1132 1959 1164 Heb.

1136 1175 1222 1205 Xlll.
1255 1178 1319 1214 [vs.
1342 1175 1405 1213 15.]
1448 1176 1513 1206 Per
1546 1177 1653 1216 ipsum
1687 1176 1862 1207 offeramus
1897 1182 1959 1207 etc.

1135 1217 1214 1248 116111
1237 1218 1277 1248 (16
1301 1217 1418 1249 officiis
1443 1229 1524 1260 erga
1545 1219 1729 1259 proximum
1751 1218 1873 1249 Ibidem
1898 1222 1959 1257 [vs.

1138 1260 1201 1298 m]
1225 1259 1324 1291 Tales
1348 1260 1478 1291 hostiae
1503 1262 1586 1291 bene
1608 1260 1740 1301 placent
1762 1262 1835 1292 (160.
1882 1261 1961 1292 Item

1135 1302 1254 1332 Petrus
1278 1308 1375 1333 vocat
1398 1313 1460 1333 nos
1489 1309 1641 1334 sanctum
1663 1304 1901 1341 sacerdotium,
1930 1310 1960 1335 et

1135 1345 1179 1374 ait
1191 1355 1253 1374 nos
1267 1346 1463 1375 constitutos
1478 1355 1553 1376 esse
1560 1347 1601 1376 ad
1612 1346 1796 1377 offerendas
1810 1347 1960 1386 spiritua-

1134 1386 1185 1417 les
1210 1387 1348 1418 hostias.
1393 1387 1435 1418 Et
1463 1387 1517 1418 hic
1545 1390 1700 1428 operibus
1729 1390 1886 1429 promittit
1914 1390 1960 1420 in—

1137 1431 1247 1470 gentia
1265 1431 1411 1470 praemia
1433 1430 1617 1470 corporalia
1641 1437 1671 1462 et
1695 1431 1876 1473 spiritualia
1905 1431 1958 1462 hic

1137 1478 1168 1502 et
1187 1472 1219 1502 in
1243 1471 1364 1509 futuro,
1384 1473 1469 1503 sicut
1493 1474 1574 1504 dixit
1598 1475 1731 1515 egregie
1754 1473 1876 1505 Paulus
1890 1474 1960 1505 Pie-

1136 1520 1186 1545 tas
1211 1514 1310 1545 habet
1334 1516 1571 1555 promissiones
1595 1522 1656 1547 etc.

1366 1607 1418 1639 De
1440 1610 1726 1649 promissionibus·

1179 1674 1255 1705 Alia
1279 1681 1329 1705 est
1351 1677 1526 1715 promissio
1552 1677 1678 1718 gratiae
1701 1678 1721 1708 i.
1736 1687 1763 1708 e.
1777 1677 1958 1719 Evangelii.

1137 1715 1232 1747 Aliae
1255 1716 1452 1756 pollicentur
1474 1719 1561 1749 bona
1585 1719 1776 1759 temporalia
1799 1730 1880 1761 quas
1904 1731 1959 1752 vo-

1138 1770 1249 1789 camus
1273 1758 1410 1800 legaleS.
1456 1760 1538 1791 Cum
1559 1767 1667 1792 autem
1689 1761 1755 1803 legi
1777 1773 1844 1793 non
1866 1764 1960 1793 satis—

1138 1800 1295 1832 faciamus
1320 1812 1382 1832 nec
1406 1803 1493 1833 bona
1517 1813 1618 1843 opera
1640 1803 1793 1844 placeant
1817 1805 1878 1835 deo
1897 1806 1958 1836 nisi

1138 1845 1169 1874 111
1193 1843 1431 1882 reconciliatiS,
1454 1844 1551 1876 facile
1574 1846 1709 1887 intelligi
1738 1853 1848 1887 potest
1870 1846 1959 1889 lega—

1137 1885 1186 1916 les
1210 1888 1449 1926 promissiones
1474 1888 1581 1918 irritas
1605 1899 1682 1920 esse
1706 1890 1767 1919 nisi
1786 1890 1876 1929 prius
1896 1890 1959 1920 fide

1138 1928 1339 1959 reconciliati
1364 1940 1404 1959 ac
1433 1931 1507 1959 iusti
1533 1931 1644 1960 simus.
1689 1931 1869 1972 Postquam
1901 1933 1959 1973 igi-

1138 1977 1189 2001 tur
1213 1970 1414 2002 reconciliati
1440 1974 1698 2012 pronunciantur
1726 1974 1801 2004 iusti
1823 1974 1959 2014 perinde

1116 2024 1178 2044 *ac
1212 2014 1239 2044 si
1273 2013 1339 2054 legi
1373 2013 1635 2052 satisfecissent,
1676 2015 1808 2055 placent
1849 2026 1959 2046 eorum

1139 2066 1240 2096 opera
1264 2057 1325 2086 deo
1350 2061 1380 2086 et
1404 2062 1569 2087 merentur
1592 2059 1756 2097 promissa
1776 2060 1779 2087 1
1803 2059 1959 2097 praemia,

1138 2109 1204 2128 non
1235 2099 1310 2139 quia
1340 2097 1406 2138 legi
1436 2098 1659 2137 satisfaciunt,
1688 2101 1747 2130 sed
1778 2100 1853 2141 quia
1885 2110 1957 2140 per-

1139 2151 1222 2171 sona
1255 2139 1365 2181 placet
1404 2147 1540 2181 propter
1570 2141 1734 2173 Christum
1774 2148 1837 2173 etc.
1882 2142 1958 2173 Ideo

1138 2183 1256 2214 Petms
1280 2184 1401 2213 diserte
1423 2183 1478 2221 ait,
1502 2183 1616 2214 offerte
1636 2183 1821 2225 spirituales
1834 2183 1959 2215 hostias

1138 2231 1293 2266 acceptas
1318 2226 1379 2255 deo
1404 2236 1463 2265 per
1486 2225 1594 2256 Iesum
1617 2226 1793 2264 Christum,
1816 2226 1851 2256 Id
1876 2228 1960 2257 enim

1138 2268 1227 2298 addit
1254 2273 1289 2298 ut
1318 2268 1460 2298 sciamus
1492 2278 1593 2308 opera
1620 2278 1688 2298 non
1713 2278 1790 2299 esse
1823 2275 1958 2308 accepta

1137 2316 1271 2350 propter
1301 2310 1465 2350 propriam
1497 2311 1695 2350 dignitatem.
1746 2310 1867 2341 Valent
1901 2311 1959 2351 igi-

1137 2359 1190 2383 tur
1212 2353 1447 2392 promissiones
1478 2351 1613 2392 legales·
1642 2352 1708 2382 hoc
1731 2358 1781 2383 est
1804 2353 1957 2393 operibus

1137 2396 1285 2430 additae,
1309 2395 1369 2425 sed
1391 2395 1436 2425 ita
1464 2395 1493 2424 si
1516 2395 1606 2434 prius
1629 2400 1798 2425 teneamus
1822 2395 1958 2435 promis-

1138 2439 1249 2467 siones
1273 2436 1466 2467 beneficitun
1480 2435 1600 2466 Christi
1623 2437 1692 2467 sive
1710 2437 1958 2477 promissionem

1136 2477 1384 2520 Evangelio-am.
1430 2478 1565 2519 Loquor
1588 2484 1696 2509 autem
1713 2480 1752 2510 de
1772 2479 1959 2519 promissio-

1136 2522 1232 2552 nibus
1257 2519 1466 2563 generalibus
1489 2530 1572 2561 quae
1600 2521 1640 2552 ad
1669 2531 1782 2554 omnes
1812 2521 1958 2552 homines

1996 423 2036 452 59,

1996 2070 2036 2099 59,

2047 106 2109 138 314

2056 429 2077 447 ἃ.
