<?xml version="1.0" encoding="UTF-8"?>
<!DOCTYPE html PUBLIC "-//W3C//DTD XHTML 1.0 Transitional//EN"
    "http://www.w3.org/TR/xhtml1/DTD/xhtml1-transitional.dtd">
<html xmlns="http://www.w3.org/1999/xhtml" xml:lang="en" lang="en">
 <head>
  <title>
</title>
<meta http-equiv="Content-Type" content="text/html;charset=utf-8" />
  <meta name='ocr-system' content='tesseract 3.04.00' />
  <meta name='ocr-capabilities' content='ocr_page ocr_carea ocr_par ocr_line ocrx_word'/>
</head>
<body>
  <div class='ocr_page' id='page_1' title='image "./operaquaesupersu21melauoft_0351.png"; bbox 0 0 2358 2933; ppageno 0'>
   <div class='ocr_carea' id='block_1_1' title="bbox 103 94 168 127">
    <p class='ocr_par' dir='ltr' id='par_1_1' title="bbox 103 94 168 127">
     <span class='ocr_line' id='line_1_1' title="bbox 103 94 168 127; baseline -0.015 0"><span class='ocrx_word' id='word_1_1' title='bbox 103 94 168 127; x_wconf 84' lang='lat'>673</span> 
     </span>
    </p>
   </div>
   <div class='ocr_carea' id='block_1_2' title="bbox 106 180 1108 227">
    <p class='ocr_par' dir='ltr' id='par_1_2' title="bbox 106 180 1108 227">
     <span class='ocr_line' id='line_1_2' title="bbox 106 180 1108 227; baseline -0.006 -8"><span class='ocrx_word' id='word_1_2' title='bbox 106 189 146 218; x_wconf 89' lang='lat' dir='ltr'>de</span> <span class='ocrx_word' id='word_1_3' title='bbox 168 192 308 227; x_wconf 85' lang='lat' dir='ltr'>peccato</span> <span class='ocrx_word' id='word_1_4' title='bbox 332 185 468 226; x_wconf 76' lang='lat' dir='ltr'>originis</span> <span class='ocrx_word' id='word_1_5' title='bbox 492 189 631 224; x_wconf 81' lang='lat' dir='ltr'>negant,</span> <span class='ocrx_word' id='word_1_6' title='bbox 660 183 791 213; x_wconf 92' lang='lat' dir='ltr'>nomine</span> <span class='ocrx_word' id='word_1_7' title='bbox 819 182 916 212; x_wconf 89' lang='lat' dir='ltr'>etiam</span> <span class='ocrx_word' id='word_1_8' title='bbox 940 180 1082 213; x_wconf 83' lang='lat' dir='ltr'>sublato¹</span> <span class='ocrx_word' id='word_1_9' title='bbox 1104 186 1108 191; x_wconf 65' lang='lat'><strong><em>⁴</em></strong></span> 
     </span>
    </p>
   </div>
   <div class='ocr_carea' id='block_1_3' title="bbox 103 223 1088 2566">
    <p class='ocr_par' dir='ltr' id='par_1_3' title="bbox 104 223 1086 684">
     <span class='ocr_line' id='line_1_3' title="bbox 104 223 1083 267; baseline -0.008 -6"><span class='ocrx_word' id='word_1_10' title='bbox 104 229 288 267; x_wconf 88' lang='lat' dir='ltr'>Recentes,</span> <span class='ocrx_word' id='word_1_11' title='bbox 315 232 351 259; x_wconf 90' lang='lat' dir='ltr'>ut</span> <span class='ocrx_word' id='word_1_12' title='bbox 374 227 499 257; x_wconf 86' lang='lat' dir='ltr'>Occam</span> <span class='ocrx_word' id='word_1_13' title='bbox 527 231 560 256; x_wconf 89' lang='lat' dir='ltr'>et</span> <span class='ocrx_word' id='word_1_14' title='bbox 582 224 676 256; x_wconf 90' lang='lat' dir='ltr'>multi</span> <span class='ocrx_word' id='word_1_15' title='bbox 697 223 771 262; x_wconf 88' lang='lat' dir='ltr'>alii,</span> <span class='ocrx_word' id='word_1_16' title='bbox 799 233 919 254; x_wconf 88' lang='lat' dir='ltr'>nomen</span> <span class='ocrx_word' id='word_1_17' title='bbox 943 224 1083 254; x_wconf 84' lang='lat' dir='ltr'>retinent</span> 
     </span>
     <span class='ocr_line' id='line_1_4' title="bbox 104 265 1084 313; baseline -0.006 -10"><span class='ocrx_word' id='word_1_18' title='bbox 104 272 233 313; x_wconf 87' lang='lat' dir='ltr'>peccati</span> <span class='ocrx_word' id='word_1_19' title='bbox 256 267 440 312; x_wconf 81' lang='lat' dir='ltr'>originalis,</span> <span class='ocrx_word' id='word_1_20' title='bbox 463 268 524 299; x_wconf 88' lang='lat' dir='ltr'>sed</span> <span class='ocrx_word' id='word_1_21' title='bbox 546 278 616 299; x_wconf 88' lang='lat' dir='ltr'>rem</span> <span class='ocrx_word' id='word_1_22' title='bbox 639 272 824 299; x_wconf 80' lang='lat' dir='ltr'>extenuant.</span> <span class='ocrx_word' id='word_1_23' title='bbox 870 265 1002 307; x_wconf 83' lang='lat' dir='ltr'><strong>Negant</strong></span> <span class='ocrx_word' id='word_1_24' title='bbox 1026 265 1084 297; x_wconf 90' lang='lat' dir='ltr'>illa</span> 
     </span>
     <span class='ocr_line' id='line_1_5' title="bbox 104 307 1084 354; baseline -0.008 -9"><span class='ocrx_word' id='word_1_25' title='bbox 104 312 192 346; x_wconf 87' lang='lat' dir='ltr'>mala</span> <span class='ocrx_word' id='word_1_26' title='bbox 214 323 291 344; x_wconf 88' lang='lat' dir='ltr'>esse</span> <span class='ocrx_word' id='word_1_27' title='bbox 312 321 367 343; x_wconf 87' lang='lat' dir='ltr'>res</span> <span class='ocrx_word' id='word_1_28' title='bbox 390 317 576 354; x_wconf 79' lang='lat' dir='ltr'>pugnantes</span> <span class='ocrx_word' id='word_1_29' title='bbox 600 320 674 341; x_wconf 89' lang='lat' dir='ltr'>cum</span> <span class='ocrx_word' id='word_1_30' title='bbox 697 309 788 351; x_wconf 82' lang='lat' dir='ltr'>Lege</span> <span class='ocrx_word' id='word_1_31' title='bbox 810 307 885 345; x_wconf 85' lang='lat' dir='ltr'>Dei,</span> <span class='ocrx_word' id='word_1_32' title='bbox 910 307 1084 349; x_wconf 86' lang='lat' dir='ltr'>caliginem</span> 
     </span>
     <span class='ocr_line' id='line_1_6' title="bbox 105 351 1085 393; baseline -0.007 -6"><span class='ocrx_word' id='word_1_33' title='bbox 105 351 142 387; x_wconf 86' lang='lat' dir='ltr'>in</span> <span class='ocrx_word' id='word_1_34' title='bbox 159 360 279 393; x_wconf 84' lang='lat' dir='ltr'>mente,</span> <span class='ocrx_word' id='word_1_35' title='bbox 303 354 544 386; x_wconf 79' lang='lat' dir='ltr'>contumaciam</span> <span class='ocrx_word' id='word_1_36' title='bbox 565 354 597 384; x_wconf 89' lang='lat' dir='ltr'>in</span> <span class='ocrx_word' id='word_1_37' title='bbox 622 351 791 384; x_wconf 88' lang='lat' dir='ltr'>voluntate</span> <span class='ocrx_word' id='word_1_38' title='bbox 810 357 841 381; x_wconf 90' lang='lat' dir='ltr'>et</span> <span class='ocrx_word' id='word_1_39' title='bbox 864 351 976 388; x_wconf 91' lang='lat' dir='ltr'>corde,</span> <span class='ocrx_word' id='word_1_40' title='bbox 999 360 1085 390; x_wconf 88' lang='lat' dir='ltr'>quae</span> 
     </span>
     <span class='ocr_line' id='line_1_7' title="bbox 106 391 1085 438; baseline -0.006 -9"><span class='ocrx_word' id='word_1_41' title='bbox 106 403 243 429; x_wconf 89' lang='lat' dir='ltr'>vocatur</span> <span class='ocrx_word' id='word_1_42' title='bbox 262 397 543 438; x_wconf 88' lang='lat' dir='ltr'>concupiscentia.</span> <span class='ocrx_word' id='word_1_43' title='bbox 579 395 646 427; x_wconf 85' lang='lat' dir='ltr'>Sed</span> <span class='ocrx_word' id='word_1_44' title='bbox 663 399 777 435; x_wconf 90' lang='lat' dir='ltr'>aperte</span> <span class='ocrx_word' id='word_1_45' title='bbox 796 391 979 424; x_wconf 79' lang='lat' dir='ltr'>refutantur</span> <span class='ocrx_word' id='word_1_46' title='bbox 990 391 1085 423; x_wconf 91' lang='lat' dir='ltr'>Pauli</span> 
     </span>
     <span class='ocr_line' id='line_1_8' title="bbox 105 433 1085 476; baseline -0.006 -5"><span class='ocrx_word' id='word_1_47' title='bbox 105 440 292 471; x_wconf 89' lang='lat' dir='ltr'>testimonio</span> <span class='ocrx_word' id='word_1_48' title='bbox 314 439 408 470; x_wconf 91' lang='lat' dir='ltr'>Rom.</span> <span class='ocrx_word' id='word_1_49' title='bbox 433 440 464 470; x_wconf 89' lang='lat'>7.</span> <span class='ocrx_word' id='word_1_50' title='bbox 490 441 553 476; x_wconf 78' lang='lat' dir='ltr'>[vS.</span> <span class='ocrx_word' id='word_1_51' title='bbox 577 438 644 475; x_wconf 61' lang='lat'>23]</span> <span class='ocrx_word' id='word_1_52' title='bbox 670 443 701 467; x_wconf 90' lang='lat' dir='ltr'>et</span> <span class='ocrx_word' id='word_1_53' title='bbox 723 436 754 467; x_wconf 83' lang='lat' dir='ltr'>S.</span> <span class='ocrx_word' id='word_1_54' title='bbox 780 438 843 473; x_wconf 75' lang='lat' dir='ltr'>svs,</span> <span class='ocrx_word' id='word_1_55' title='bbox 867 435 911 473; x_wconf 82' lang='lat' dir='ltr'>7.l</span> <span class='ocrx_word' id='word_1_56' title='bbox 942 442 977 466; x_wconf 89' lang='lat' dir='ltr'>ut</span> <span class='ocrx_word' id='word_1_57' title='bbox 1000 433 1085 466; x_wconf 88' lang='lat' dir='ltr'>infra</span> 
     </span>
     <span class='ocr_line' id='line_1_9' title="bbox 104 478 1085 523; baseline -0.006 -9"><span class='ocrx_word' id='word_1_58' title='bbox 104 492 221 514; x_wconf 90' lang='lat' dir='ltr'>rursus</span> <span class='ocrx_word' id='word_1_59' title='bbox 245 483 362 513; x_wconf 88' lang='lat' dir='ltr'>dicam.</span> <span class='ocrx_word' id='word_1_60' title='bbox 408 482 473 523; x_wconf 88' lang='lat' dir='ltr'>Ipsi</span> <span class='ocrx_word' id='word_1_61' title='bbox 500 480 584 511; x_wconf 87' lang='lat' dir='ltr'>haec</span> <span class='ocrx_word' id='word_1_62' title='bbox 611 478 700 510; x_wconf 86' lang='lat' dir='ltr'>mala</span> <span class='ocrx_word' id='word_1_63' title='bbox 730 483 854 509; x_wconf 80' lang='lat' dir='ltr'>tantum</span> <span class='ocrx_word' id='word_1_64' title='bbox 877 487 1004 518; x_wconf 88' lang='lat' dir='ltr'>poenas</span> <span class='ocrx_word' id='word_1_65' title='bbox 1027 487 1085 509; x_wconf 85' lang='lat' dir='ltr'>vo-</span> 
     </span>
     <span class='ocr_line' id='line_1_10' title="bbox 105 520 1084 566; baseline -0.006 -10"><span class='ocrx_word' id='word_1_66' title='bbox 105 531 180 556; x_wconf 90' lang='lat' dir='ltr'>cant</span> <span class='ocrx_word' id='word_1_67' title='bbox 201 525 331 566; x_wconf 89' lang='lat' dir='ltr'>peccati</span> <span class='ocrx_word' id='word_1_68' title='bbox 354 525 508 566; x_wconf 87' lang='lat' dir='ltr'>originis,</span> <span class='ocrx_word' id='word_1_69' title='bbox 537 533 610 554; x_wconf 89' lang='lat' dir='ltr'>cum</span> <span class='ocrx_word' id='word_1_70' title='bbox 638 520 734 553; x_wconf 87' lang='lat' dir='ltr'>simul</span> <span class='ocrx_word' id='word_1_71' title='bbox 753 521 818 550; x_wconf 88' lang='lat' dir='ltr'>sint</span> <span class='ocrx_word' id='word_1_72' title='bbox 840 529 968 560; x_wconf 87' lang='lat' dir='ltr'>poenae</span> <span class='ocrx_word' id='word_1_73' title='bbox 990 520 1084 561; x_wconf 87' lang='lat' dir='ltr'>primi</span> 
     </span>
     <span class='ocr_line' id='line_1_11' title="bbox 104 562 1086 609; baseline -0.004 -12"><span class='ocrx_word' id='word_1_74' title='bbox 104 567 220 609; x_wconf 85' lang='lat' dir='ltr'>lapsus</span> <span class='ocrx_word' id='word_1_75' title='bbox 243 573 275 598; x_wconf 90' lang='lat' dir='ltr'>et</span> <span class='ocrx_word' id='word_1_76' title='bbox 297 574 437 607; x_wconf 87' lang='lat' dir='ltr'>peccata</span> <span class='ocrx_word' id='word_1_77' title='bbox 459 566 493 596; x_wconf 88' lang='lat' dir='ltr'>in</span> <span class='ocrx_word' id='word_1_78' title='bbox 516 563 655 606; x_wconf 81' lang='lat' dir='ltr'>singulis</span> <span class='ocrx_word' id='word_1_79' title='bbox 672 563 896 595; x_wconf 84' lang='lat' dir='ltr'>nascentibus.</span> <span class='ocrx_word' id='word_1_80' title='bbox 928 562 970 593; x_wconf 91' lang='lat' dir='ltr'>Ut</span> <span class='ocrx_word' id='word_1_81' title='bbox 987 563 1086 604; x_wconf 87' lang='lat' dir='ltr'>igitur</span> 
     </span>
     <span class='ocr_line' id='line_1_12' title="bbox 105 605 1086 650; baseline -0.006 -9"><span class='ocrx_word' id='word_1_82' title='bbox 105 617 176 641; x_wconf 90' lang='lat' dir='ltr'>tota</span> <span class='ocrx_word' id='word_1_83' title='bbox 204 619 257 640; x_wconf 93' lang='lat' dir='ltr'>res</span> <span class='ocrx_word' id='word_1_84' title='bbox 281 610 386 650; x_wconf 86' lang='lat' dir='ltr'>magis</span> <span class='ocrx_word' id='word_1_85' title='bbox 409 608 465 639; x_wconf 87' lang='lat' dir='ltr'>fiat</span> <span class='ocrx_word' id='word_1_86' title='bbox 488 607 687 648; x_wconf 88' lang='lat' dir='ltr'>perspicua,</span> <span class='ocrx_word' id='word_1_87' title='bbox 718 614 858 637; x_wconf 79' lang='lat' dir='ltr'>caussas</span> <span class='ocrx_word' id='word_1_88' title='bbox 887 612 919 636; x_wconf 92' lang='lat' dir='ltr'>et</span> <span class='ocrx_word' id='word_1_89' title='bbox 948 605 1086 636; x_wconf 86' lang='lat' dir='ltr'>effectus</span> 
     </span>
     <span class='ocr_line' id='line_1_13' title="bbox 105 653 264 684; baseline -0.006 -1"><span class='ocrx_word' id='word_1_90' title='bbox 105 653 264 684; x_wconf 78' lang='lat' dir='ltr'>recitabo.</span> 
     </span>
    </p>

    <p class='ocr_par' dir='ltr' id='par_1_4' title="bbox 104 689 1086 810">
     <span class='ocr_line' id='line_1_14' title="bbox 191 689 1086 733; baseline -0.004 -9"><span class='ocrx_word' id='word_1_91' title='bbox 191 693 343 724; x_wconf 87' lang='lat' dir='ltr'>Caussae</span> <span class='ocrx_word' id='word_1_92' title='bbox 361 691 544 723; x_wconf 82' lang='lat' dir='ltr'>efficientes</span> <span class='ocrx_word' id='word_1_93' title='bbox 567 693 707 733; x_wconf 84' lang='lat' dir='ltr'>primum</span> <span class='ocrx_word' id='word_1_94' title='bbox 726 689 855 730; x_wconf 90' lang='lat' dir='ltr'>lapsum</span> <span class='ocrx_word' id='word_1_95' title='bbox 874 696 949 721; x_wconf 88' lang='lat' dir='ltr'>sunt</span> <span class='ocrx_word' id='word_1_96' title='bbox 963 689 1086 720; x_wconf 89' lang='lat' dir='ltr'>Diabo-</span> 
     </span>
     <span class='ocr_line' id='line_1_15' title="bbox 104 731 1085 768; baseline -0.004 -2"><span class='ocrx_word' id='word_1_97' title='bbox 104 735 155 768; x_wconf 86' lang='lat' dir='ltr'>lus</span> <span class='ocrx_word' id='word_1_98' title='bbox 183 742 215 767; x_wconf 91' lang='lat' dir='ltr'>et</span> <span class='ocrx_word' id='word_1_99' title='bbox 243 734 397 766; x_wconf 85' lang='lat' dir='ltr'>voluntas</span> <span class='ocrx_word' id='word_1_100' title='bbox 426 735 522 766; x_wconf 89' lang='lat' dir='ltr'>Adae</span> <span class='ocrx_word' id='word_1_101' title='bbox 547 741 579 765; x_wconf 90' lang='lat' dir='ltr'>et</span> <span class='ocrx_word' id='word_1_102' title='bbox 609 734 700 765; x_wconf 82' lang='lat' dir='ltr'>Evae</span> <span class='ocrx_word' id='word_1_103' title='bbox 729 733 915 764; x_wconf 86' lang='lat' dir='ltr'>assentiens</span> <span class='ocrx_word' id='word_1_104' title='bbox 940 731 1085 764; x_wconf 89' lang='lat' dir='ltr'>Diabolo</span> 
     </span>
     <span class='ocr_line' id='line_1_16' title="bbox 105 775 945 810; baseline -0.006 0"><span class='ocrx_word' id='word_1_105' title='bbox 105 789 146 810; x_wconf 89' lang='grc'>38</span> <span class='ocrx_word' id='word_1_106' title='bbox 163 784 320 809; x_wconf 81' lang='lat' dir='ltr'>avertens</span> <span class='ocrx_word' id='word_1_107' title='bbox 344 787 381 808; x_wconf 89' lang='lat' dir='ltr'>se</span> <span class='ocrx_word' id='word_1_108' title='bbox 405 788 466 808; x_wconf 89' lang='lat' dir='ltr'>sua</span> <span class='ocrx_word' id='word_1_109' title='bbox 488 775 639 807; x_wconf 89' lang='lat' dir='ltr'>libertate</span> <span class='ocrx_word' id='word_1_110' title='bbox 658 787 675 807; x_wconf 87' lang='lat' dir='ltr'>a</span> <span class='ocrx_word' id='word_1_111' title='bbox 695 776 848 806; x_wconf 88' lang='lat' dir='ltr'>mandato</span> <span class='ocrx_word' id='word_1_112' title='bbox 872 775 945 806; x_wconf 89' lang='lat' dir='ltr'>Dei.</span> 
     </span>
    </p>

    <p class='ocr_par' dir='ltr' id='par_1_5' title="bbox 104 818 1088 1235">
     <span class='ocr_line' id='line_1_17' title="bbox 190 818 1087 859; baseline -0.003 -8"><span class='ocrx_word' id='word_1_113' title='bbox 190 820 356 851; x_wconf 76' lang='lat' dir='ltr'>Dicuntur</span> <span class='ocrx_word' id='word_1_114' title='bbox 369 825 478 850; x_wconf 88' lang='lat' dir='ltr'>autem</span> <span class='ocrx_word' id='word_1_115' title='bbox 496 826 529 850; x_wconf 88' lang='lat' dir='ltr'>et</span> <span class='ocrx_word' id='word_1_116' title='bbox 546 818 729 850; x_wconf 87' lang='lat' dir='ltr'>efficientes</span> <span class='ocrx_word' id='word_1_117' title='bbox 743 827 898 855; x_wconf 78' lang='lat' dir='ltr'>caussae,</span> <span class='ocrx_word' id='word_1_118' title='bbox 918 828 1003 859; x_wconf 90' lang='lat' dir='ltr'>quae</span> <span class='ocrx_word' id='word_1_119' title='bbox 1022 827 1087 848; x_wconf 91' lang='lat' dir='ltr'>me-</span> 
     </span>
     <span class='ocr_line' id='line_1_18' title="bbox 104 858 1088 904; baseline -0.005 -9"><span class='ocrx_word' id='word_1_120' title='bbox 104 870 217 895; x_wconf 83' lang='lat' dir='ltr'>rentur</span> <span class='ocrx_word' id='word_1_121' title='bbox 240 862 371 904; x_wconf 82' lang='lat' dir='ltr'>aliquid.</span> <span class='ocrx_word' id='word_1_122' title='bbox 405 862 461 894; x_wconf 89' lang='lat' dir='ltr'>Sic</span> <span class='ocrx_word' id='word_1_123' title='bbox 484 862 592 893; x_wconf 88' lang='lat' dir='ltr'>Adam</span> <span class='ocrx_word' id='word_1_124' title='bbox 611 867 641 892; x_wconf 90' lang='lat' dir='ltr'>et</span> <span class='ocrx_word' id='word_1_125' title='bbox 659 862 729 892; x_wconf 82' lang='lat' dir='ltr'>Eva</span> <span class='ocrx_word' id='word_1_126' title='bbox 754 866 829 891; x_wconf 88' lang='lat' dir='ltr'>sunt</span> <span class='ocrx_word' id='word_1_127' title='bbox 853 870 993 891; x_wconf 78' lang='lat' dir='ltr'>caussae</span> <span class='ocrx_word' id='word_1_128' title='bbox 1017 858 1088 891; x_wconf 87' lang='lat' dir='ltr'>effi-</span> 
     </span>
     <span class='ocr_line' id='line_1_19' title="bbox 106 904 1085 946; baseline -0.005 -9"><span class='ocrx_word' id='word_1_129' title='bbox 106 908 247 943; x_wconf 81' lang='lat' dir='ltr'>cientes,</span> <span class='ocrx_word' id='word_1_130' title='bbox 275 906 330 946; x_wconf 88' lang='lat' dir='ltr'>qui</span> <span class='ocrx_word' id='word_1_131' title='bbox 359 905 421 936; x_wconf 84' lang='lat' dir='ltr'>sibi</span> <span class='ocrx_word' id='word_1_132' title='bbox 450 911 481 935; x_wconf 90' lang='lat' dir='ltr'>et</span> <span class='ocrx_word' id='word_1_133' title='bbox 511 905 650 945; x_wconf 81' lang='lat' dir='ltr'>posteris</span> <span class='ocrx_word' id='word_1_134' title='bbox 674 904 780 934; x_wconf 87' lang='lat' dir='ltr'>meriti</span> <span class='ocrx_word' id='word_1_135' title='bbox 803 909 880 934; x_wconf 91' lang='lat' dir='ltr'>sunt</span> <span class='ocrx_word' id='word_1_136' title='bbox 904 909 1031 933; x_wconf 89' lang='lat' dir='ltr'>reatum</span> <span class='ocrx_word' id='word_1_137' title='bbox 1054 909 1085 933; x_wconf 94' lang='lat' dir='ltr'>et</span> 
     </span>
     <span class='ocr_line' id='line_1_20' title="bbox 105 944 1087 988; baseline -0.004 -9"><span class='ocrx_word' id='word_1_138' title='bbox 105 949 167 980; x_wconf 89' lang='lat' dir='ltr'>hos</span> <span class='ocrx_word' id='word_1_139' title='bbox 196 949 289 988; x_wconf 88' lang='lat' dir='ltr'>ipsos</span> <span class='ocrx_word' id='word_1_140' title='bbox 315 946 465 978; x_wconf 83' lang='lat' dir='ltr'>defectus</span> <span class='ocrx_word' id='word_1_141' title='bbox 499 957 561 978; x_wconf 87' lang='lat' dir='ltr'>seu</span> <span class='ocrx_word' id='word_1_142' title='bbox 593 947 803 987; x_wconf 81' lang='lat' dir='ltr'>pravitatem,</span> <span class='ocrx_word' id='word_1_143' title='bbox 839 955 923 986; x_wconf 88' lang='lat' dir='ltr'>quae</span> <span class='ocrx_word' id='word_1_144' title='bbox 957 944 1087 985; x_wconf 89' lang='lat' dir='ltr'>lapsum</span> 
     </span>
     <span class='ocr_line' id='line_1_21' title="bbox 106 988 1087 1030; baseline -0.005 -8"><span class='ocrx_word' id='word_1_145' title='bbox 106 997 222 1022; x_wconf 87' lang='lat' dir='ltr'>secuta</span> <span class='ocrx_word' id='word_1_146' title='bbox 244 996 307 1028; x_wconf 88' lang='lat' dir='ltr'>est,</span> <span class='ocrx_word' id='word_1_147' title='bbox 330 1000 472 1021; x_wconf 80' lang='lat' dir='ltr'>excussa</span> <span class='ocrx_word' id='word_1_148' title='bbox 497 988 570 1021; x_wconf 91' lang='lat' dir='ltr'>luce</span> <span class='ocrx_word' id='word_1_149' title='bbox 584 989 657 1020; x_wconf 91' lang='lat' dir='ltr'>Dei.</span> <span class='ocrx_word' id='word_1_150' title='bbox 691 989 870 1030; x_wconf 88' lang='lat' dir='ltr'>Postquam</span> <span class='ocrx_word' id='word_1_151' title='bbox 889 989 974 1018; x_wconf 89' lang='lat' dir='ltr'>enim</span> <span class='ocrx_word' id='word_1_152' title='bbox 992 988 1087 1027; x_wconf 89' lang='lat' dir='ltr'>primi</span> 
     </span>
     <span class='ocr_line' id='line_1_22' title="bbox 104 1029 1087 1074; baseline -0.004 -10"><span class='ocrx_word' id='word_1_153' title='bbox 104 1039 260 1074; x_wconf 89' lang='lat' dir='ltr'>parentes</span> <span class='ocrx_word' id='word_1_154' title='bbox 284 1031 507 1073; x_wconf 87' lang='lat' dir='ltr'>deliquerunt,</span> <span class='ocrx_word' id='word_1_155' title='bbox 542 1033 720 1062; x_wconf 86' lang='lat' dir='ltr'>amiserunt</span> <span class='ocrx_word' id='word_1_156' title='bbox 743 1031 870 1062; x_wconf 81' lang='lat' dir='ltr'>firmam</span> <span class='ocrx_word' id='word_1_157' title='bbox 892 1029 982 1061; x_wconf 90' lang='lat' dir='ltr'>illam</span> <span class='ocrx_word' id='word_1_158' title='bbox 1004 1030 1087 1061; x_wconf 90' lang='lat' dir='ltr'>noti-</span> 
     </span>
     <span class='ocr_line' id='line_1_23' title="bbox 106 1072 1087 1116; baseline -0.004 -10"><span class='ocrx_word' id='word_1_159' title='bbox 106 1077 182 1107; x_wconf 86' lang='lat' dir='ltr'>tiam</span> <span class='ocrx_word' id='word_1_160' title='bbox 204 1075 279 1112; x_wconf 84' lang='lat' dir='ltr'>Dei,</span> <span class='ocrx_word' id='word_1_161' title='bbox 304 1085 390 1116; x_wconf 86' lang='lat' dir='ltr'>quae</span> <span class='ocrx_word' id='word_1_162' title='bbox 413 1076 577 1106; x_wconf 86' lang='lat' dir='ltr'>mentibus</span> <span class='ocrx_word' id='word_1_163' title='bbox 600 1075 698 1105; x_wconf 88' lang='lat' dir='ltr'>insita</span> <span class='ocrx_word' id='word_1_164' title='bbox 721 1072 839 1111; x_wconf 81' lang='lat' dir='ltr'>fuerat,</span> <span class='ocrx_word' id='word_1_165' title='bbox 867 1080 898 1104; x_wconf 90' lang='lat' dir='ltr'>et</span> <span class='ocrx_word' id='word_1_166' title='bbox 922 1073 1087 1103; x_wconf 87' lang='lat' dir='ltr'>rectitudi-</span> 
     </span>
     <span class='ocr_line' id='line_1_24' title="bbox 104 1115 1088 1156; baseline -0.005 -6"><span class='ocrx_word' id='word_1_167' title='bbox 104 1128 179 1150; x_wconf 88' lang='lat' dir='ltr'>nem</span> <span class='ocrx_word' id='word_1_168' title='bbox 201 1117 380 1149; x_wconf 80' lang='lat' dir='ltr'>voluntatis</span> <span class='ocrx_word' id='word_1_169' title='bbox 412 1123 445 1147; x_wconf 90' lang='lat' dir='ltr'>et</span> <span class='ocrx_word' id='word_1_170' title='bbox 473 1118 736 1148; x_wconf 87' lang='lat' dir='ltr'>convenientiam</span> <span class='ocrx_word' id='word_1_171' title='bbox 766 1116 876 1147; x_wconf 87' lang='lat' dir='ltr'>cordis</span> <span class='ocrx_word' id='word_1_172' title='bbox 900 1126 973 1147; x_wconf 92' lang='lat' dir='ltr'>cum</span> <span class='ocrx_word' id='word_1_173' title='bbox 995 1115 1088 1156; x_wconf 87' lang='lat' dir='ltr'>Lege</span> 
     </span>
     <span class='ocr_line' id='line_1_25' title="bbox 104 1157 1088 1201; baseline -0.005 -9"><span class='ocrx_word' id='word_1_174' title='bbox 104 1160 184 1197; x_wconf 76' lang='lat' dir='ltr'>Dei3</span> <span class='ocrx_word' id='word_1_175' title='bbox 214 1166 246 1191; x_wconf 89' lang='lat' dir='ltr'>et</span> <span class='ocrx_word' id='word_1_176' title='bbox 277 1159 393 1201; x_wconf 88' lang='lat' dir='ltr'>quales</span> <span class='ocrx_word' id='word_1_177' title='bbox 421 1160 483 1200; x_wconf 88' lang='lat' dir='ltr'>ipsi</span> <span class='ocrx_word' id='word_1_178' title='bbox 506 1166 581 1200; x_wconf 91' lang='lat' dir='ltr'>post</span> <span class='ocrx_word' id='word_1_179' title='bbox 604 1158 733 1199; x_wconf 88' lang='lat' dir='ltr'>lapsum</span> <span class='ocrx_word' id='word_1_180' title='bbox 757 1165 867 1195; x_wconf 86' lang='lat' dir='ltr'>erant,</span> <span class='ocrx_word' id='word_1_181' title='bbox 905 1157 989 1189; x_wconf 87' lang='lat' dir='ltr'>tales</span> <span class='ocrx_word' id='word_1_182' title='bbox 1014 1168 1088 1198; x_wconf 84' lang='lat' dir='ltr'>pro-</span> 
     </span>
     <span class='ocr_line' id='line_1_26' title="bbox 106 1209 271 1235; baseline -0.018 0"><span class='ocrx_word' id='word_1_183' title='bbox 106 1209 271 1235; x_wconf 84' lang='lat' dir='ltr'>crearunt.</span> 
     </span>
    </p>

    <p class='ocr_par' dir='ltr' id='par_1_6' title="bbox 104 1243 1088 1583">
     <span class='ocr_line' id='line_1_27' title="bbox 190 1243 1087 1285; baseline -0.003 -10"><span class='ocrx_word' id='word_1_184' title='bbox 190 1245 255 1276; x_wconf 88' lang='lat' dir='ltr'>Ubi</span> <span class='ocrx_word' id='word_1_185' title='bbox 278 1250 329 1275; x_wconf 88' lang='lat' dir='ltr'>est</span> <span class='ocrx_word' id='word_1_186' title='bbox 352 1250 523 1284; x_wconf 83' lang='lat' dir='ltr'>peccatmn</span> <span class='ocrx_word' id='word_1_187' title='bbox 547 1244 703 1285; x_wconf 69' lang='lat' dir='ltr'>originis?</span> <span class='ocrx_word' id='word_1_188' title='bbox 731 1243 767 1274; x_wconf 90' lang='lat' dir='ltr'>ln</span> <span class='ocrx_word' id='word_1_189' title='bbox 789 1243 897 1274; x_wconf 87' lang='lat' dir='ltr'>anima</span> <span class='ocrx_word' id='word_1_190' title='bbox 920 1249 950 1273; x_wconf 89' lang='lat' dir='ltr'>et</span> <span class='ocrx_word' id='word_1_191' title='bbox 975 1243 1008 1273; x_wconf 94' lang='lat' dir='ltr'>in</span> <span class='ocrx_word' id='word_1_192' title='bbox 1030 1253 1087 1283; x_wconf 92' lang='lat' dir='ltr'>po-</span> 
     </span>
     <span class='ocr_line' id='line_1_28' title="bbox 105 1286 1088 1327; baseline -0.003 -9"><span class='ocrx_word' id='word_1_193' title='bbox 105 1288 214 1319; x_wconf 86' lang='lat' dir='ltr'>tentiis</span> <span class='ocrx_word' id='word_1_194' title='bbox 231 1287 449 1318; x_wconf 83' lang='lat' dir='ltr'>sentientibus</span> <span class='ocrx_word' id='word_1_195' title='bbox 471 1292 501 1317; x_wconf 88' lang='grc'>81</span> <span class='ocrx_word' id='word_1_196' title='bbox 526 1297 638 1317; x_wconf 89' lang='lat' dir='ltr'>earum</span> <span class='ocrx_word' id='word_1_197' title='bbox 658 1287 811 1327; x_wconf 87' lang='lat' dir='ltr'>organis;</span> <span class='ocrx_word' id='word_1_198' title='bbox 835 1286 910 1326; x_wconf 88' lang='lat' dir='ltr'>quia</span> <span class='ocrx_word' id='word_1_199' title='bbox 929 1286 961 1316; x_wconf 92' lang='lat' dir='ltr'>in</span> <span class='ocrx_word' id='word_1_200' title='bbox 980 1290 1088 1316; x_wconf 90' lang='lat' dir='ltr'>mente</span> 
     </span>
     <span class='ocr_line' id='line_1_29' title="bbox 105 1328 1086 1371; baseline -0.003 -10"><span class='ocrx_word' id='word_1_201' title='bbox 105 1337 156 1361; x_wconf 86' lang='lat' dir='ltr'>est</span> <span class='ocrx_word' id='word_1_202' title='bbox 179 1328 298 1371; x_wconf 84' lang='lat' dir='ltr'>caligo,</span> <span class='ocrx_word' id='word_1_203' title='bbox 322 1330 355 1360; x_wconf 89' lang='lat' dir='ltr'>in</span> <span class='ocrx_word' id='word_1_204' title='bbox 378 1328 549 1360; x_wconf 89' lang='lat' dir='ltr'>voluntate</span> <span class='ocrx_word' id='word_1_205' title='bbox 571 1329 705 1360; x_wconf 85' lang='lat' dir='ltr'>aversio</span> <span class='ocrx_word' id='word_1_206' title='bbox 730 1340 749 1359; x_wconf 89' lang='lat' dir='ltr'>a</span> <span class='ocrx_word' id='word_1_207' title='bbox 763 1328 849 1366; x_wconf 92' lang='lat' dir='ltr'>Deo,</span> <span class='ocrx_word' id='word_1_208' title='bbox 874 1338 967 1359; x_wconf 89' lang='lat' dir='ltr'>amor</span> <span class='ocrx_word' id='word_1_209' title='bbox 980 1328 1086 1359; x_wconf 88' lang='lat' dir='ltr'>nostri</span> 
     </span>
     <span class='ocr_line' id='line_1_30' title="bbox 104 1371 1087 1413; baseline -0.003 -9"><span class='ocrx_word' id='word_1_210' title='bbox 104 1373 309 1404; x_wconf 89' lang='lat' dir='ltr'>inordinatus</span> <span class='ocrx_word' id='word_1_211' title='bbox 344 1378 374 1402; x_wconf 86' lang='lat' dir='ltr'>et</span> <span class='ocrx_word' id='word_1_212' title='bbox 411 1371 600 1413; x_wconf 82' lang='lat' dir='ltr'>multiplex,</span> <span class='ocrx_word' id='word_1_213' title='bbox 634 1382 738 1412; x_wconf 79' lang='lat' dir='ltr'>prava</span> <span class='ocrx_word' id='word_1_214' title='bbox 772 1371 959 1408; x_wconf 75' lang='lat' dir='ltr'>inclinatio,</span> <span class='ocrx_word' id='word_1_215' title='bbox 993 1377 1024 1402; x_wconf 93' lang='lat' dir='ltr'>et</span> <span class='ocrx_word' id='word_1_216' title='bbox 1053 1371 1087 1401; x_wconf 90' lang='lat' dir='ltr'>in</span> 
     </span>
     <span class='ocr_line' id='line_1_31' title="bbox 105 1413 1085 1447; baseline -0.003 -1"><span class='ocrx_word' id='word_1_217' title='bbox 105 1416 205 1447; x_wconf 90' lang='lat' dir='ltr'>corde</span> <span class='ocrx_word' id='word_1_218' title='bbox 236 1415 442 1445; x_wconf 84' lang='lat' dir='ltr'>contumacia</span> <span class='ocrx_word' id='word_1_219' title='bbox 471 1421 587 1445; x_wconf 90' lang='lat' dir='ltr'>contra</span> <span class='ocrx_word' id='word_1_220' title='bbox 615 1421 741 1445; x_wconf 89' lang='lat' dir='ltr'>rectum</span> <span class='ocrx_word' id='word_1_221' title='bbox 770 1414 925 1445; x_wconf 90' lang='lat' dir='ltr'>iudicium</span> <span class='ocrx_word' id='word_1_222' title='bbox 955 1413 1085 1444; x_wconf 89' lang='lat' dir='ltr'>mentis.</span> 
     </span>
     <span class='ocr_line' id='line_1_32' title="bbox 105 1457 1086 1495; baseline -0.003 -6"><span class='ocrx_word' id='word_1_223' title='bbox 105 1458 153 1489; x_wconf 85' lang='lat' dir='ltr'>lta</span> <span class='ocrx_word' id='word_1_224' title='bbox 181 1457 259 1488; x_wconf 90' lang='lat' dir='ltr'>loco</span> <span class='ocrx_word' id='word_1_225' title='bbox 288 1457 413 1495; x_wconf 84' lang='lat' dir='ltr'>morbi,</span> <span class='ocrx_word' id='word_1_226' title='bbox 446 1463 482 1487; x_wconf 89' lang='lat' dir='ltr'>ut</span> <span class='ocrx_word' id='word_1_227' title='bbox 505 1458 555 1488; x_wconf 88' lang='lat' dir='ltr'>sic</span> <span class='ocrx_word' id='word_1_228' title='bbox 578 1457 702 1494; x_wconf 88' lang='lat' dir='ltr'>dicam,</span> <span class='ocrx_word' id='word_1_229' title='bbox 736 1466 798 1488; x_wconf 87' lang='lat' dir='ltr'>seu</span> <span class='ocrx_word' id='word_1_230' title='bbox 821 1457 972 1488; x_wconf 86' lang='lat' dir='ltr'>subiecto</span> <span class='ocrx_word' id='word_1_231' title='bbox 994 1467 1086 1487; x_wconf 92' lang='lat' dir='ltr'>mon-</span> 
     </span>
     <span class='ocr_line' id='line_1_33' title="bbox 105 1499 1085 1540; baseline -0.002 -9"><span class='ocrx_word' id='word_1_232' title='bbox 105 1506 222 1538; x_wconf 84' lang='lat' dir='ltr'>strato,</span> <span class='ocrx_word' id='word_1_233' title='bbox 247 1499 336 1540; x_wconf 89' lang='lat' dir='ltr'>quod</span> <span class='ocrx_word' id='word_1_234' title='bbox 353 1505 476 1531; x_wconf 84' lang='lat' dir='ltr'>vocant</span> <span class='ocrx_word' id='word_1_235' title='bbox 492 1500 661 1531; x_wconf 88' lang='lat' dir='ltr'>materiam</span> <span class='ocrx_word' id='word_1_236' title='bbox 677 1500 711 1530; x_wconf 91' lang='lat' dir='ltr'>in</span> <span class='ocrx_word' id='word_1_237' title='bbox 728 1509 804 1540; x_wconf 84' lang='lat' dir='ltr'>qua,</span> <span class='ocrx_word' id='word_1_238' title='bbox 826 1500 964 1540; x_wconf 86' lang='lat' dir='ltr'>propius</span> <span class='ocrx_word' id='word_1_239' title='bbox 982 1499 1085 1539; x_wconf 89' lang='lat' dir='ltr'>aspici</span> 
     </span>
     <span class='ocr_line' id='line_1_34' title="bbox 104 1542 370 1583; baseline -0.008 -9"><span class='ocrx_word' id='word_1_240' title='bbox 104 1542 226 1574; x_wconf 87' lang='lat' dir='ltr'>malum</span> <span class='ocrx_word' id='word_1_241' title='bbox 248 1547 370 1583; x_wconf 75' lang='lat' dir='ltr'>potest.</span> 
     </span>
    </p>

    <p class='ocr_par' dir='ltr' id='par_1_7' title="bbox 103 1583 1088 2433">
     <span class='ocr_line' id='line_1_35' title="bbox 190 1583 1086 1621; baseline -0.002 -5"><span class='ocrx_word' id='word_1_242' title='bbox 190 1585 244 1616; x_wconf 92' lang='lat' dir='ltr'>De</span> <span class='ocrx_word' id='word_1_243' title='bbox 266 1583 396 1615; x_wconf 84' lang='lat' dir='ltr'>formali</span> <span class='ocrx_word' id='word_1_244' title='bbox 420 1584 555 1615; x_wconf 89' lang='lat' dir='ltr'>eruditis</span> <span class='ocrx_word' id='word_1_245' title='bbox 574 1583 672 1615; x_wconf 85' lang='lat' dir='ltr'>facile</span> <span class='ocrx_word' id='word_1_246' title='bbox 695 1590 746 1614; x_wconf 86' lang='lat' dir='ltr'>est</span> <span class='ocrx_word' id='word_1_247' title='bbox 770 1584 933 1621; x_wconf 90' lang='lat' dir='ltr'>iudicium,</span> <span class='ocrx_word' id='word_1_248' title='bbox 953 1585 1016 1615; x_wconf 89' lang='lat' dir='ltr'>etsi</span> <span class='ocrx_word' id='word_1_249' title='bbox 1040 1584 1086 1614; x_wconf 93' lang='lat' dir='ltr'>in-</span> 
     </span>
     <span class='ocr_line' id='line_1_36' title="bbox 105 1626 1085 1668; baseline -0.002 -9"><span class='ocrx_word' id='word_1_250' title='bbox 105 1628 194 1659; x_wconf 84' lang='lat' dir='ltr'>docti</span> <span class='ocrx_word' id='word_1_251' title='bbox 221 1628 313 1659; x_wconf 82' lang='lat' dir='ltr'>varie</span> <span class='ocrx_word' id='word_1_252' title='bbox 344 1628 384 1658; x_wconf 90' lang='lat' dir='ltr'>de</span> <span class='ocrx_word' id='word_1_253' title='bbox 411 1627 475 1658; x_wconf 89' lang='lat' dir='ltr'>hac</span> <span class='ocrx_word' id='word_1_254' title='bbox 499 1629 693 1668; x_wconf 83' lang='lat' dir='ltr'>quaestione</span> <span class='ocrx_word' id='word_1_255' title='bbox 717 1626 965 1658; x_wconf 82' lang='lat' dir='ltr'>tumultuantur.</span> <span class='ocrx_word' id='word_1_256' title='bbox 1010 1626 1085 1657; x_wconf 90' lang='lat' dir='ltr'>Non</span> 
     </span>
     <span class='ocr_line' id='line_1_37' title="bbox 104 1668 1086 1710; baseline -0.002 -9"><span class='ocrx_word' id='word_1_257' title='bbox 104 1669 182 1701; x_wconf 86' lang='lat' dir='ltr'>volo</span> <span class='ocrx_word' id='word_1_258' title='bbox 206 1676 314 1701; x_wconf 91' lang='lat' dir='ltr'>autem</span> <span class='ocrx_word' id='word_1_259' title='bbox 337 1680 450 1701; x_wconf 85' lang='lat' dir='ltr'>serere</span> <span class='ocrx_word' id='word_1_260' title='bbox 473 1672 655 1710; x_wconf 73' lang='grc' dir='ltr'><em>λογομαχίας</em></span> <span class='ocrx_word' id='word_1_261' title='bbox 672 1670 705 1700; x_wconf 89' lang='grc'>111</span> <span class='ocrx_word' id='word_1_262' title='bbox 717 1669 882 1708; x_wconf 84' lang='lat' dir='ltr'>Ecclesia,</span> <span class='ocrx_word' id='word_1_263' title='bbox 906 1669 966 1700; x_wconf 87' lang='lat' dir='ltr'>sed</span> <span class='ocrx_word' id='word_1_264' title='bbox 988 1668 1086 1710; x_wconf 86' lang='lat' dir='ltr'>plane</span> 
     </span>
     <span class='ocr_line' id='line_1_38' title="bbox 106 1712 1086 1753; baseline -0.001 -9"><span class='ocrx_word' id='word_1_265' title='bbox 106 1719 137 1744; x_wconf 89' lang='lat' dir='ltr'>et</span> <span class='ocrx_word' id='word_1_266' title='bbox 160 1714 232 1743; x_wconf 91' lang='lat' dir='ltr'>sine</span> <span class='ocrx_word' id='word_1_267' title='bbox 254 1712 437 1753; x_wconf 87' lang='lat' dir='ltr'>sophistica</span> <span class='ocrx_word' id='word_1_268' title='bbox 455 1718 486 1743; x_wconf 92' lang='lat' dir='ltr'>et</span> <span class='ocrx_word' id='word_1_269' title='bbox 510 1713 581 1743; x_wconf 88' lang='lat' dir='ltr'>sine</span> <span class='ocrx_word' id='word_1_270' title='bbox 604 1712 822 1753; x_wconf 79' lang='lat' dir='ltr'>perplexitate</span> <span class='ocrx_word' id='word_1_271' title='bbox 846 1722 1008 1753; x_wconf 79' lang='lat' dir='ltr'>exponam</span> <span class='ocrx_word' id='word_1_272' title='bbox 1031 1722 1086 1743; x_wconf 76' lang='lat' dir='ltr'>ve—</span> 
     </span>
     <span class='ocr_line' id='line_1_39' title="bbox 105 1754 1086 1786; baseline -0.002 0"><span class='ocrx_word' id='word_1_273' title='bbox 105 1766 175 1786; x_wconf 90' lang='lat' dir='ltr'>ram</span> <span class='ocrx_word' id='word_1_274' title='bbox 198 1756 404 1786; x_wconf 85' lang='lat' dir='ltr'>sententiam.</span> <span class='ocrx_word' id='word_1_275' title='bbox 449 1754 556 1786; x_wconf 89' lang='lat' dir='ltr'>Recte</span> <span class='ocrx_word' id='word_1_276' title='bbox 585 1756 700 1786; x_wconf 69' lang='grc' dir='ltr'><strong>8111111ῖί</strong></span> <span class='ocrx_word' id='word_1_277' title='bbox 723 1755 829 1786; x_wconf 89' lang='lat' dir='ltr'>sciunt</span> <span class='ocrx_word' id='word_1_278' title='bbox 853 1754 1086 1786; x_wconf 78' lang='lat' dir='ltr'>universaliter</span> 
     </span>
     <span class='ocr_line' id='line_1_40' title="bbox 104 1797 1086 1839; baseline -0.001 -11"><span class='ocrx_word' id='word_1_279' title='bbox 104 1797 243 1829; x_wconf 85' lang='lat' dir='ltr'>formale</span> <span class='ocrx_word' id='word_1_280' title='bbox 270 1798 397 1839; x_wconf 91' lang='lat' dir='ltr'>peccati</span> <span class='ocrx_word' id='word_1_281' title='bbox 427 1808 504 1828; x_wconf 86' lang='lat' dir='ltr'>esse</span> <span class='ocrx_word' id='word_1_282' title='bbox 534 1804 660 1829; x_wconf 86' lang='lat' dir='ltr'>reatum</span> <span class='ocrx_word' id='word_1_283' title='bbox 689 1808 750 1829; x_wconf 89' lang='lat' dir='ltr'>seu</span> <span class='ocrx_word' id='word_1_284' title='bbox 780 1798 1086 1828; x_wconf 83' lang='lat' dir='ltr'>condemnationem</span> 
     </span>
     <span class='ocr_line' id='line_1_41' title="bbox 104 1839 1086 1882; baseline -0.002 -10"><span class='ocrx_word' id='word_1_285' title='bbox 104 1850 285 1882; x_wconf 89' lang='lat' dir='ltr'>personae,</span> <span class='ocrx_word' id='word_1_286' title='bbox 320 1850 405 1881; x_wconf 90' lang='lat' dir='ltr'>quae</span> <span class='ocrx_word' id='word_1_287' title='bbox 435 1847 485 1871; x_wconf 85' lang='lat' dir='ltr'>est</span> <span class='ocrx_word' id='word_1_288' title='bbox 514 1850 580 1871; x_wconf 89' lang='lat' dir='ltr'>rea.</span> <span class='ocrx_word' id='word_1_289' title='bbox 627 1840 696 1871; x_wconf 87' lang='lat' dir='ltr'>Sed</span> <span class='ocrx_word' id='word_1_290' title='bbox 726 1840 811 1871; x_wconf 88' lang='lat' dir='ltr'>haec</span> <span class='ocrx_word' id='word_1_291' title='bbox 841 1839 957 1871; x_wconf 87' lang='lat' dir='ltr'>relatio</span> <span class='ocrx_word' id='word_1_292' title='bbox 987 1839 1086 1871; x_wconf 89' lang='lat' dir='ltr'>alicui</span> 
     </span>
     <span class='ocr_line' id='line_1_42' title="bbox 104 1881 1085 1925; baseline -0.001 -11"><span class='ocrx_word' id='word_1_293' title='bbox 104 1881 190 1914; x_wconf 76' lang='lat' dir='ltr'>malo</span> <span class='ocrx_word' id='word_1_294' title='bbox 214 1883 344 1918; x_wconf 82' lang='lat' dir='ltr'>accidit.</span> <span class='ocrx_word' id='word_1_295' title='bbox 391 1883 622 1918; x_wconf 82' lang='lat' dir='ltr'>Quaerendum</span> <span class='ocrx_word' id='word_1_296' title='bbox 651 1890 701 1914; x_wconf 87' lang='grc'>851</span> <span class='ocrx_word' id='word_1_297' title='bbox 733 1893 813 1925; x_wconf 85' lang='lat' dir='ltr'>ergo</span> <span class='ocrx_word' id='word_1_298' title='bbox 839 1881 1085 1914; x_wconf 83' lang='lat' dir='ltr'>fundamentum</span> 
     </span>
     <span class='ocr_line' id='line_1_43' title="bbox 103 1924 1086 1966; baseline 0 -10"><span class='ocrx_word' id='word_1_299' title='bbox 103 1927 287 1966; x_wconf 82' lang='lat' dir='ltr'>proximum</span> <span class='ocrx_word' id='word_1_300' title='bbox 309 1925 406 1957; x_wconf 90' lang='lat' dir='ltr'>huius</span> <span class='ocrx_word' id='word_1_301' title='bbox 429 1925 597 1957; x_wconf 88' lang='lat' dir='ltr'>relationis</span> <span class='ocrx_word' id='word_1_302' title='bbox 619 1936 689 1964; x_wconf 86' lang='lat' dir='ltr'>seu,</span> <span class='ocrx_word' id='word_1_303' title='bbox 712 1932 747 1957; x_wconf 91' lang='lat' dir='ltr'>ut</span> <span class='ocrx_word' id='word_1_304' title='bbox 762 1932 895 1964; x_wconf 68' lang='lat' dir='ltr'>vocant,</span> <span class='ocrx_word' id='word_1_305' title='bbox 918 1924 1086 1956; x_wconf 88' lang='lat' dir='ltr'>materiale</span> 
     </span>
     <span class='ocr_line' id='line_1_44' title="bbox 104 1967 1086 2010; baseline 0 -11"><span class='ocrx_word' id='word_1_306' title='bbox 104 1969 332 2010; x_wconf 84' lang='lat' dir='ltr'>propinquum.</span> <span class='ocrx_word' id='word_1_307' title='bbox 378 1968 437 1999; x_wconf 82' lang='lat' dir='ltr'>Est</span> <span class='ocrx_word' id='word_1_308' title='bbox 459 1975 568 1999; x_wconf 89' lang='lat' dir='ltr'>autem</span> <span class='ocrx_word' id='word_1_309' title='bbox 591 1967 836 2000; x_wconf 86' lang='lat' dir='ltr'>fundamentum</span> <span class='ocrx_word' id='word_1_310' title='bbox 854 1968 950 1999; x_wconf 77' lang='lat' dir='ltr'>hujus</span> <span class='ocrx_word' id='word_1_311' title='bbox 975 1974 1086 1999; x_wconf 88' lang='lat' dir='ltr'>reatus</span> 
     </span>
     <span class='ocr_line' id='line_1_45' title="bbox 105 2011 1085 2052; baseline 0.001 -11"><span class='ocrx_word' id='word_1_312' title='bbox 105 2011 213 2052; x_wconf 92' lang='lat' dir='ltr'>ipsum</span> <span class='ocrx_word' id='word_1_313' title='bbox 240 2012 274 2041; x_wconf 89' lang='lat' dir='ltr'>in</span> <span class='ocrx_word' id='word_1_314' title='bbox 303 2011 436 2042; x_wconf 89' lang='lat' dir='ltr'>homine</span> <span class='ocrx_word' id='word_1_315' title='bbox 464 2012 576 2042; x_wconf 87' lang='lat' dir='ltr'>vitium</span> <span class='ocrx_word' id='word_1_316' title='bbox 601 2012 774 2042; x_wconf 87' lang='lat' dir='ltr'>nobiscum</span> <span class='ocrx_word' id='word_1_317' title='bbox 799 2021 962 2049; x_wconf 78' lang='lat' dir='ltr'>nascenS‚</span> <span class='ocrx_word' id='word_1_318' title='bbox 997 2011 1085 2052; x_wconf 92' lang='lat' dir='ltr'>quod</span> 
     </span>
     <span class='ocr_line' id='line_1_46' title="bbox 106 2052 1086 2094; baseline 0.001 -11"><span class='ocrx_word' id='word_1_319' title='bbox 106 2059 227 2084; x_wconf 85' lang='lat' dir='ltr'>vocant</span> <span class='ocrx_word' id='word_1_320' title='bbox 260 2052 314 2084; x_wconf 89' lang='lat' dir='ltr'>vel</span> <span class='ocrx_word' id='word_1_321' title='bbox 344 2053 493 2085; x_wconf 87' lang='lat' dir='ltr'>defectus</span> <span class='ocrx_word' id='word_1_322' title='bbox 527 2053 581 2084; x_wconf 84' lang='lat' dir='ltr'>vel</span> <span class='ocrx_word' id='word_1_323' title='bbox 614 2065 736 2094; x_wconf 80' lang='lat' dir='ltr'>pravas</span> <span class='ocrx_word' id='word_1_324' title='bbox 769 2053 997 2085; x_wconf 87' lang='lat' dir='ltr'>inclinationes</span> <span class='ocrx_word' id='word_1_325' title='bbox 1032 2053 1086 2085; x_wconf 73' lang='lat' dir='ltr'>vel</span> 
     </span>
     <span class='ocr_line' id='line_1_47' title="bbox 108 2096 1085 2139; baseline 0.002 -13"><span class='ocrx_word' id='word_1_326' title='bbox 108 2097 420 2135; x_wconf 81' lang='lat' dir='ltr'>concupiscentiam.</span> <span class='ocrx_word' id='word_1_327' title='bbox 449 2096 533 2127; x_wconf 90' lang='lat' dir='ltr'>Nam</span> <span class='ocrx_word' id='word_1_328' title='bbox 557 2096 609 2127; x_wconf 89' lang='lat' dir='ltr'>his</span> <span class='ocrx_word' id='word_1_329' title='bbox 633 2096 910 2139; x_wconf 87' lang='lat' dir='ltr'>appellationibus</span> <span class='ocrx_word' id='word_1_330' title='bbox 934 2098 1085 2128; x_wconf 85' lang='lat' dir='ltr'>omnibus</span> 
     </span>
     <span class='ocr_line' id='line_1_48' title="bbox 107 2137 1086 2181; baseline 0.001 -12"><span class='ocrx_word' id='word_1_331' title='bbox 107 2139 222 2169; x_wconf 89' lang='lat' dir='ltr'>eadem</span> <span class='ocrx_word' id='word_1_332' title='bbox 250 2137 337 2170; x_wconf 91' lang='lat' dir='ltr'>mala</span> <span class='ocrx_word' id='word_1_333' title='bbox 359 2139 602 2180; x_wconf 87' lang='lat' dir='ltr'>significantur,</span> <span class='ocrx_word' id='word_1_334' title='bbox 635 2150 695 2171; x_wconf 90' lang='lat' dir='ltr'>seu</span> <span class='ocrx_word' id='word_1_335' title='bbox 723 2141 832 2181; x_wconf 90' lang='lat' dir='ltr'>potius</span> <span class='ocrx_word' id='word_1_336' title='bbox 862 2150 981 2181; x_wconf 84' lang='lat' dir='ltr'>magna</span> <span class='ocrx_word' id='word_1_337' title='bbox 1009 2150 1086 2171; x_wconf 92' lang='lat' dir='ltr'>con-</span> 
     </span>
     <span class='ocr_line' id='line_1_49' title="bbox 106 2179 1086 2224; baseline 0 -12"><span class='ocrx_word' id='word_1_338' title='bbox 106 2179 192 2212; x_wconf 83' lang='lat' dir='ltr'>fusio</span> <span class='ocrx_word' id='word_1_339' title='bbox 217 2180 388 2212; x_wconf 85' lang='lat' dir='ltr'>malorum.</span> <span class='ocrx_word' id='word_1_340' title='bbox 425 2181 645 2224; x_wconf 84' lang='lat' dir='ltr'>Intelligenda</span> <span class='ocrx_word' id='word_1_341' title='bbox 667 2190 716 2214; x_wconf 89' lang='lat' dir='ltr'>est</span> <span class='ocrx_word' id='word_1_342' title='bbox 741 2183 825 2214; x_wconf 87' lang='lat' dir='ltr'>enim</span> <span class='ocrx_word' id='word_1_343' title='bbox 850 2183 1086 2224; x_wconf 87' lang='lat' dir='ltr'>concupiscen-</span> 
     </span>
     <span class='ocr_line' id='line_1_50' title="bbox 108 2224 1087 2265; baseline 0.002 -11"><span class='ocrx_word' id='word_1_344' title='bbox 108 2224 151 2254; x_wconf 85' lang='lat' dir='ltr'>tia</span> <span class='ocrx_word' id='word_1_345' title='bbox 173 2233 239 2254; x_wconf 91' lang='lat' dir='ltr'>non</span> <span class='ocrx_word' id='word_1_346' title='bbox 263 2225 304 2255; x_wconf 94' lang='lat' dir='ltr'>de</span> <span class='ocrx_word' id='word_1_347' title='bbox 327 2225 582 2265; x_wconf 84' lang='lat' dir='ltr'>appetitionibus</span> <span class='ocrx_word' id='word_1_348' title='bbox 606 2226 638 2256; x_wconf 90' lang='lat' dir='ltr'>in</span> <span class='ocrx_word' id='word_1_349' title='bbox 660 2232 777 2257; x_wconf 87' lang='lat' dir='ltr'>natura</span> <span class='ocrx_word' id='word_1_350' title='bbox 796 2226 948 2263; x_wconf 77' lang='lat' dir='ltr'>conditis,</span> <span class='ocrx_word' id='word_1_351' title='bbox 972 2226 1033 2256; x_wconf 84' lang='lat' dir='ltr'>sed</span> <span class='ocrx_word' id='word_1_352' title='bbox 1046 2226 1087 2256; x_wconf 90' lang='lat' dir='ltr'>de</span> 
     </span>
     <span class='ocr_line' id='line_1_51' title="bbox 107 2266 1087 2310; baseline 0.003 -14"><span class='ocrx_word' id='word_1_353' title='bbox 107 2266 213 2310; x_wconf 70' lang='grc' dir='ltr'><strong><em>α’ταξίᾳ</em></strong></span> <span class='ocrx_word' id='word_1_354' title='bbox 236 2267 379 2297; x_wconf 89' lang='grc'><strong>03131313</strong></span> <span class='ocrx_word' id='word_1_355' title='bbox 402 2268 647 2307; x_wconf 85' lang='lat' dir='ltr'>appetitionum.</span> <span class='ocrx_word' id='word_1_356' title='bbox 682 2268 718 2299; x_wconf 91' lang='lat' dir='ltr'>ln</span> <span class='ocrx_word' id='word_1_357' title='bbox 740 2268 791 2300; x_wconf 90' lang='grc'><strong>1115</strong></span> <span class='ocrx_word' id='word_1_358' title='bbox 814 2269 901 2300; x_wconf 84' lang='lat' dir='ltr'>vitiis</span> <span class='ocrx_word' id='word_1_359' title='bbox 925 2269 988 2299; x_wconf 86' lang='lat' dir='ltr'>scit</span> <span class='ocrx_word' id='word_1_360' title='bbox 1010 2268 1087 2299; x_wconf 91' lang='lat' dir='ltr'>Dia-</span> 
     </span>
     <span class='ocr_line' id='line_1_52' title="bbox 106 2307 1087 2353; baseline 0.004 -15"><span class='ocrx_word' id='word_1_361' title='bbox 106 2307 246 2340; x_wconf 88' lang='lat' dir='ltr'>lecticus</span> <span class='ocrx_word' id='word_1_362' title='bbox 262 2319 358 2342; x_wconf 89' lang='lat' dir='ltr'>suum</span> <span class='ocrx_word' id='word_1_363' title='bbox 373 2310 538 2351; x_wconf 84' lang='lat' dir='ltr'>quoddam</span> <span class='ocrx_word' id='word_1_364' title='bbox 552 2309 690 2342; x_wconf 77' lang='lat' dir='ltr'>formale</span> <span class='ocrx_word' id='word_1_365' title='bbox 708 2322 796 2350; x_wconf 90' lang='lat' dir='ltr'>esse,</span> <span class='ocrx_word' id='word_1_366' title='bbox 818 2312 988 2353; x_wconf 68' lang='lat' dir='ltr'>proplium</span> <span class='ocrx_word' id='word_1_367' title='bbox 1008 2312 1087 2349; x_wconf 74' lang='lat' dir='ltr'>vitii,</span> 
     </span>
     <span class='ocr_line' id='line_1_53' title="bbox 107 2350 1088 2396; baseline 0.004 -15"><span class='ocrx_word' id='word_1_368' title='bbox 107 2350 233 2382; x_wconf 89' lang='lat' dir='ltr'>scilicet</span> <span class='ocrx_word' id='word_1_369' title='bbox 266 2351 430 2383; x_wconf 88' lang='lat' dir='ltr'>desectum</span> <span class='ocrx_word' id='word_1_370' title='bbox 464 2354 667 2384; x_wconf 81' lang='lat' dir='ltr'>rectitudinis</span> <span class='ocrx_word' id='word_1_371' title='bbox 704 2355 910 2385; x_wconf 85' lang='lat' dir='ltr'>aberrantem</span> <span class='ocrx_word' id='word_1_372' title='bbox 946 2365 964 2385; x_wconf 86' lang='lat' dir='ltr'>a</span> <span class='ocrx_word' id='word_1_373' title='bbox 997 2353 1088 2396; x_wconf 83' lang='lat' dir='ltr'>Lege</span> 
     </span>
     <span class='ocr_line' id='line_1_54' title="bbox 107 2393 408 2433; baseline 0.003 -9"><span class='ocrx_word' id='word_1_374' title='bbox 107 2393 171 2425; x_wconf 79' lang='lat' dir='ltr'>Dei</span> <span class='ocrx_word' id='word_1_375' title='bbox 194 2404 254 2425; x_wconf 81' lang='lat' dir='ltr'>Seu</span> <span class='ocrx_word' id='word_1_376' title='bbox 276 2394 408 2433; x_wconf 70' lang='grc' dir='ltr'>ἀταξίαν.</span> 
     </span>
    </p>

    <p class='ocr_par' dir='ltr' id='par_1_8' title="bbox 109 2436 1088 2566">
     <span class='ocr_line' id='line_1_55' title="bbox 193 2436 1088 2478; baseline 0.004 -12"><span class='ocrx_word' id='word_1_377' title='bbox 193 2436 435 2478; x_wconf 75' lang='lat' dir='ltr'>ignorationem</span> <span class='ocrx_word' id='word_1_378' title='bbox 458 2437 539 2476; x_wconf 88' lang='lat' dir='ltr'>Dei,</span> <span class='ocrx_word' id='word_1_379' title='bbox 574 2439 814 2476; x_wconf 61' lang='lat' dir='ltr'>dubitationes.</span> <span class='ocrx_word' id='word_1_380' title='bbox 848 2449 926 2470; x_wconf 89' lang='lat' dir='ltr'>esse</span> <span class='ocrx_word' id='word_1_381' title='bbox 954 2440 1027 2470; x_wconf 88' lang='lat' dir='ltr'>sine</span> <span class='ocrx_word' id='word_1_382' title='bbox 1050 2440 1088 2470; x_wconf 89' lang='lat' dir='ltr'>ti-</span> 
     </span>
     <span class='ocr_line' id='line_1_56' title="bbox 109 2479 1087 2519; baseline 0.004 -10"><span class='ocrx_word' id='word_1_383' title='bbox 109 2489 199 2510; x_wconf 90' lang='lat' dir='ltr'>more</span> <span class='ocrx_word' id='word_1_384' title='bbox 221 2479 303 2518; x_wconf 87' lang='lat' dir='ltr'>Dei,</span> <span class='ocrx_word' id='word_1_385' title='bbox 326 2481 397 2512; x_wconf 91' lang='lat' dir='ltr'>sine</span> <span class='ocrx_word' id='word_1_386' title='bbox 420 2480 612 2519; x_wconf 84' lang='lat' dir='ltr'>dilectione,</span> <span class='ocrx_word' id='word_1_387' title='bbox 635 2480 840 2512; x_wconf 89' lang='lat' dir='ltr'>manifestum</span> <span class='ocrx_word' id='word_1_388' title='bbox 864 2489 915 2513; x_wconf 91' lang='lat' dir='ltr'>est</span> <span class='ocrx_word' id='word_1_389' title='bbox 938 2481 1087 2514; x_wconf 88' lang='lat' dir='ltr'>defectus</span> 
     </span>
     <span class='ocr_line' id='line_1_57' title="bbox 109 2521 1088 2566; baseline 0.004 -14"><span class='ocrx_word' id='word_1_390' title='bbox 109 2531 195 2553; x_wconf 87' lang='lat' dir='ltr'>esse.</span> <span class='ocrx_word' id='word_1_391' title='bbox 226 2521 287 2553; x_wconf 86' lang='lat' dir='ltr'>Est</span> <span class='ocrx_word' id='word_1_392' title='bbox 310 2529 341 2553; x_wconf 89' lang='lat' dir='ltr'>et</span> <span class='ocrx_word' id='word_1_393' title='bbox 365 2522 514 2555; x_wconf 81' lang='lat' dir='ltr'>defectus</span> <span class='ocrx_word' id='word_1_394' title='bbox 538 2524 645 2562; x_wconf 79' lang='grc' dir='ltr'><strong><em>ἀταξία</em></strong></span> <span class='ocrx_word' id='word_1_395' title='bbox 668 2525 700 2554; x_wconf 89' lang='grc'>111</span> <span class='ocrx_word' id='word_1_396' title='bbox 725 2534 837 2555; x_wconf 88' lang='lat' dir='ltr'>amore</span> <span class='ocrx_word' id='word_1_397' title='bbox 860 2525 976 2562; x_wconf 82' lang='lat' dir='ltr'>nostri,</span> <span class='ocrx_word' id='word_1_398' title='bbox 1000 2525 1088 2566; x_wconf 91' lang='lat' dir='ltr'>quod</span> 
     </span>
    </p>
   </div>
   <div class='ocr_carea' id='block_1_4' title="bbox 262 2590 592 2612">
    <p class='ocr_par' dir='ltr' id='par_1_9' title="bbox 262 2590 592 2612">
     <span class='ocr_line' id='line_1_58' title="bbox 262 2590 592 2612; baseline 0.009 -3"><span class='ocrx_word' id='word_1_399' title='bbox 262 2590 381 2611; x_wconf 61' lang='lat' dir='ltr'>munli.</span> <span class='ocrx_word' id='word_1_400' title='bbox 397 2591 463 2612; x_wconf 63' lang='lat' dir='ltr'>orm</span> <span class='ocrx_word' id='word_1_401' title='bbox 478 2591 528 2612; x_wconf 78' lang='lat' dir='ltr'>vot..</span> <span class='ocrx_word' id='word_1_402' title='bbox 543 2592 592 2612; x_wconf 78' lang='lat' dir='ltr'>m.</span> 
     </span>
    </p>
   </div>
   <div class='ocr_carea' id='block_1_5' title="bbox 579 87 1635 121">
    <p class='ocr_par' dir='ltr' id='par_1_10' title="bbox 579 87 1635 121">
     <span class='ocr_line' id='line_1_59' title="bbox 579 87 1635 121; baseline -0.001 -1"><span class='ocrx_word' id='word_1_403' title='bbox 579 89 603 120; x_wconf 86' lang='lat'>1.</span> <span class='ocrx_word' id='word_1_404' title='bbox 632 88 733 120; x_wconf 77' lang='lat' dir='ltr'>Loci</span> <span class='ocrx_word' id='word_1_405' title='bbox 755 87 783 119; x_wconf 87' lang='lat' dir='ltr'>T</span> <span class='ocrx_word' id='word_1_406' title='bbox 784 87 1032 120; x_wconf 87' lang='lat' dir='ltr'>HEOLOGICI:</span> <span class='ocrx_word' id='word_1_407' title='bbox 1055 89 1098 120; x_wconf 93' lang='lat' dir='ltr'>D.</span> <span class='ocrx_word' id='word_1_408' title='bbox 1116 88 1278 120; x_wconf 88' lang='lat' dir='ltr'>TERTIA</span> <span class='ocrx_word' id='word_1_409' title='bbox 1299 88 1455 121; x_wconf 86' lang='lat' dir='ltr'>EORUM</span> <span class='ocrx_word' id='word_1_410' title='bbox 1478 88 1635 120; x_wconf 87' lang='lat' dir='ltr'>AETAS.</span> 
     </span>
    </p>
   </div>
   <div class='ocr_carea' id='block_1_6' title="bbox 1105 193 1111 764">
    <p class='ocr_par' dir='ltr' id='par_1_11' title="bbox 1105 193 1111 764">
     <span class='ocr_line' id='line_1_60' title="bbox 1105 193 1111 764; baseline 0 0"><span class='ocrx_word' id='word_1_411' title='bbox 1105 193 1111 764; x_wconf 95' lang='lat' dir='ltr'> </span> 
     </span>
    </p>
   </div>
   <div class='ocr_carea' id='block_1_7' title="bbox 1109 1756 1111 2323">
    <p class='ocr_par' dir='ltr' id='par_1_12' title="bbox 1109 1756 1111 2323">
     <span class='ocr_line' id='line_1_61' title="bbox 1109 1756 1111 2323; baseline 0 0"><span class='ocrx_word' id='word_1_412' title='bbox 1109 1756 1111 2323; x_wconf 95' lang='lat' dir='ltr'> </span> 
     </span>
    </p>
   </div>
   <div class='ocr_carea' id='block_1_8' title="bbox 1108 1756 1112 2516">
    <p class='ocr_par' dir='ltr' id='par_1_13' title="bbox 1108 1756 1112 2516">
     <span class='ocr_line' id='line_1_62' title="bbox 1108 1756 1112 2516; baseline 0 0"><span class='ocrx_word' id='word_1_413' title='bbox 1108 1756 1112 2516; x_wconf 95' lang='lat' dir='ltr'> </span> 
     </span>
    </p>
   </div>
   <div class='ocr_carea' id='block_1_9' title="bbox 2046 88 2110 121">
    <p class='ocr_par' dir='ltr' id='par_1_14' title="bbox 2046 88 2110 121">
     <span class='ocr_line' id='line_1_63' title="bbox 2046 88 2110 121; baseline 0.031 -2"><span class='ocrx_word' id='word_1_414' title='bbox 2046 88 2110 121; x_wconf 80' lang='lat'>674</span> 
     </span>
    </p>
   </div>
   <div class='ocr_carea' id='block_1_10' title="bbox 1129 181 2115 2100">
    <p class='ocr_par' dir='ltr' id='par_1_15' title="bbox 1129 181 2111 350">
     <span class='ocr_line' id='line_1_64' title="bbox 1130 181 2111 223; baseline 0.001 -11"><span class='ocrx_word' id='word_1_415' title='bbox 1130 181 1285 213; x_wconf 88' lang='lat' dir='ltr'>videlicet</span> <span class='ocrx_word' id='word_1_416' title='bbox 1314 183 1513 213; x_wconf 85' lang='lat' dir='ltr'>conturbato</span> <span class='ocrx_word' id='word_1_417' title='bbox 1543 183 1660 213; x_wconf 82' lang='lat' dir='ltr'>ordine</span> <span class='ocrx_word' id='word_1_418' title='bbox 1684 181 1764 213; x_wconf 91' lang='lat' dir='ltr'>Saul</span> <span class='ocrx_word' id='word_1_419' title='bbox 1796 183 1900 223; x_wconf 85' lang='lat' dir='ltr'>magis</span> <span class='ocrx_word' id='word_1_420' title='bbox 1925 189 2010 212; x_wconf 89' lang='lat' dir='ltr'>amat</span> <span class='ocrx_word' id='word_1_421' title='bbox 2035 192 2111 213; x_wconf 80' lang='lat' dir='ltr'>sese</span> 
     </span>
     <span class='ocr_line' id='line_1_65' title="bbox 1129 223 2111 265; baseline 0.001 -11"><span class='ocrx_word' id='word_1_422' title='bbox 1129 234 1227 265; x_wconf 88' lang='lat' dir='ltr'>quam</span> <span class='ocrx_word' id='word_1_423' title='bbox 1249 224 1368 255; x_wconf 88' lang='lat' dir='ltr'>Deum.</span> <span class='ocrx_word' id='word_1_424' title='bbox 1415 224 1471 256; x_wconf 88' lang='lat' dir='ltr'>Sic</span> <span class='ocrx_word' id='word_1_425' title='bbox 1495 231 1526 256; x_wconf 89' lang='lat' dir='ltr'>et</span> <span class='ocrx_word' id='word_1_426' title='bbox 1550 225 1590 256; x_wconf 93' lang='lat' dir='ltr'>de</span> <span class='ocrx_word' id='word_1_427' title='bbox 1613 223 1686 255; x_wconf 84' lang='lat' dir='ltr'>aliis</span> <span class='ocrx_word' id='word_1_428' title='bbox 1709 225 1821 265; x_wconf 90' lang='lat' dir='ltr'>pravis</span> <span class='ocrx_word' id='word_1_429' title='bbox 1845 223 2111 256; x_wconf 87' lang='lat' dir='ltr'>inclinationibus</span> 
     </span>
     <span class='ocr_line' id='line_1_66' title="bbox 1129 267 2111 308; baseline 0 -11"><span class='ocrx_word' id='word_1_430' title='bbox 1129 267 1300 297; x_wconf 82' lang='lat' dir='ltr'>iudicetur.</span> <span class='ocrx_word' id='word_1_431' title='bbox 1342 267 1435 297; x_wconf 89' lang='lat' dir='ltr'>Hanc</span> <span class='ocrx_word' id='word_1_432' title='bbox 1459 267 1582 305; x_wconf 73' lang='grc' dir='ltr'><strong><em>ἀταξίαν</em></strong></span> <span class='ocrx_word' id='word_1_433' title='bbox 1606 268 1749 298; x_wconf 87' lang='lat' dir='ltr'>omnium</span> <span class='ocrx_word' id='word_1_434' title='bbox 1772 268 2005 308; x_wconf 84' lang='lat' dir='ltr'>appetitionum</span> <span class='ocrx_word' id='word_1_435' title='bbox 2031 268 2111 298; x_wconf 84' lang='lat' dir='ltr'>scri-</span> 
     </span>
     <span class='ocr_line' id='line_1_67' title="bbox 1129 310 2010 350; baseline 0.002 -11"><span class='ocrx_word' id='word_1_436' title='bbox 1129 315 1243 350; x_wconf 84' lang='lat' dir='ltr'>ptores</span> <span class='ocrx_word' id='word_1_437' title='bbox 1268 316 1428 340; x_wconf 80' lang='lat' dir='ltr'>vocarunt.</span> <span class='ocrx_word' id='word_1_438' title='bbox 1451 310 1761 350; x_wconf 83' lang='lat' dir='ltr'>concupiscentiam.</span> <span class='ocrx_word' id='word_1_439' title='bbox 2006 325 2010 330; x_wconf 58' lang='grc'><strong>«</strong></span> 
     </span>
    </p>

    <p class='ocr_par' dir='ltr' id='par_1_16' title="bbox 1130 350 2112 978">
     <span class='ocr_line' id='line_1_68' title="bbox 1216 350 2112 393; baseline 0.001 -12"><span class='ocrx_word' id='word_1_440' title='bbox 1216 350 1343 392; x_wconf 87' lang='lat' dir='ltr'>Estque</span> <span class='ocrx_word' id='word_1_441' title='bbox 1370 353 1548 391; x_wconf 90' lang='lat' dir='ltr'>prudenter</span> <span class='ocrx_word' id='word_1_442' title='bbox 1576 352 1793 383; x_wconf 86' lang='lat' dir='ltr'>discernenda</span> <span class='ocrx_word' id='word_1_443' title='bbox 1822 351 1929 390; x_wconf 77' lang='grc' dir='ltr'><strong><em>ἀταξία</em></strong></span> <span class='ocrx_word' id='word_1_444' title='bbox 1958 353 2000 382; x_wconf 91' lang='lat' dir='ltr'>ab</span> <span class='ocrx_word' id='word_1_445' title='bbox 2031 353 2112 393; x_wconf 85' lang='lat' dir='ltr'>ipsis</span> 
     </span>
     <span class='ocr_line' id='line_1_69' title="bbox 1130 393 2112 435; baseline 0.001 -12"><span class='ocrx_word' id='word_1_446' title='bbox 1130 394 1396 434; x_wconf 78' lang='lat' dir='ltr'>appetitionibus,</span> <span class='ocrx_word' id='word_1_447' title='bbox 1421 393 1569 435; x_wconf 84' lang='lat' dir='ltr'>qualesa</span> <span class='ocrx_word' id='word_1_448' title='bbox 1583 394 1657 425; x_wconf 92' lang='lat' dir='ltr'>Deo</span> <span class='ocrx_word' id='word_1_449' title='bbox 1682 395 1835 426; x_wconf 88' lang='lat' dir='ltr'>conditae</span> <span class='ocrx_word' id='word_1_450' title='bbox 1858 400 1945 432; x_wconf 84' lang='lat' dir='ltr'>sunt,</span> <span class='ocrx_word' id='word_1_451' title='bbox 1968 401 2003 426; x_wconf 88' lang='lat' dir='ltr'>ut</span> <span class='ocrx_word' id='word_1_452' title='bbox 2028 393 2112 425; x_wconf 88' lang='lat' dir='ltr'>infra</span> 
     </span>
     <span class='ocr_line' id='line_1_70' title="bbox 1131 435 2110 478; baseline 0.002 -12"><span class='ocrx_word' id='word_1_453' title='bbox 1131 437 1299 476; x_wconf 89' lang='lat' dir='ltr'>copiosius</span> <span class='ocrx_word' id='word_1_454' title='bbox 1329 436 1452 467; x_wconf 85' lang='lat' dir='ltr'>dicam.¹</span> <span class='ocrx_word' id='word_1_455' title='bbox 1493 435 1575 467; x_wconf 90' lang='lat' dir='ltr'>Cum</span> <span class='ocrx_word' id='word_1_456' title='bbox 1605 437 1703 478; x_wconf 87' lang='lat' dir='ltr'>igitur</span> <span class='ocrx_word' id='word_1_457' title='bbox 1731 438 1916 478; x_wconf 75' lang='lat' dir='ltr'>quaeritur,</span> <span class='ocrx_word' id='word_1_458' title='bbox 1951 438 2040 478; x_wconf 91' lang='lat' dir='ltr'>quod</span> <span class='ocrx_word' id='word_1_459' title='bbox 2069 437 2110 468; x_wconf 86' lang='lat' dir='ltr'>sit</span> 
     </span>
     <span class='ocr_line' id='line_1_71' title="bbox 1130 477 2111 520; baseline 0.001 -12"><span class='ocrx_word' id='word_1_460' title='bbox 1130 477 1270 509; x_wconf 80' lang='lat' dir='ltr'>formale</span> <span class='ocrx_word' id='word_1_461' title='bbox 1291 480 1418 519; x_wconf 90' lang='lat' dir='ltr'>peccati</span> <span class='ocrx_word' id='word_1_462' title='bbox 1442 480 1597 520; x_wconf 81' lang='lat' dir='ltr'>originis,</span> <span class='ocrx_word' id='word_1_463' title='bbox 1621 486 1711 510; x_wconf 88' lang='lat' dir='ltr'>recte</span> <span class='ocrx_word' id='word_1_464' title='bbox 1734 481 1964 520; x_wconf 67' lang='lat' dir='ltr'>respondetur,</span> <span class='ocrx_word' id='word_1_465' title='bbox 1988 486 2111 511; x_wconf 92' lang='lat' dir='ltr'>reatus.</span> 
     </span>
     <span class='ocr_line' id='line_1_72' title="bbox 1130 520 2112 562; baseline 0.001 -11"><span class='ocrx_word' id='word_1_466' title='bbox 1130 520 1261 551; x_wconf 89' lang='lat' dir='ltr'>Deinde</span> <span class='ocrx_word' id='word_1_467' title='bbox 1288 531 1370 552; x_wconf 90' lang='lat' dir='ltr'>vero</span> <span class='ocrx_word' id='word_1_468' title='bbox 1401 522 1624 562; x_wconf 87' lang='lat' dir='ltr'>quaerendum</span> <span class='ocrx_word' id='word_1_469' title='bbox 1659 529 1708 552; x_wconf 83' lang='lat' dir='ltr'>est</span> <span class='ocrx_word' id='word_1_470' title='bbox 1741 521 1986 553; x_wconf 83' lang='lat' dir='ltr'>fundamentum</span> <span class='ocrx_word' id='word_1_471' title='bbox 2016 522 2112 554; x_wconf 88' lang='lat' dir='ltr'>huius</span> 
     </span>
     <span class='ocr_line' id='line_1_73' title="bbox 1130 562 2112 604; baseline 0.004 -12"><span class='ocrx_word' id='word_1_472' title='bbox 1130 562 1312 595; x_wconf 86' lang='lat' dir='ltr'>relationis.</span> <span class='ocrx_word' id='word_1_473' title='bbox 1358 563 1394 594; x_wconf 84' lang='lat' dir='ltr'>ld</span> <span class='ocrx_word' id='word_1_474' title='bbox 1418 573 1499 594; x_wconf 88' lang='lat' dir='ltr'>vero</span> <span class='ocrx_word' id='word_1_475' title='bbox 1524 570 1590 601; x_wconf 82' lang='lat' dir='ltr'>est,</span> <span class='ocrx_word' id='word_1_476' title='bbox 1621 570 1655 595; x_wconf 95' lang='lat' dir='ltr'>ut</span> <span class='ocrx_word' id='word_1_477' title='bbox 1679 564 1759 602; x_wconf 81' lang='lat' dir='ltr'>dixi,</span> <span class='ocrx_word' id='word_1_478' title='bbox 1789 565 1896 604; x_wconf 89' lang='lat' dir='ltr'>ipsum</span> <span class='ocrx_word' id='word_1_479' title='bbox 1919 566 2031 596; x_wconf 83' lang='lat' dir='ltr'>vitium</span> <span class='ocrx_word' id='word_1_480' title='bbox 2054 575 2112 596; x_wconf 89' lang='lat' dir='ltr'>no-</span> 
     </span>
     <span class='ocr_line' id='line_1_74' title="bbox 1131 606 2112 649; baseline 0.002 -13"><span class='ocrx_word' id='word_1_481' title='bbox 1131 606 1259 637; x_wconf 88' lang='lat' dir='ltr'>biscum</span> <span class='ocrx_word' id='word_1_482' title='bbox 1283 616 1439 644; x_wconf 88' lang='lat' dir='ltr'>nascens,</span> <span class='ocrx_word' id='word_1_483' title='bbox 1464 607 1552 647; x_wconf 86' lang='lat' dir='ltr'>quod</span> <span class='ocrx_word' id='word_1_484' title='bbox 1572 614 1621 636; x_wconf 89' lang='lat' dir='ltr'>est</span> <span class='ocrx_word' id='word_1_485' title='bbox 1644 607 1766 638; x_wconf 92' lang='lat' dir='ltr'>malum</span> <span class='ocrx_word' id='word_1_486' title='bbox 1785 618 1936 648; x_wconf 86' lang='lat' dir='ltr'>pugnans</span> <span class='ocrx_word' id='word_1_487' title='bbox 1950 606 2112 649; x_wconf 85' lang='lat' dir='ltr'>cumlege</span> 
     </span>
     <span class='ocr_line' id='line_1_75' title="bbox 1130 647 2111 691; baseline 0.003 -13"><span class='ocrx_word' id='word_1_488' title='bbox 1130 647 1211 685; x_wconf 79' lang='lat' dir='ltr'>Dei,</span> <span class='ocrx_word' id='word_1_489' title='bbox 1244 649 1333 689; x_wconf 90' lang='lat' dir='ltr'>quod</span> <span class='ocrx_word' id='word_1_490' title='bbox 1357 659 1430 680; x_wconf 92' lang='lat' dir='ltr'>cum</span> <span class='ocrx_word' id='word_1_491' title='bbox 1453 650 1494 679; x_wconf 76' lang='lat' dir='ltr'>sit</span> <span class='ocrx_word' id='word_1_492' title='bbox 1518 659 1637 690; x_wconf 88' lang='lat' dir='ltr'>magna</span> <span class='ocrx_word' id='word_1_493' title='bbox 1661 649 1813 680; x_wconf 88' lang='lat' dir='ltr'>confusio</span> <span class='ocrx_word' id='word_1_494' title='bbox 1836 650 2014 688; x_wconf 85' lang='lat' dir='ltr'>malorum,</span> <span class='ocrx_word' id='word_1_495' title='bbox 2039 660 2111 691; x_wconf 92' lang='lat' dir='ltr'>per-</span> 
     </span>
     <span class='ocr_line' id='line_1_76' title="bbox 1131 691 2111 732; baseline 0.003 -11"><span class='ocrx_word' id='word_1_496' title='bbox 1131 691 1206 722; x_wconf 90' lang='lat' dir='ltr'>inde</span> <span class='ocrx_word' id='word_1_497' title='bbox 1236 702 1276 722; x_wconf 89' lang='grc'>38</span> <span class='ocrx_word' id='word_1_498' title='bbox 1306 691 1334 722; x_wconf 83' lang='grc'>51</span> <span class='ocrx_word' id='word_1_499' title='bbox 1364 692 1436 732; x_wconf 90' lang='lat' dir='ltr'>quis</span> <span class='ocrx_word' id='word_1_500' title='bbox 1465 692 1550 722; x_wconf 91' lang='grc'><strong>(11831</strong></span> <span class='ocrx_word' id='word_1_501' title='bbox 1582 691 1703 723; x_wconf 80' lang='lat' dir='ltr'>multos</span> <span class='ocrx_word' id='word_1_502' title='bbox 1734 693 1868 723; x_wconf 91' lang='lat' dir='ltr'>morbos</span> <span class='ocrx_word' id='word_1_503' title='bbox 1898 692 1995 723; x_wconf 81' lang='lat' dir='ltr'>simul</span> <span class='ocrx_word' id='word_1_504' title='bbox 2024 703 2111 730; x_wconf 85' lang='lat' dir='ltr'>esse,</span> 
     </span>
     <span class='ocr_line' id='line_1_77' title="bbox 1131 732 2111 776; baseline 0.003 -13"><span class='ocrx_word' id='word_1_505' title='bbox 1131 732 1230 764; x_wconf 82' lang='lat' dir='ltr'>facile</span> <span class='ocrx_word' id='word_1_506' title='bbox 1259 732 1398 776; x_wconf 86' lang='lat' dir='ltr'>intelligi</span> <span class='ocrx_word' id='word_1_507' title='bbox 1428 740 1549 774; x_wconf 76' lang='lat' dir='ltr'>potest,</span> <span class='ocrx_word' id='word_1_508' title='bbox 1573 733 1713 765; x_wconf 82' lang='lat' dir='ltr'>formale</span> <span class='ocrx_word' id='word_1_509' title='bbox 1737 735 1852 766; x_wconf 84' lang='lat' dir='ltr'>harum</span> <span class='ocrx_word' id='word_1_510' title='bbox 1882 734 2111 767; x_wconf 85' lang='lat' dir='ltr'>confusionum</span> 
     </span>
     <span class='ocr_line' id='line_1_78' title="bbox 1131 775 2109 817; baseline 0.002 -10"><span class='ocrx_word' id='word_1_511' title='bbox 1131 786 1208 807; x_wconf 89' lang='lat' dir='ltr'>esse</span> <span class='ocrx_word' id='word_1_512' title='bbox 1231 775 1391 808; x_wconf 87' lang='lat' dir='ltr'>defectus.</span> <span class='ocrx_word' id='word_1_513' title='bbox 1437 777 1575 817; x_wconf 82' lang='lat' dir='ltr'>Insuper</span> <span class='ocrx_word' id='word_1_514' title='bbox 1598 784 1706 808; x_wconf 90' lang='lat' dir='ltr'>autem</span> <span class='ocrx_word' id='word_1_515' title='bbox 1729 778 1855 808; x_wconf 83' lang='lat' dir='ltr'>accedit</span> <span class='ocrx_word' id='word_1_516' title='bbox 1878 785 2005 815; x_wconf 71' lang='lat' dir='ltr'>reatus,</span> <span class='ocrx_word' id='word_1_517' title='bbox 2036 789 2109 809; x_wconf 88' lang='lat' dir='ltr'>cum</span> 
     </span>
     <span class='ocr_line' id='line_1_79' title="bbox 1131 820 2110 859; baseline 0.003 -10"><span class='ocrx_word' id='word_1_518' title='bbox 1131 825 1305 859; x_wconf 90' lang='lat' dir='ltr'>peccatum</span> <span class='ocrx_word' id='word_1_519' title='bbox 1333 829 1400 850; x_wconf 92' lang='lat' dir='ltr'>non</span> <span class='ocrx_word' id='word_1_520' title='bbox 1432 826 1482 850; x_wconf 83' lang='lat' dir='ltr'>est</span> <span class='ocrx_word' id='word_1_521' title='bbox 1511 820 1692 850; x_wconf 85' lang='lat' dir='ltr'>remissum.</span> <span class='ocrx_word' id='word_1_522' title='bbox 1739 820 1806 851; x_wconf 89' lang='lat' dir='ltr'>Sed</span> <span class='ocrx_word' id='word_1_523' title='bbox 1835 831 1909 851; x_wconf 89' lang='grc'><strong>8313</strong></span> <span class='ocrx_word' id='word_1_524' title='bbox 1938 822 2110 852; x_wconf 81' lang='lat' dir='ltr'>remissum</span> 
     </span>
     <span class='ocr_line' id='line_1_80' title="bbox 1132 862 2112 902; baseline 0.003 -11"><span class='ocrx_word' id='word_1_525' title='bbox 1132 868 1202 899; x_wconf 74' lang='lat' dir='ltr'>est,</span> <span class='ocrx_word' id='word_1_526' title='bbox 1232 868 1340 892; x_wconf 90' lang='lat' dir='ltr'>manet</span> <span class='ocrx_word' id='word_1_527' title='bbox 1371 868 1479 893; x_wconf 89' lang='lat' dir='ltr'>tamen</span> <span class='ocrx_word' id='word_1_528' title='bbox 1502 863 1534 893; x_wconf 90' lang='lat' dir='ltr'>in</span> <span class='ocrx_word' id='word_1_529' title='bbox 1562 862 1625 893; x_wconf 90' lang='lat' dir='ltr'>hac</span> <span class='ocrx_word' id='word_1_530' title='bbox 1649 864 1715 894; x_wconf 75' lang='grc'><strong>1113</strong></span> <span class='ocrx_word' id='word_1_531' title='bbox 1737 863 1846 894; x_wconf 88' lang='grc'><strong>31111118</strong></span> <span class='ocrx_word' id='word_1_532' title='bbox 1875 862 2026 902; x_wconf 82' lang='lat' dir='ltr'>confusio</span> <span class='ocrx_word' id='word_1_533' title='bbox 2056 862 2112 894; x_wconf 89' lang='lat' dir='ltr'>illa</span> 
     </span>
     <span class='ocr_line' id='line_1_81' title="bbox 1131 904 2111 948; baseline 0.003 -14"><span class='ocrx_word' id='word_1_534' title='bbox 1131 914 1251 946; x_wconf 86' lang='lat' dir='ltr'>magna</span> <span class='ocrx_word' id='word_1_535' title='bbox 1275 914 1315 934; x_wconf 79' lang='lat' dir='ltr'>ex</span> <span class='ocrx_word' id='word_1_536' title='bbox 1339 910 1451 945; x_wconf 88' lang='lat' dir='ltr'>parte,</span> <span class='ocrx_word' id='word_1_537' title='bbox 1482 910 1611 935; x_wconf 89' lang='lat' dir='ltr'>manent</span> <span class='ocrx_word' id='word_1_538' title='bbox 1635 906 1736 947; x_wconf 85' lang='lat' dir='ltr'>igitur</span> <span class='ocrx_word' id='word_1_539' title='bbox 1759 904 1929 944; x_wconf 76' lang='lat' dir='ltr'>defectus,</span> <span class='ocrx_word' id='word_1_540' title='bbox 1960 908 2013 948; x_wconf 90' lang='lat' dir='ltr'>qui</span> <span class='ocrx_word' id='word_1_541' title='bbox 2037 913 2111 937; x_wconf 86' lang='grc'><strong>53111</strong></span> 
     </span>
     <span class='ocr_line' id='line_1_82' title="bbox 1132 945 1620 978; baseline 0 -1"><span class='ocrx_word' id='word_1_542' title='bbox 1132 948 1202 978; x_wconf 85' lang='grc'><strong>81115</strong></span> <span class='ocrx_word' id='word_1_543' title='bbox 1227 945 1434 978; x_wconf 87' lang='lat' dir='ltr'>confusionis</span> <span class='ocrx_word' id='word_1_544' title='bbox 1459 946 1620 978; x_wconf 89' lang='lat' dir='ltr'>formalia.</span> 
     </span>
    </p>

    <p class='ocr_par' dir='ltr' id='par_1_17' title="bbox 1132 989 2115 1414">
     <span class='ocr_line' id='line_1_83' title="bbox 1219 989 2113 1032; baseline 0.003 -13"><span class='ocrx_word' id='word_1_545' title='bbox 1219 989 1311 1020; x_wconf 88' lang='lat' dir='ltr'>Haec</span> <span class='ocrx_word' id='word_1_546' title='bbox 1341 989 1440 1030; x_wconf 86' lang='lat' dir='ltr'>plana</span> <span class='ocrx_word' id='word_1_547' title='bbox 1470 996 1545 1020; x_wconf 89' lang='lat' dir='ltr'>sunt</span> <span class='ocrx_word' id='word_1_548' title='bbox 1570 996 1601 1020; x_wconf 88' lang='lat' dir='ltr'>et</span> <span class='ocrx_word' id='word_1_549' title='bbox 1624 989 1703 1021; x_wconf 88' lang='lat' dir='ltr'>nihil</span> <span class='ocrx_word' id='word_1_550' title='bbox 1727 992 1894 1022; x_wconf 88' lang='lat' dir='ltr'>continent</span> <span class='ocrx_word' id='word_1_551' title='bbox 1918 990 2113 1032; x_wconf 83' lang='lat' dir='ltr'>perplexita-</span> 
     </span>
     <span class='ocr_line' id='line_1_84' title="bbox 1132 1032 2114 1072; baseline 0.003 -10"><span class='ocrx_word' id='word_1_552' title='bbox 1132 1032 1185 1062; x_wconf 88' lang='lat' dir='ltr'>tis.</span> <span class='ocrx_word' id='word_1_553' title='bbox 1230 1032 1386 1063; x_wconf 86' lang='lat' dir='ltr'>Monachi</span> <span class='ocrx_word' id='word_1_554' title='bbox 1405 1033 1565 1063; x_wconf 88' lang='lat' dir='ltr'>inerudite</span> <span class='ocrx_word' id='word_1_555' title='bbox 1588 1034 1768 1064; x_wconf 87' lang='lat' dir='ltr'>omiserunt</span> <span class='ocrx_word' id='word_1_556' title='bbox 1798 1040 1933 1072; x_wconf 79' lang='lat' dir='ltr'>reatum,</span> <span class='ocrx_word' id='word_1_557' title='bbox 1965 1041 1997 1064; x_wconf 91' lang='lat' dir='ltr'>et</span> <span class='ocrx_word' id='word_1_558' title='bbox 2027 1035 2114 1065; x_wconf 63' lang='lat' dir='ltr'>dixe-</span> 
     </span>
     <span class='ocr_line' id='line_1_85' title="bbox 1132 1073 2112 1115; baseline 0.003 -11"><span class='ocrx_word' id='word_1_559' title='bbox 1132 1081 1223 1111; x_wconf 83' lang='lat' dir='ltr'>runt,</span> <span class='ocrx_word' id='word_1_560' title='bbox 1255 1073 1395 1105; x_wconf 88' lang='lat' dir='ltr'>formale</span> <span class='ocrx_word' id='word_1_561' title='bbox 1417 1075 1545 1115; x_wconf 85' lang='lat' dir='ltr'>peccati</span> <span class='ocrx_word' id='word_1_562' title='bbox 1568 1085 1644 1106; x_wconf 84' lang='lat' dir='ltr'>esse</span> <span class='ocrx_word' id='word_1_563' title='bbox 1668 1074 1846 1114; x_wconf 80' lang='lat' dir='ltr'>defectum,</span> <span class='ocrx_word' id='word_1_564' title='bbox 1877 1082 1907 1106; x_wconf 88' lang='lat' dir='ltr'>et</span> <span class='ocrx_word' id='word_1_565' title='bbox 1932 1075 2019 1107; x_wconf 89' lang='lat' dir='ltr'>hunc</span> <span class='ocrx_word' id='word_1_566' title='bbox 2042 1076 2112 1107; x_wconf 91' lang='lat' dir='ltr'>tolli</span> 
     </span>
     <span class='ocr_line' id='line_1_86' title="bbox 1132 1117 2113 1160; baseline 0.003 -13"><span class='ocrx_word' id='word_1_567' title='bbox 1132 1117 1164 1147; x_wconf 91' lang='lat' dir='ltr'>in</span> <span class='ocrx_word' id='word_1_568' title='bbox 1188 1118 1327 1154; x_wconf 90' lang='lat' dir='ltr'>renatis,</span> <span class='ocrx_word' id='word_1_569' title='bbox 1351 1128 1390 1148; x_wconf 90' lang='grc'>38</span> <span class='ocrx_word' id='word_1_570' title='bbox 1414 1127 1547 1148; x_wconf 88' lang='grc'><strong>31311818</strong></span> <span class='ocrx_word' id='word_1_571' title='bbox 1570 1117 1754 1155; x_wconf 81' lang='lat' dir='ltr'>materiale,</span> <span class='ocrx_word' id='word_1_572' title='bbox 1778 1120 1865 1160; x_wconf 90' lang='lat' dir='ltr'>quod</span> <span class='ocrx_word' id='word_1_573' title='bbox 1889 1118 2113 1160; x_wconf 85' lang='lat' dir='ltr'>intelligebant</span> 
     </span>
     <span class='ocr_line' id='line_1_87' title="bbox 1132 1159 2113 1202; baseline 0.003 -12"><span class='ocrx_word' id='word_1_574' title='bbox 1132 1159 1352 1199; x_wconf 80' lang='lat' dir='ltr'>appetitiones</span> <span class='ocrx_word' id='word_1_575' title='bbox 1383 1160 1474 1200; x_wconf 84' lang='lat' dir='ltr'>ipsas</span> <span class='ocrx_word' id='word_1_576' title='bbox 1499 1160 1648 1191; x_wconf 85' lang='lat' dir='ltr'>conditas</span> <span class='ocrx_word' id='word_1_577' title='bbox 1671 1172 1691 1191; x_wconf 93' lang='lat' dir='ltr'>a</span> <span class='ocrx_word' id='word_1_578' title='bbox 1714 1160 1804 1199; x_wconf 89' lang='lat' dir='ltr'>Deo,</span> <span class='ocrx_word' id='word_1_579' title='bbox 1839 1172 1923 1202; x_wconf 87' lang='lat' dir='ltr'>quae</span> <span class='ocrx_word' id='word_1_580' title='bbox 1954 1169 2029 1193; x_wconf 90' lang='lat' dir='ltr'>sunt</span> <span class='ocrx_word' id='word_1_581' title='bbox 2060 1172 2113 1193; x_wconf 87' lang='lat' dir='ltr'>res</span> 
     </span>
     <span class='ocr_line' id='line_1_88' title="bbox 1134 1201 2114 1243; baseline 0.004 -12"><span class='ocrx_word' id='word_1_582' title='bbox 1134 1203 1250 1232; x_wconf 87' lang='lat' dir='ltr'>bonae.</span> <span class='ocrx_word' id='word_1_583' title='bbox 1288 1201 1356 1232; x_wconf 88' lang='lat' dir='ltr'>Sed</span> <span class='ocrx_word' id='word_1_584' title='bbox 1380 1202 1457 1243; x_wconf 87' lang='lat' dir='ltr'>quid</span> <span class='ocrx_word' id='word_1_585' title='bbox 1481 1203 1640 1240; x_wconf 71' lang='lat' dir='ltr'>dicerent,</span> <span class='ocrx_word' id='word_1_586' title='bbox 1663 1213 1729 1233; x_wconf 80' lang='lat' dir='ltr'>non</span> <span class='ocrx_word' id='word_1_587' title='bbox 1752 1203 1997 1235; x_wconf 82' lang='lat' dir='ltr'>intellexerunt.</span> <span class='ocrx_word' id='word_1_588' title='bbox 2032 1204 2114 1235; x_wconf 86' lang='lat' dir='ltr'>Cum</span> 
     </span>
     <span class='ocr_line' id='line_1_89' title="bbox 1134 1245 2115 1289; baseline 0.004 -15"><span class='ocrx_word' id='word_1_589' title='bbox 1134 1245 1219 1275; x_wconf 89' lang='lat' dir='ltr'>enim</span> <span class='ocrx_word' id='word_1_590' title='bbox 1238 1245 1343 1275; x_wconf 84' lang='lat' dir='ltr'>morbi</span> <span class='ocrx_word' id='word_1_591' title='bbox 1361 1252 1526 1283; x_wconf 81' lang='lat' dir='ltr'>maneant,</span> <span class='ocrx_word' id='word_1_592' title='bbox 1550 1245 1676 1276; x_wconf 85' lang='lat' dir='ltr'>scilicet</span> <span class='ocrx_word' id='word_1_593' title='bbox 1694 1247 1926 1285; x_wconf 82' lang='lat' dir='ltr'>dubitationes,</span> <span class='ocrx_word' id='word_1_594' title='bbox 1942 1248 1988 1288; x_wconf 81' lang='lat'>5²)</span> <span class='ocrx_word' id='word_1_595' title='bbox 2014 1247 2115 1289; x_wconf 83' lang='lat' dir='ltr'>negli-</span> 
     </span>
     <span class='ocr_line' id='line_1_90' title="bbox 1133 1287 2115 1330; baseline 0.004 -13"><span class='ocrx_word' id='word_1_596' title='bbox 1133 1287 1275 1328; x_wconf 85' lang='lat' dir='ltr'>gentiae,</span> <span class='ocrx_word' id='word_1_597' title='bbox 1300 1288 1538 1325; x_wconf 85' lang='lat' dir='ltr'>contumaciae,</span> <span class='ocrx_word' id='word_1_598' title='bbox 1557 1287 1655 1319; x_wconf 86' lang='lat' dir='ltr'>facile</span> <span class='ocrx_word' id='word_1_599' title='bbox 1668 1287 1807 1330; x_wconf 89' lang='lat' dir='ltr'>intelligi</span> <span class='ocrx_word' id='word_1_600' title='bbox 1819 1296 1943 1330; x_wconf 85' lang='lat' dir='ltr'>potest,</span> <span class='ocrx_word' id='word_1_601' title='bbox 1966 1288 2115 1322; x_wconf 72' lang='lat' dir='ltr'>defectus</span> 
     </span>
     <span class='ocr_line' id='line_1_91' title="bbox 1132 1329 2113 1373; baseline 0.003 -13"><span class='ocrx_word' id='word_1_602' title='bbox 1132 1339 1275 1360; x_wconf 90' lang='lat' dir='ltr'>manere.</span> <span class='ocrx_word' id='word_1_603' title='bbox 1320 1330 1405 1360; x_wconf 88' lang='lat' dir='ltr'>Nam</span> <span class='ocrx_word' id='word_1_604' title='bbox 1429 1329 1484 1361; x_wconf 86' lang='lat' dir='ltr'>illa</span> <span class='ocrx_word' id='word_1_605' title='bbox 1507 1332 1639 1362; x_wconf 91' lang='lat' dir='ltr'>nomina</span> <span class='ocrx_word' id='word_1_606' title='bbox 1664 1333 1869 1370; x_wconf 85' lang='lat' dir='ltr'>morborum,</span> <span class='ocrx_word' id='word_1_607' title='bbox 1893 1333 1948 1373; x_wconf 89' lang='lat' dir='ltr'>qui</span> <span class='ocrx_word' id='word_1_608' title='bbox 1972 1338 2113 1371; x_wconf 87' lang='lat' dir='ltr'>manent,</span> 
     </span>
     <span class='ocr_line' id='line_1_92' title="bbox 1132 1372 1504 1414; baseline 0.005 -12"><span class='ocrx_word' id='word_1_609' title='bbox 1132 1372 1321 1414; x_wconf 85' lang='lat' dir='ltr'>significant</span> <span class='ocrx_word' id='word_1_610' title='bbox 1345 1372 1504 1404; x_wconf 85' lang='lat' dir='ltr'>defectus¹</span> 
     </span>
    </p>

    <p class='ocr_par' dir='ltr' id='par_1_18' title="bbox 1130 1415 2114 2100">
     <span class='ocr_line' id='line_1_93' title="bbox 1218 1415 2112 1456; baseline 0.006 -12"><span class='ocrx_word' id='word_1_611' title='bbox 1218 1415 1332 1455; x_wconf 89' lang='lat' dir='ltr'>Incipit</span> <span class='ocrx_word' id='word_1_612' title='bbox 1363 1416 1507 1456; x_wconf 89' lang='lat' dir='ltr'>Spiritus</span> <span class='ocrx_word' id='word_1_613' title='bbox 1534 1424 1672 1447; x_wconf 81' lang='lat' dir='ltr'>sanctus</span> <span class='ocrx_word' id='word_1_614' title='bbox 1701 1427 1821 1448; x_wconf 89' lang='lat' dir='ltr'>sanare</span> <span class='ocrx_word' id='word_1_615' title='bbox 1849 1424 2017 1455; x_wconf 87' lang='lat' dir='ltr'>naturam,</span> <span class='ocrx_word' id='word_1_616' title='bbox 2053 1419 2112 1449; x_wconf 88' lang='lat' dir='ltr'>sed</span> 
     </span>
     <span class='ocr_line' id='line_1_94' title="bbox 1131 1458 2110 1492; baseline 0.005 -5"><span class='ocrx_word' id='word_1_617' title='bbox 1131 1467 1198 1488; x_wconf 91' lang='lat' dir='ltr'>non</span> <span class='ocrx_word' id='word_1_618' title='bbox 1227 1459 1335 1489; x_wconf 87' lang='lat' dir='ltr'>subito</span> <span class='ocrx_word' id='word_1_619' title='bbox 1363 1464 1453 1489; x_wconf 88' lang='lat' dir='ltr'>totus</span> <span class='ocrx_word' id='word_1_620' title='bbox 1476 1459 1613 1490; x_wconf 86' lang='lat' dir='ltr'>morbus</span> <span class='ocrx_word' id='word_1_621' title='bbox 1636 1458 1772 1490; x_wconf 89' lang='lat' dir='ltr'>tollitur.</span> <span class='ocrx_word' id='word_1_622' title='bbox 1820 1459 1861 1490; x_wconf 94' lang='lat' dir='ltr'>Ut</span> <span class='ocrx_word' id='word_1_623' title='bbox 1884 1460 2110 1492; x_wconf 86' lang='lat' dir='ltr'>Samaritanus</span> 
     </span>
     <span class='ocr_line' id='line_1_95' title="bbox 1130 1500 2109 1541; baseline 0.004 -11"><span class='ocrx_word' id='word_1_624' title='bbox 1130 1500 1163 1530; x_wconf 92' lang='lat' dir='ltr'>in</span> <span class='ocrx_word' id='word_1_625' title='bbox 1198 1511 1270 1541; x_wconf 89' lang='lat' dir='ltr'>cap.</span> <span class='ocrx_word' id='word_1_626' title='bbox 1299 1500 1348 1531; x_wconf 90' lang='grc'>10.</span> <span class='ocrx_word' id='word_1_627' title='bbox 1385 1504 1446 1540; x_wconf 88' lang='lat' dir='ltr'>[vs.</span> <span class='ocrx_word' id='word_1_628' title='bbox 1474 1501 1542 1540; x_wconf 82' lang='lat'>34.]</span> <span class='ocrx_word' id='word_1_629' title='bbox 1576 1501 1689 1533; x_wconf 90' lang='lat' dir='ltr'>Lucae</span> <span class='ocrx_word' id='word_1_630' title='bbox 1723 1503 1870 1534; x_wconf 83' lang='lat' dir='ltr'>saucium</span> <span class='ocrx_word' id='word_1_631' title='bbox 1904 1513 1970 1533; x_wconf 90' lang='lat' dir='ltr'>non</span> <span class='ocrx_word' id='word_1_632' title='bbox 2000 1504 2109 1535; x_wconf 89' lang='lat' dir='ltr'>subito</span> 
     </span>
     <span class='ocr_line' id='line_1_96' title="bbox 1132 1543 2109 1584; baseline 0.004 -11"><span class='ocrx_word' id='word_1_633' title='bbox 1132 1549 1242 1581; x_wconf 87' lang='lat' dir='ltr'>curat,</span> <span class='ocrx_word' id='word_1_634' title='bbox 1277 1544 1337 1574; x_wconf 88' lang='lat' dir='ltr'>sed</span> <span class='ocrx_word' id='word_1_635' title='bbox 1365 1544 1503 1584; x_wconf 89' lang='lat' dir='ltr'>primum</span> <span class='ocrx_word' id='word_1_636' title='bbox 1531 1543 1724 1575; x_wconf 85' lang='lat' dir='ltr'>vulneribus</span> <span class='ocrx_word' id='word_1_637' title='bbox 1752 1547 1863 1576; x_wconf 88' lang='lat' dir='ltr'>vinum</span> <span class='ocrx_word' id='word_1_638' title='bbox 1886 1544 2042 1584; x_wconf 87' lang='lat' dir='ltr'>infundit,</span> <span class='ocrx_word' id='word_1_639' title='bbox 2075 1554 2109 1578; x_wconf 91' lang='grc'>31</span> 
     </span>
     <span class='ocr_line' id='line_1_97' title="bbox 1132 1585 2114 1627; baseline 0.005 -12"><span class='ocrx_word' id='word_1_640' title='bbox 1132 1595 1283 1616; x_wconf 84' lang='grc'><strong>81301831</strong></span> <span class='ocrx_word' id='word_1_641' title='bbox 1307 1585 1432 1624; x_wconf 87' lang='lat' dir='ltr'>abluat,</span> <span class='ocrx_word' id='word_1_642' title='bbox 1455 1587 1574 1618; x_wconf 89' lang='lat' dir='ltr'>deinde</span> <span class='ocrx_word' id='word_1_643' title='bbox 1597 1586 1738 1618; x_wconf 88' lang='lat' dir='ltr'>infundit</span> <span class='ocrx_word' id='word_1_644' title='bbox 1761 1588 1956 1627; x_wconf 83' lang='lat' dir='ltr'>balsamum,</span> <span class='ocrx_word' id='word_1_645' title='bbox 1980 1595 2015 1620; x_wconf 89' lang='lat' dir='ltr'>ut</span> <span class='ocrx_word' id='word_1_646' title='bbox 2034 1590 2114 1620; x_wconf 89' lang='lat' dir='ltr'>miti-</span> 
     </span>
     <span class='ocr_line' id='line_1_98' title="bbox 1131 1627 2113 1672; baseline 0.005 -14"><span class='ocrx_word' id='word_1_647' title='bbox 1131 1634 1187 1669; x_wconf 89' lang='lat' dir='ltr'>get</span> <span class='ocrx_word' id='word_1_648' title='bbox 1216 1627 1382 1666; x_wconf 83' lang='lat' dir='ltr'>dolorem,</span> <span class='ocrx_word' id='word_1_649' title='bbox 1417 1635 1448 1660; x_wconf 88' lang='lat' dir='ltr'>et</span> <span class='ocrx_word' id='word_1_650' title='bbox 1477 1628 1631 1671; x_wconf 87' lang='lat' dir='ltr'>glutinari</span> <span class='ocrx_word' id='word_1_651' title='bbox 1663 1629 1784 1662; x_wconf 69' lang='grc'><strong>1111335</strong></span> <span class='ocrx_word' id='word_1_652' title='bbox 1812 1632 1962 1672; x_wconf 88' lang='lat' dir='ltr'>incipiat,</span> <span class='ocrx_word' id='word_1_653' title='bbox 1996 1639 2113 1672; x_wconf 83' lang='lat' dir='ltr'>postea</span> 
     </span>
     <span class='ocr_line' id='line_1_99' title="bbox 1132 1669 2113 1714; baseline 0.004 -13"><span class='ocrx_word' id='word_1_654' title='bbox 1132 1669 1276 1712; x_wconf 89' lang='lat' dir='ltr'>obligato</span> <span class='ocrx_word' id='word_1_655' title='bbox 1300 1671 1438 1702; x_wconf 76' lang='lat' dir='ltr'>vuhtere</span> <span class='ocrx_word' id='word_1_656' title='bbox 1460 1683 1597 1714; x_wconf 83' lang='lat' dir='ltr'>aegrmn</span> <span class='ocrx_word' id='word_1_657' title='bbox 1622 1673 1754 1714; x_wconf 87' lang='lat' dir='ltr'>imponit</span> <span class='ocrx_word' id='word_1_658' title='bbox 1778 1674 1934 1712; x_wconf 88' lang='lat' dir='ltr'>iumento,</span> <span class='ocrx_word' id='word_1_659' title='bbox 1959 1681 1991 1705; x_wconf 88' lang='lat' dir='ltr'>et</span> <span class='ocrx_word' id='word_1_660' title='bbox 2006 1676 2113 1706; x_wconf 88' lang='lat' dir='ltr'>curari</span> 
     </span>
     <span class='ocr_line' id='line_1_100' title="bbox 1131 1715 2113 1755; baseline 0.003 -11"><span class='ocrx_word' id='word_1_661' title='bbox 1131 1724 1204 1744; x_wconf 87' lang='lat' dir='ltr'>eum</span> <span class='ocrx_word' id='word_1_662' title='bbox 1234 1715 1390 1755; x_wconf 86' lang='lat' dir='ltr'>deinceps</span> <span class='ocrx_word' id='word_1_663' title='bbox 1420 1716 1452 1745; x_wconf 90' lang='lat' dir='ltr'>in</span> <span class='ocrx_word' id='word_1_664' title='bbox 1487 1717 1671 1746; x_wconf 86' lang='lat' dir='ltr'>diversorio</span> <span class='ocrx_word' id='word_1_665' title='bbox 1703 1716 1853 1752; x_wconf 81' lang='lat' dir='ltr'>mandat3</span> <span class='ocrx_word' id='word_1_666' title='bbox 1883 1716 1930 1747; x_wconf 89' lang='lat' dir='ltr'>Ita</span> <span class='ocrx_word' id='word_1_667' title='bbox 1960 1716 2113 1749; x_wconf 80' lang='lat' dir='ltr'>Christus</span> 
     </span>
     <span class='ocr_line' id='line_1_101' title="bbox 1132 1758 2114 1800; baseline 0.004 -14"><span class='ocrx_word' id='word_1_668' title='bbox 1132 1766 1195 1786; x_wconf 89' lang='lat' dir='ltr'>nos</span> <span class='ocrx_word' id='word_1_669' title='bbox 1219 1768 1281 1787; x_wconf 87' lang='grc'><strong>5110</strong></span> <span class='ocrx_word' id='word_1_670' title='bbox 1307 1758 1438 1797; x_wconf 86' lang='lat' dir='ltr'>corpori</span> <span class='ocrx_word' id='word_1_671' title='bbox 1462 1758 1616 1799; x_wconf 87' lang='lat' dir='ltr'>imponit,</span> <span class='ocrx_word' id='word_1_672' title='bbox 1645 1760 1721 1800; x_wconf 89' lang='lat' dir='ltr'>quia</span> <span class='ocrx_word' id='word_1_673' title='bbox 1744 1766 1958 1799; x_wconf 87' lang='lat' dir='ltr'>peccatorum</span> <span class='ocrx_word' id='word_1_674' title='bbox 1982 1766 2114 1790; x_wconf 91' lang='lat' dir='ltr'>nostro-</span> 
     </span>
     <span class='ocr_line' id='line_1_102' title="bbox 1131 1800 2114 1840; baseline 0.004 -11"><span class='ocrx_word' id='word_1_675' title='bbox 1131 1809 1200 1830; x_wconf 93' lang='lat' dir='ltr'>rum</span> <span class='ocrx_word' id='word_1_676' title='bbox 1230 1810 1356 1840; x_wconf 86' lang='lat' dir='ltr'>poenas</span> <span class='ocrx_word' id='word_1_677' title='bbox 1386 1801 1559 1837; x_wconf 78' lang='lat' dir='ltr'>sustinuit,</span> <span class='ocrx_word' id='word_1_678' title='bbox 1589 1808 1621 1832; x_wconf 93' lang='lat' dir='ltr'>et</span> <span class='ocrx_word' id='word_1_679' title='bbox 1644 1800 1836 1832; x_wconf 76' lang='lat' dir='ltr'>vulneribus</span> <span class='ocrx_word' id='word_1_680' title='bbox 1860 1803 1984 1833; x_wconf 87' lang='lat' dir='ltr'>nostris</span> <span class='ocrx_word' id='word_1_681' title='bbox 2007 1801 2114 1834; x_wconf 85' lang='lat' dir='ltr'>infun-</span> 
     </span>
     <span class='ocr_line' id='line_1_103' title="bbox 1131 1841 2114 1886; baseline 0.006 -15"><span class='ocrx_word' id='word_1_682' title='bbox 1131 1842 1213 1872; x_wconf 90' lang='lat' dir='ltr'>dens</span> <span class='ocrx_word' id='word_1_683' title='bbox 1226 1841 1441 1884; x_wconf 88' lang='lat' dir='ltr'>Evangelium</span> <span class='ocrx_word' id='word_1_684' title='bbox 1466 1844 1583 1874; x_wconf 90' lang='lat' dir='ltr'>deinde</span> <span class='ocrx_word' id='word_1_685' title='bbox 1607 1854 1646 1875; x_wconf 92' lang='lat' dir='ltr'>ea</span> <span class='ocrx_word' id='word_1_686' title='bbox 1670 1843 1805 1885; x_wconf 77' lang='lat' dir='ltr'>obligat,</span> <span class='ocrx_word' id='word_1_687' title='bbox 1830 1845 1911 1886; x_wconf 84' lang='lat' dir='ltr'>tegit</span> <span class='ocrx_word' id='word_1_688' title='bbox 1935 1854 1965 1875; x_wconf 84' lang='lat' dir='ltr'>er</span> <span class='ocrx_word' id='word_1_689' title='bbox 1980 1846 2114 1877; x_wconf 88' lang='lat' dir='ltr'>remittit</span> 
     </span>
     <span class='ocr_line' id='line_1_104' title="bbox 1130 1887 2113 1924; baseline 0.005 -10"><span class='ocrx_word' id='word_1_690' title='bbox 1130 1892 1269 1924; x_wconf 85' lang='lat' dir='ltr'>peccata</span> <span class='ocrx_word' id='word_1_691' title='bbox 1299 1892 1424 1916; x_wconf 87' lang='lat' dir='ltr'>nostra.</span> <span class='ocrx_word' id='word_1_692' title='bbox 1471 1887 1538 1917; x_wconf 89' lang='lat' dir='ltr'>Sed</span> <span class='ocrx_word' id='word_1_693' title='bbox 1568 1888 1702 1918; x_wconf 91' lang='lat' dir='ltr'>morbos</span> <span class='ocrx_word' id='word_1_694' title='bbox 1732 1893 1842 1917; x_wconf 88' lang='lat' dir='ltr'>tamen</span> <span class='ocrx_word' id='word_1_695' title='bbox 1863 1887 1974 1919; x_wconf 88' lang='lat' dir='ltr'>adhuc</span> <span class='ocrx_word' id='word_1_696' title='bbox 1996 1889 2027 1919; x_wconf 87' lang='lat' dir='ltr'>in</span> <span class='ocrx_word' id='word_1_697' title='bbox 2052 1887 2113 1920; x_wconf 91' lang='lat' dir='ltr'>Ec-</span> 
     </span>
     <span class='ocr_line' id='line_1_105' title="bbox 1131 1927 2113 1962; baseline 0.004 -4"><span class='ocrx_word' id='word_1_698' title='bbox 1131 1927 1235 1958; x_wconf 89' lang='lat' dir='ltr'>clesia</span> <span class='ocrx_word' id='word_1_699' title='bbox 1265 1927 1334 1958; x_wconf 73' lang='lat' dir='ltr'>mlt</span> <span class='ocrx_word' id='word_1_700' title='bbox 1364 1929 1470 1959; x_wconf 91' lang='lat' dir='ltr'>curari</span> <span class='ocrx_word' id='word_1_701' title='bbox 1499 1929 1642 1960; x_wconf 83' lang='lat' dir='ltr'>assiduis</span> <span class='ocrx_word' id='word_1_702' title='bbox 1671 1930 1838 1960; x_wconf 78' lang='lat' dir='ltr'>exercitiis</span> <span class='ocrx_word' id='word_1_703' title='bbox 1868 1932 1977 1962; x_wconf 90' lang='lat' dir='ltr'>crucis</span> <span class='ocrx_word' id='word_1_704' title='bbox 2007 1937 2037 1962; x_wconf 84' lang='lat' dir='ltr'>et</span> <span class='ocrx_word' id='word_1_705' title='bbox 2067 1933 2113 1962; x_wconf 88' lang='lat' dir='ltr'>in-</span> 
     </span>
     <span class='ocr_line' id='line_1_106' title="bbox 1131 1971 2113 2014; baseline 0.006 -14"><span class='ocrx_word' id='word_1_706' title='bbox 1131 1971 1325 2001; x_wconf 74' lang='lat' dir='ltr'>vocationis-</span> <span class='ocrx_word' id='word_1_707' title='bbox 1356 1971 1445 2001; x_wconf 87' lang='lat' dir='ltr'>Haec</span> <span class='ocrx_word' id='word_1_708' title='bbox 1469 1971 1576 2013; x_wconf 87' lang='lat' dir='ltr'>imago</span> <span class='ocrx_word' id='word_1_709' title='bbox 1602 1972 1754 2009; x_wconf 68' lang='lat' dir='ltr'>ostendit,</span> <span class='ocrx_word' id='word_1_710' title='bbox 1778 1973 1809 2002; x_wconf 88' lang='lat' dir='ltr'>in</span> <span class='ocrx_word' id='word_1_711' title='bbox 1826 1974 2021 2005; x_wconf 80' lang='lat' dir='ltr'>remissione</span> <span class='ocrx_word' id='word_1_712' title='bbox 2037 1985 2113 2014; x_wconf 90' lang='lat' dir='ltr'>pec-</span> 
     </span>
     <span class='ocr_line' id='line_1_107' title="bbox 1131 2012 2112 2056; baseline 0.006 -13"><span class='ocrx_word' id='word_1_713' title='bbox 1131 2013 1195 2044; x_wconf 89' lang='lat' dir='ltr'>cati</span> <span class='ocrx_word' id='word_1_714' title='bbox 1225 2014 1361 2056; x_wconf 85' lang='lat' dir='ltr'>originis</span> <span class='ocrx_word' id='word_1_715' title='bbox 1389 2012 1460 2044; x_wconf 90' lang='lat' dir='ltr'>tolli</span> <span class='ocrx_word' id='word_1_716' title='bbox 1489 2021 1628 2048; x_wconf 78' lang='lat' dir='ltr'>reatum,</span> <span class='ocrx_word' id='word_1_717' title='bbox 1665 2015 1723 2046; x_wconf 89' lang='lat' dir='ltr'>sed</span> <span class='ocrx_word' id='word_1_718' title='bbox 1754 2025 1819 2046; x_wconf 90' lang='lat' dir='ltr'>non</span> <span class='ocrx_word' id='word_1_719' title='bbox 1857 2017 1966 2047; x_wconf 89' lang='lat' dir='ltr'>subito</span> <span class='ocrx_word' id='word_1_720' title='bbox 2001 2019 2112 2049; x_wconf 79' lang='lat' dir='ltr'>sanam&#39;</span> 
     </span>
     <span class='ocr_line' id='line_1_108' title="bbox 1130 2054 2114 2100; baseline 0.006 -14"><span class='ocrx_word' id='word_1_721' title='bbox 1130 2054 1281 2087; x_wconf 80' lang='lat' dir='ltr'>vulnera.</span> <span class='ocrx_word' id='word_1_722' title='bbox 1326 2055 1371 2087; x_wconf 89' lang='lat' dir='ltr'>Ut</span> <span class='ocrx_word' id='word_1_723' title='bbox 1397 2062 1503 2089; x_wconf 85' lang='lat' dir='ltr'>autem</span> <span class='ocrx_word' id='word_1_724' title='bbox 1538 2056 1684 2089; x_wconf 76' lang='lat' dir='ltr'>vulneris</span> <span class='ocrx_word' id='word_1_725' title='bbox 1719 2057 1856 2089; x_wconf 85' lang='lat' dir='ltr'>formale</span> <span class='ocrx_word' id='word_1_726' title='bbox 1891 2065 1940 2089; x_wconf 90' lang='lat' dir='ltr'>est</span> <span class='ocrx_word' id='word_1_727' title='bbox 1975 2061 2114 2100; x_wconf 87' lang='lat' dir='ltr'>partium</span> 
     </span>
    </p>
   </div>
   <div class='ocr_carea' id='block_1_11' title="bbox 1108 2097 2112 2144">
    <p class='ocr_par' dir='ltr' id='par_1_19' title="bbox 1108 2097 2112 2144">
     <span class='ocr_line' id='line_1_109' title="bbox 1108 2097 2112 2144; baseline 0.006 -16"><span class='ocrx_word' id='word_1_728' title='bbox 1108 2126 1109 2144; x_wconf 28' lang='grc' dir='ltr'>ἢ</span> <span class='ocrx_word' id='word_1_729' title='bbox 1131 2097 1305 2136; x_wconf 84' lang='grc'><strong>138813110,</strong></span> <span class='ocrx_word' id='word_1_730' title='bbox 1335 2109 1420 2140; x_wconf 83' lang='lat' dir='ltr'>quae</span> <span class='ocrx_word' id='word_1_731' title='bbox 1443 2100 1607 2131; x_wconf 88' lang='lat' dir='ltr'>debebant</span> <span class='ocrx_word' id='word_1_732' title='bbox 1632 2111 1708 2132; x_wconf 80' lang='lat' dir='ltr'>esse</span> <span class='ocrx_word' id='word_1_733' title='bbox 1733 2103 1926 2139; x_wconf 87' lang='lat' dir='ltr'>continuae,</span> <span class='ocrx_word' id='word_1_734' title='bbox 1955 2102 2001 2133; x_wconf 89' lang='lat' dir='ltr'>ita</span> <span class='ocrx_word' id='word_1_735' title='bbox 2025 2110 2056 2133; x_wconf 91' lang='grc'>81</span> <span class='ocrx_word' id='word_1_736' title='bbox 2080 2104 2112 2134; x_wconf 92' lang='lat' dir='ltr'>in</span> 
     </span>
    </p>
   </div>
   <div class='ocr_carea' id='block_1_12' title="bbox 1130 2140 2113 2441">
    <p class='ocr_par' dir='ltr' id='par_1_20' title="bbox 1130 2140 2113 2355">
     <span class='ocr_line' id='line_1_110' title="bbox 1130 2140 2112 2182; baseline 0.006 -11"><span class='ocrx_word' id='word_1_737' title='bbox 1130 2140 1194 2172; x_wconf 90' lang='lat' dir='ltr'>hac</span> <span class='ocrx_word' id='word_1_738' title='bbox 1216 2142 1378 2182; x_wconf 84' lang='lat' dir='ltr'>pravitate</span> <span class='ocrx_word' id='word_1_739' title='bbox 1397 2143 1523 2180; x_wconf 89' lang='lat' dir='ltr'>mentis,</span> <span class='ocrx_word' id='word_1_740' title='bbox 1547 2142 1724 2174; x_wconf 81' lang='lat' dir='ltr'>voluntatis</span> <span class='ocrx_word' id='word_1_741' title='bbox 1749 2150 1779 2175; x_wconf 89' lang='lat' dir='ltr'>et</span> <span class='ocrx_word' id='word_1_742' title='bbox 1804 2145 1914 2175; x_wconf 88' lang='lat' dir='ltr'>cordis</span> <span class='ocrx_word' id='word_1_743' title='bbox 1938 2143 2049 2177; x_wconf 88' lang='lat' dir='ltr'>lacera</span> <span class='ocrx_word' id='word_1_744' title='bbox 2065 2147 2112 2177; x_wconf 90' lang='lat' dir='ltr'>io-</span> 
     </span>
     <span class='ocr_line' id='line_1_111' title="bbox 1130 2184 2113 2226; baseline 0.006 -12"><span class='ocrx_word' id='word_1_745' title='bbox 1130 2194 1191 2214; x_wconf 83' lang='lat' dir='ltr'>nes</span> <span class='ocrx_word' id='word_1_746' title='bbox 1217 2184 1377 2225; x_wconf 89' lang='lat' dir='ltr'>quaedam</span> <span class='ocrx_word' id='word_1_747' title='bbox 1401 2191 1489 2223; x_wconf 80' lang='lat' dir='ltr'>sunt,</span> <span class='ocrx_word' id='word_1_748' title='bbox 1511 2192 1546 2217; x_wconf 88' lang='lat' dir='ltr'>ut</span> <span class='ocrx_word' id='word_1_749' title='bbox 1570 2187 1613 2216; x_wconf 90' lang='lat' dir='ltr'>ita</span> <span class='ocrx_word' id='word_1_750' title='bbox 1638 2187 1754 2224; x_wconf 86' lang='lat' dir='ltr'>dicam,</span> <span class='ocrx_word' id='word_1_751' title='bbox 1778 2186 1929 2226; x_wconf 86' lang='lat' dir='ltr'>profecto</span> <span class='ocrx_word' id='word_1_752' title='bbox 1949 2189 2064 2219; x_wconf 84' lang='lat' dir='ltr'>tristes</span> <span class='ocrx_word' id='word_1_753' title='bbox 2081 2196 2113 2220; x_wconf 92' lang='lat' dir='ltr'>et</span> 
     </span>
     <span class='ocr_line' id='line_1_112' title="bbox 1132 2226 2112 2273; baseline 0.005 -16"><span class='ocrx_word' id='word_1_754' title='bbox 1132 2237 1271 2265; x_wconf 80' lang='lat' dir='ltr'>saevae,</span> <span class='ocrx_word' id='word_1_755' title='bbox 1295 2238 1433 2268; x_wconf 87' lang='lat' dir='ltr'>quarum</span> <span class='ocrx_word' id='word_1_756' title='bbox 1456 2226 1607 2259; x_wconf 85' lang='lat' dir='ltr'>formalia</span> <span class='ocrx_word' id='word_1_757' title='bbox 1630 2227 1832 2260; x_wconf 78' lang='lat' dir='ltr'>Dialecticus</span> <span class='ocrx_word' id='word_1_758' title='bbox 1856 2230 1936 2261; x_wconf 88' lang='lat' dir='ltr'>satis</span> <span class='ocrx_word' id='word_1_759' title='bbox 1962 2230 2112 2273; x_wconf 86' lang='lat' dir='ltr'>intelligit</span> 
     </span>
     <span class='ocr_line' id='line_1_113' title="bbox 1132 2268 2111 2313; baseline 0.005 -13"><span class='ocrx_word' id='word_1_760' title='bbox 1132 2279 1209 2301; x_wconf 86' lang='lat' dir='ltr'>esse</span> <span class='ocrx_word' id='word_1_761' title='bbox 1228 2268 1378 2300; x_wconf 87' lang='lat' dir='ltr'>defectus</span> <span class='ocrx_word' id='word_1_762' title='bbox 1398 2280 1458 2301; x_wconf 83' lang='lat' dir='ltr'>seu</span> <span class='ocrx_word' id='word_1_763' title='bbox 1475 2272 1677 2311; x_wconf 85' lang='lat' dir='ltr'>privationes</span> <span class='ocrx_word' id='word_1_764' title='bbox 1696 2282 1755 2303; x_wconf 88' lang='lat' dir='ltr'>seu</span> <span class='ocrx_word' id='word_1_765' title='bbox 1775 2273 1936 2313; x_wconf 66' lang='grc' dir='ltr'>στερήσεις,</span> <span class='ocrx_word' id='word_1_766' title='bbox 1960 2273 2111 2305; x_wconf 82' lang='lat' dir='ltr'>videlicet</span> 
     </span>
     <span class='ocr_line' id='line_1_114' title="bbox 1133 2311 1724 2355; baseline 0.005 -13"><span class='ocrx_word' id='word_1_767' title='bbox 1133 2311 1256 2351; x_wconf 75' lang='grc' dir='ltr'><strong><em>ἀταξίας</em></strong></span> <span class='ocrx_word' id='word_1_768' title='bbox 1278 2314 1472 2344; x_wconf 88' lang='lat' dir='ltr'>aberrantes</span> <span class='ocrx_word' id='word_1_769' title='bbox 1495 2324 1515 2344; x_wconf 89' lang='lat' dir='ltr'>a</span> <span class='ocrx_word' id='word_1_770' title='bbox 1538 2314 1628 2355; x_wconf 91' lang='lat' dir='ltr'>Lege</span> <span class='ocrx_word' id='word_1_771' title='bbox 1653 2313 1724 2345; x_wconf 89' lang='lat' dir='ltr'>Dei.</span> 
     </span>
    </p>

    <p class='ocr_par' dir='ltr' id='par_1_21' title="bbox 1131 2354 2112 2441">
     <span class='ocr_line' id='line_1_115' title="bbox 1217 2354 2112 2400; baseline 0.004 -14"><span class='ocrx_word' id='word_1_772' title='bbox 1217 2354 1270 2386; x_wconf 92' lang='lat' dir='ltr'>De</span> <span class='ocrx_word' id='word_1_773' title='bbox 1293 2354 1382 2386; x_wconf 88' lang='lat' dir='ltr'>finali</span> <span class='ocrx_word' id='word_1_774' title='bbox 1406 2366 1526 2387; x_wconf 87' lang='lat' dir='ltr'>caussa</span> <span class='ocrx_word' id='word_1_775' title='bbox 1551 2356 1615 2387; x_wconf 91' lang='lat' dir='ltr'>hoc</span> <span class='ocrx_word' id='word_1_776' title='bbox 1638 2355 1714 2388; x_wconf 91' lang='grc'><strong>1080</strong></span> <span class='ocrx_word' id='word_1_777' title='bbox 1740 2367 1813 2388; x_wconf 89' lang='lat' dir='ltr'>cum</span> <span class='ocrx_word' id='word_1_778' title='bbox 1834 2358 1961 2397; x_wconf 87' lang='lat' dir='ltr'>dicitur,</span> <span class='ocrx_word' id='word_1_779' title='bbox 1984 2369 2112 2400; x_wconf 87' lang='lat' dir='ltr'>poenae</span> 
     </span>
     <span class='ocr_line' id='line_1_116' title="bbox 1131 2398 2109 2441; baseline 0.005 -13"><span class='ocrx_word' id='word_1_780' title='bbox 1131 2398 1358 2429; x_wconf 86' lang='lat' dir='ltr'>recensendae</span> <span class='ocrx_word' id='word_1_781' title='bbox 1385 2405 1461 2430; x_wconf 89' lang='lat' dir='ltr'>sunt</span> <span class='ocrx_word' id='word_1_782' title='bbox 1491 2407 1523 2429; x_wconf 89' lang='grc'>81</span> <span class='ocrx_word' id='word_1_783' title='bbox 1547 2399 1695 2431; x_wconf 82' lang='lat' dir='ltr'>effectus.</span> <span class='ocrx_word' id='word_1_784' title='bbox 1741 2399 1874 2432; x_wconf 88' lang='lat' dir='ltr'>Poenae</span> <span class='ocrx_word' id='word_1_785' title='bbox 1897 2403 2022 2441; x_wconf 89' lang='lat' dir='ltr'>peccati</span> <span class='ocrx_word' id='word_1_786' title='bbox 2047 2404 2109 2433; x_wconf 85' lang='lat' dir='ltr'>ori-</span> 
     </span>
    </p>
   </div>
   <div class='ocr_carea' id='block_1_13' title="bbox 1138 2485 1258 2489">
    <p class='ocr_par' dir='ltr' id='par_1_22' title="bbox 1138 2485 1258 2489">
     <span class='ocr_line' id='line_1_117' title="bbox 1138 2485 1258 2489; baseline 0 0"><span class='ocrx_word' id='word_1_787' title='bbox 1138 2485 1258 2489; x_wconf 95' lang='lat' dir='ltr'> </span> 
     </span>
    </p>
   </div>
   <div class='ocr_carea' id='block_1_14' title="bbox 1131 2534 1956 2614">
    <p class='ocr_par' dir='ltr' id='par_1_23' title="bbox 1131 2534 1956 2614">
     <span class='ocr_line' id='line_1_118' title="bbox 1131 2534 1744 2572; baseline 0.005 -13"><span class='ocrx_word' id='word_1_788' title='bbox 1131 2536 1178 2572; x_wconf 55' lang='grc'><strong>512)</strong></span> <span class='ocrx_word' id='word_1_789' title='bbox 1198 2534 1381 2566; x_wconf 84' lang='lat' dir='ltr'>dubitationes]</span> <span class='ocrx_word' id='word_1_790' title='bbox 1403 2537 1475 2566; x_wconf 78' lang='lat' dir='ltr'>t&#39;orp.</span> <span class='ocrx_word' id='word_1_791' title='bbox 1496 2536 1562 2559; x_wconf 84' lang='lat'>2—8</span> <span class='ocrx_word' id='word_1_792' title='bbox 1582 2536 1744 2562; x_wconf 74' lang='lat' dir='ltr'>dubitationis</span> 
     </span>
     <span class='ocr_line' id='line_1_119' title="bbox 1925 2592 1956 2614; baseline 0.032 -1"><span class='ocrx_word' id='word_1_793' title='bbox 1925 2592 1956 2614; x_wconf 70' lang='lat'>43</span> 
     </span>
    </p>
   </div>
  </div>
 </body>
</html>
