2358 2933
79 172 141 205 201

111 393 171 420 115.
191 397 213 416 a.

103 427 162 456 (60,
182 426 218 454 a.)

153 815 179 833 10

149 1035 179 1054 1⁵

157 1279 187 1297 20

119 1492 182 1523 115,
204 1493 228 1517 b.

162 1919 189 1937 1⁰

168 2166 194 2184 1⁵

562 163 584 193 1.
609 161 711 193 LOCI
732 158 1014 192 THEOLOGICI:
1038 158 1076 189 B.
1101 158 1241 190 PRIMA
1264 156 1420 188 EORUM
1444 155 1601 187 AETAS.

237 266 300 297 set,
323 258 383 289 sed
405 262 440 288 ut
455 256 620 287 iudicandi
634 253 775 285 formula
786 252 991 293 magistratui
1008 261 1059 281 es-

237 308 299 333 set.
344 300 419 330 Non
452 299 484 329 in
514 297 580 329 hoc
607 299 705 339 igitur
733 295 965 336 disputandum
999 299 1061 330 est,

236 344 387 375 Mosaica
413 352 467 378 ne,
495 351 537 371 an
565 340 682 381 quavis
705 339 781 380 lege
812 338 857 368 uti
879 337 985 377 possit
1008 336 1064 377 qui

237 385 367 427 litigare
397 383 488 415 velit.
544 383 620 413 Non
649 380 963 412 enim·Christianus
1002 384 1064 414 est9

237 429 292 469 qui
314 426 430 468 litigat.
477 425 545 456 Sed
571 424 722 456 Mosaica
751 433 792 453 ne
822 421 898 463 lege
927 420 999 451 sola
1018 421 1064 451 uti

238 471 358 501 debeat
385 469 485 500 iudex
513 466 741 498 Christianus?
775 465 835 495 Hic
864 464 1065 504 respondeO,

238 523 342 554 penes
361 512 502 543 iudicem
525 518 613 546 esse,
641 510 688 539 uti
716 507 771 538 vel
807 518 875 537 non
904 507 950 536 uti
979 505 1066 536 Mosi

237 555 325 596 lege.
378 554 438 584 Est
469 553 553 584 enim
584 561 694 582 renim
724 548 1067 588 externarum'dispo-

239 598 314 628 sitio
340 597 512 638 quaedam,
536 604 620 634 quae
650 594 691 624 ad
715 592 997 624 Christianismum
1019 591 1067 620 ni-

238 639 286 671 hil
309 640 451 681 pertinet
480 647 549 668 non
572 635 686 673 aliter,
710 642 809 676 atque
834 635 933 665 edere
957 643 998 663 ac
1020 633 1067 663 bi-

240 683 331 713 bere.
370 679 496 711 Paulus
519 684 644 710 tantum
672 679 856 718 sapientem
878 677 1001 712 virum,
1035 681 1067 705 et

241 725 275 754 in
298 734 364 764 quo
387 724 429 752 sit
453 721 576 752 Christi
599 721 733 761 spiritus
762 721 904 750 iudicem
922 717 1067 758 postulat

352 765 367 782 „⁶
484 763 494 778 7
574 774 597 778 ..
633 768 642 777 t-
674 773 681 780 .
859 771 868 775 -
895 761 901 768 ·
919 761 944 775 ‘a
1090 769 1091 776 1

242 765 266 795 1⁸
291 764 439 796 COlmth‘
464 763 520 793 XL
547 767 610 800 μδ·
634 763 696 801 2⁶⁰]
729 763 782 792 AB
810 766 945 792 nescmb
981 760 1069 801 qUOd
1090 779 1091 809 3
1113 795 1184 818 retur
1201 793 1385 817 testamentum
1404 793 1486 815 vetus.
1506 791 1530 814 et
1549 789 1618 813 velut
1631 789 1817 818 obsignaretur.
1837 788 1871 812 lta
1882 793 1939 811 sau-

241 808 347 839 saneti
385 807 426 837 de
463 805 529 836 hoc
560 805 688 836 mun'do
719 804 919 835 iudicabunt.
978 803 1068 840 Item,

243 853 308 889 [vs.
340 849 386 887 5.]
416 848 514 880 Adeo
543 858 609 878 non
645 853 696 877 est.
725 848 810 877 inter
837 855 899 877 vos
935 847 1069 886 sapiens
1092 875 1093 881 ,

943 888 1070 922 Quibus
1091 918 1094 927 ‚

243 934 327 965 Iocis
350 933 499 973 adparet,
523 942 597 963 eum
616 942 682 962 non
705 931 814 972 legem
837 930 980 972 aliquam
1000 939 1071 960 cer·
1092 949 1093 956 η

244 983 322 1013 tam,
345 976 406 1006 sed
429 973 608 1016 spiritualis
632 974 691 1004 viri
720 974 873 1004 iudiciiun
892 973 1070 1014 requirere.
1093 982 1094 991 ¹

242 893 416 933 quisquam
440 891 494 931 qui
518 890 625 931 possit
653 889 799 920 iudicare
833 894 896 919 etc.

244 1017 340 1049 Alias
377 1018 473 1048 etiam
510 1016 655 1057 gladiinn
690 1016 837 1056 gentium
872 1015 1071 1056 probat‚¹de

244 1070 310 1101 quo
333 1065 452 1100 postea
467 1059 625 1096 dicemus,
649 1064 812 1098 vocatque
828 1058 880 1088 dei
896 1057 1071 1087 ordinatio-

244 1112 328 1132 nem.
353 1101 459 1131 Porro
485 1099 585 1142 gladii
597 1100 769 1141 potissima
783 1109 861 1140 pars
877 1099 971 1141 leges
985 1104 1071 1129 sunt.

244 1277 330 1302 runt.
375 1270 417 1301 Et
439 1270 529 1302 haud
552 1271 622 1300 scio
648 1280 690 1300 an
704 1270 870 1311 gesserint
890 1270 986 1300 etiam
1005 1268 1073 1300 Da-

244 1312 322 1351 mel'
347 1320 379 1344 et
402 1312 456 1344 alu
479 1311 650 1344 Israehtae
673 1319 758 1343 mter
776 1311 950 1354 Assynos‘
975 1311 1074 1343 certe
1096 1354 1097 1357 η
1120 1337 1217 1361 serunt.
1236 1335 1261 1359 id
1280 1334 1348 1365 quod
1366 1334 1417 1362 lex,
1437 1334 1483 1359 sed
1502 1334 1579 1364 plane
1598 1332 1716 1357 remissio
1729 1335 1901 1362 peccatorum.
1921 1333 1947 1354 et

245 1356 391 1397 gentium
420 1355 566 1396 gladium
595 1355 700 1397 gessit
730 1354 914 1386 Romanum
950 1355 1075 1396 praesi-

246 1399 334 1430 dium
378 1398 520 1429 Iudaeae
553 1399 751 1439 impositum.
792 1397 835 1428 Et
858 1398 1013 1438 probavit
1025 1397 1075 1427 Io-

245 1439 374 1472 hannes
397 1441 510 1472 Lucae
533 1440 586 1471 111.
612 1444 676 1480 [vs.
693 1441 744 1471 14.
754 1443 778 1479 ε]
802 1440 975 1471 Neminem
998 1450 1075 1471 con-

246 1484 387 1521 cutiatis,
409 1493 519 1525 neque
542 1482 740 1514 calumniam
767 1481 922 1521 faciatis,
953 1488 984 1514 et
998 1493 1076 1513 con—

247 1527 327 1557 tenti
351 1532 460 1557 estote
483 1526 656 1566 stipendiis
679 1526 812 1557 vestris.
845 1525 936 1556 Talis
951 1532 983 1557 et
995 1524 1076 1556 Cor-

249 1567 355 1600 nelius
378 1568 437 1599 fuit
449 1569 610 1600 Actorum
623 1568 665 1599 X.
679 1568 754 1599 talis
772 1567 832 1600 fuit
844 1574 877 1599 et
888 1567 1076 1600 Proconsul

249 1611 387 1652 Sergius
410 1611 580 1642 Actorum.
605 1610 692 1641 XIII.
712 1613 794 1648 [vss.
818 1611 949 1650 7-1‘2.]
985 1610 1078 1642 Haec
1099 1627 1101 1632 π

248 1653 323 1684 ideo
353 1654 525 1691 recensui,
548 1659 583 1683 ut
601 1651 822 1694 intelligatur,
852 1653 895 1683 ad
922 1654 1078 1684 iustitiam

253 1696 399 1736 spiritus,
422 1695 513 1726 nihil¹
526 1696 692 1736 pertinere
711 1694 840 1726 civilem
862 1694 953 1726 illam
968 1702 999 1726 et
1023 1705 1078 1726 ex-

252 1745 379 1769 ternam
397 1748 508 1769 rerum
524 1738 815 1778 dispensationem,
839 1747 906 1768 non
924 1737 1019 1768 aliter
1031 1743 1078 1768 at·
1100 1747 1101 1759 ³

251 1790 316 1822 que
339 1790 454 1822 agrum
476 1779 605 1817 fodere,
629 1785 684 1811 aut
694 1780 882 1816 aedificare,
905 1786 962 1811 aut
982 1789 1080 1811 suere

250 1821 385 1854 calceos
408 1821 490 1854 nihil
501 1821 648 1854 referunt
661 1823 804 1853 iustitiae
827 1823 972 1863 spiritus.
989 1832 1079 1853 esse·

251 1875 315 1907 que
340 1875 444 1906 penes
468 1864 674 1896 Christianos
697 1866 754 1903 uti,
777 1864 833 1896 vel
855 1875 923 1896 non
945 1866 991 1896 uti
1014 1863 1079 1895 for-

250 1909 311 1939 mis
335 1908 499 1939 iudicandi
523 1908 690 1938 Mosaicis.
714 1908 920 1949 Quan¹quam
940 1908 1080 1949 optarim

251 1960 312 1992 pro
336 1950 515 1993 gentilibus
535 1956 566 1981 et
590 1960 692 1991 saepe
715 1949 825 1981 stultis
854 1949 985 1992 legibus
1008 1949 1079 1980 Μο-

252 1993 360 2024 saicas
383 1994 496 2034 recipi.
528 1992 648 2024 Sumus
672 1994 759 2024 enim
782 1992 876 2024 oleae
898 1992 946 2023 illi
957 1993 1079 2024 inserti.

251 2035 293 2066 Et
311 2037 449 2067 verbum
479 2036 532 2067 dei
561 2036 703 2067 decebat
731 2035 901 2076 praeferre
928 2035 1079 2067 humanis

253 2079 551 2109 constitutionibus.
592 2079 664 2109 Nec
682 2078 781 2110 hodie
808 2077 893 2109 alius
922 2077 992 2109 fere
1014 2078 1080 2109 Ro-

253 2122 339 2152 mani
350 2120 440 2152 illius
452 2122 532 2152 iuris
544 2130 625 2152 usus
650 2127 711 2159 est,
735 2131 832 2162 quam
843 2122 876 2151 in
900 2121 1072 2162 litigatum,

258 2170 292 2194 ut
314 2163 458 2194 habeant
475 2164 563 2194 unde
582 2174 619 2194 se
642 2163 732 2195 alant
757 2163 894 2195 rabulae
915 2163 1079 2195 forenses.

292 2239 459 2271 [Hactenus
478 2238 544 2273 (fol.
568 2243 623 2270 105,
652 2239 678 2265 b.
698 2240 750 2265 lin.
774 2243 811 2266 14.
837 2241 877 2266 acl
893 2239 947 2272 fol.
971 2242 1032 2268 115.
1053 2239 1080 2264 b.

257 2273 308 2299 liu.
326 2276 379 2306 15.)
393 2273 495 2299 locum
503 2282 631 2308 prorsus
642 2276 837 2300 immutatum
847 2273 939 2300 habes
951 2274 1044 2300 z'nEd.
1055 2276 1080 2300 7.

256 2307 334 2338 (Ful.
353 2307 481 2337 LXXII,
492 2317 518 2334 (ι.
538 2308 588 2333 lin.
598 2311 640 2335 *28-
653 2308 694 2334 ad
706 2308 770 2334 Fol.
783 2308 904 2339 LXXV,
920 2308 946 2333 h.
960 2308 1013 2334 lin.
1025 2311 1082 2340 22.)

257 2341 314 2367 Ιιοο
332 2342 438 2367 modo:

308 2421 346 2446 DE
368 2421 538 2447 DlSCRIMlNE
557 2422 626 2447 Nori
646 2422 682 2446 ET
700 2422 820 2447 VETERIS
839 2421 1029 2447 TESTAMENTI.

292 2470 459 2510 CONFUSlUS
484 2473 561 2503 paulo
585 2473 687 2497 ridetur
709 2473 749 2497 hic
778 2473 848 2498 locus
874 2474 998 2498 tractatus
1023 2479 1083 2498 esse

258 2510 390 2535 superiore
414 2508 604 2532 commentario.
647 2508 728 2537 Quare
754 2507 793 2531 hic
822 2507 991 2532 retexendum
1016 2507 1085 2533 duxi.

258 2541 286 2563 ut
303 2539 470 2570 digereretur.

293 2582 370 2608 vetus
389 2586 571 2609 testamentum
591 2584 633 2609 lex
651 2586 705 2611 est,
725 2586 750 2608 ut
769 2584 957 2613 simplicissime
984 2587 1009 2608 et
1031 2584 1086 2613 pin-

1104 252 1152 282 [νς.
1170 252 1205 282 3.]
1225 258 1281 276 cum
1302 251 1372 276 velut
1390 250 1526 280 paciscitur
1544 248 1622 274 Israel
1646 253 1702 272 cum
1729 247 1786 277 deo.
1804 247 1931 271 facturum

1105 292 1142 311 se.
1161 286 1281 316 quidquid
1301 286 1401 314 legerat
1419 285 1512 309 Moses.
1531 284 1638 313 Eiusque
1658 282 1724 312 pacti
1743 280 1865 312 σφραγὶς
1885 282 1932 306 est.

1106 321 1212 348 sanguis
1232 325 1280 350 quo
1300 319 1478 348 conspergitur
1496 317 1583 342 lsrael.

1142 361 1257 391 Adpellat
1284 362 1345 385 item
1365 361 1465 390 legem.
1484 360 1678 385 testamentum.
1697 357 1804 386 foedus,
1824 357 1867 381 aut
1889 362 1934 386 pa-

1108 399 1184 420 ctum.
1204 395 1286 420 Hiere.
1305 395 1384 419 XXXI.
1403 394 1450 425 [vs.
1466 394 1517 425 33]
1539 396 1564 418 ut
1583 393 1664 417 multa
1676 390 1934 420 huiusmodiinpsal-

1110 430 1157 453 inis
1177 430 1277 454 interim
1298 431 1465 458 praeteream.

1144 476 1172 500 Et
1190 475 1286 499 Paulus
1305 475 1333 499 ΙΙ.
1354 474 1462 498 Corinth.
1476 474 1510 498 lll.
1530 473 1577 504 [rs.
1592 472 1642 503 14]
1661 472 1735 501 plane
1748 471 1841 500 legem.
1862 473 1936 494 vetus

1110 512 1292 535 testamentum
1312 508 1433 537 adpellat.

1146 556 1242 581 Noxum
1261 556 1453 583 testamentum,
1472 552 1637 581 Evangeliuin
1657 555 1704 578 est.
1724 551 1748 574 id
1767 554 1820 575 est.
1839 551 1936 579 gratiae

1111 589 1283 614 adnuntiatio,
1317 588 1432 617 adeoque
1458 590 1483 611 et
1508 587 1610 616 spiritus
1636 585 1718 609 sancti
1746 585 1856 609 donatio.
1898 584 1938 607 Sic

1090 635 1091 638 =
1113 624 1226 648 Christus
1245 625 1318 646 vocat
1337 622 1421 646 Matth.
1441 620 1518 645 xxx'l.
1538 620 1585 650 [vs.
1605 620 1644 642 28.
1657 617 1674 648 z]
1703 618 1746 642 llic
1772 622 1812 642 est
1831 618 1937 647 sanguis

1090 678 1091 685 ,
1112 664 1194 685 meus,
1213 657 1271 681 novi
1289 655 1446 680 testamenti.
1465 655 1506 684 qui
1524 660 1569 684 pro
1589 653 1675 677 multis
1694 653 1840 676 effundetur
1859 653 1884 676 in
1897 657 1938 675 re—

1113 692 1261 716 missionem
1281 693 1450 720 peccatorum.
1465 689 1508 713 ubi
1527 687 1613 711 definit
1633 693 1725 710 novum
1746 689 1938 714 testamentum,

1114 726 1230 756 inquiens
1256 730 1314 749 esse
1341 723 1518 747 remissionem
1544 724 1719 751 peccatorum.
1745 721 1771 744 Et
1798 720 1861 744 sicut
1881 725 1939 743 san-

1114 760 1190 789 guine
1210 759 1281 783 vituli
1309 758 1388 782 lsrael
1407 763 1421 781 a
1440 757 1508 781 Mose
1528 756 1669 785 adspersus
1688 756 1741 778 est.
1761 759 1818 778 cum
1838 753 1939 777 dedica-

1113 828 1172 858 guis
1192 827 1292 851 Christi.
1312 825 1472 854 signaculum
1493 826 1532 848 est
1552 823 1700 848 testamenti
1719 822 1784 846 novi.

1338 902 1376 927 DE
1398 901 1482 926 LEGIS
1501 899 1716 925 ABROGATIONE.

1152 962 1231 991 Quom
1258 961 1376 986 christus
1395 966 1488 984 novum
1507 960 1689 984 testamentum
1709 959 1795 983 vocat.
1819 963 1869 981 non
1895 957 1941 981 tlu-

1117 996 1186 1020 bium
1211 999 1263 1021 est.
1289 995 1349 1025 quin
1373 997 1446 1018 vetus
1464 993 1527 1018 illud
1552 993 1726 1022 antiquatum.
1746 995 1769 1016 et
1789 992 1941 1020 abrogatum

1118 1030 1186 1054 velit.
1224 1030 1262 1053 Sic
1282 1029 1350 1052 enini
1375 1028 1570 1057 argumentatur
1589 1030 1677 1050 auctor
1701 1025 1826 1055 Epistulae
1846 1024 1878 1049 ad
1892 1025 1941 1049 He-

1093 1083 1095 1091 .
1117 1065 1218 1091 braeos‚
1238 1068 1269 1086 ex
1288 1062 1430 1086 Hieremiae
1450 1061 1549 1089 verbis,
1581 1065 1644 1090 quae
1670 1059 1745 1089 paulo
1771 1062 1830 1083 ante
1856 1058 1941 1082 citavi-

1117 1103 1184 1127 mus,
1193 1096 1307 1125 dicendo,
1317 1102 1411 1120 novum
1425 1095 1565 1125 antiquavit
1587 1094 1665 1124 prius.
1680 1099 1733 1123 cap.
1752 1093 1807 1117 vni.
1825 1093 1873 1123 [vs.
1892 1091 1941 1122 13.]

243 1143 354 1185 Atque
378 1144 422 1174 ita
444 1145 497 1174 usi
519 1148 596 1173 sum
620 1143 765 1184 gentium
787 1142 914 1183 gladio,
938 1148 970 1172 et
994 1151 1072 1183 gen·
1094 1139 1096 1162 ³,
1118 1132 1145 1156 Et
1164 1131 1206 1155 vel
1224 1137 1256 1155 ex
1273 1130 1312 1154 his
1331 1129 1446 1159 adparet,
1465 1131 1587 1160 quantum
1607 1128 1714 1152 intersit.
1735 1127 1800 1152 inter
1817 1128 1904 1151 Mosen
1919 1129 1944 1150 et

244 1187 323 1218 tium
346 1185 475 1227 legibus
487 1186 637 1216 Naaman
652 1185 769 1226 Syrus·
792 1185 1073 1226 Nabugdonosor,
1095 1182 1096 1212 3
1119 1165 1255 1190 Christum,
1273 1165 1340 1189 inter
1358 1165 1443 1193 legem
1463 1167 1488 1187 et
1507 1162 1679 1192 Evangelium.
1698 1162 1784 1186 Moses
1803 1160 1898 1185 veteris
1907 1163 1944 1184 te-

245 1234 278 1259 et
301 1229 328 1259 si
352 1229 407 1270 qui
430 1227 485 1259 alii
509 1238 550 1258 ex
573 1228 726 1269 gentibus
738 1228 782 1268 pii
805 1228 974 1268 principes
995 1226 1071 1257 sue·v
1095 1242 1096 1273 i

1119 1199 1247 1229 stamenti,
1265 1199 1313 1222 boc
1332 1202 1379 1227 est,
1398 1198 1463 1227 legis
1482 1198 1598 1221 minister
1617 1199 1679 1220 erat.
1711 1196 1825 1219 Christus
1836 1194 1893 1219 novi
1907 1196 1944 1218 te-

1119 1233 1248 1261 stamenti.
1270 1238 1320 1256 non
1345 1232 1410 1261 legis
1436 1231 1553 1262 quidem.
1579 1236 1638 1255 nam
1663 1236 1694 1254 ea
1718 1230 1768 1254 iam
1793 1231 1869 1253 antea
1887 1234 1944 1258 pro-

1119 1268 1234 1297 mulgata
1253 1268 1317 1295 erat.
1337 1266 1476 1291 ministerio
1496 1266 1564 1290 Mosi.
1584 1264 1629 1289 sed
1648 1264 1807 1288 remissionis
1827 1264 1945 1293 peccato-

1118 1308 1184 1326 rum.
1221 1300 1338 1325 Proinde.
1358 1306 1409 1325 non
1427 1302 1467 1325 est
1485 1299 1658 1328 Evangeiium,
1677 1301 1704 1323 ut
1723 1297 1867 1322 scholastici
1887 1302 1945 1320 sen—

1120 1370 1250 1400 ipsissima
1268 1369 1403 1394 absolutio.
1424 1371 1449 1393 ut
1469 1370 1567 1393 vocant.

1156 1418 1237 1447 Supra
1256 1416 1340 1445 legem
1359 1416 1385 1440 in
1402 1418 1455 1440 tres
1473 1418 1560 1445 partes
1585 1413 1763 1442 distinximus,
1790 1413 1817 1437 ln
1847 1411 1945 1436 formas

1121 1457 1230 1477 morum.
1249 1450 1452 1475 ceremoniarum
1471 1452 1497 1473 et
1515 1449 1672 1473 iudiciorum.
1709 1447 1777 1476 Quas
1799 1451 1888 1470 omnes
1901 1451 1946 1469 ne-

1121 1491 1194 1510 cesse
1215 1486 1254 1509 est
1273 1484 1411 1514 abrogatas
1430 1489 1499 1511 esse.
1524 1484 1545 1508 si
1568 1484 1642 1507 vetus
1667 1482 1852 1505 testamentum
1881 1479 1946 1504 anti-

1122 1522 1226 1550 quatum
1245 1520 1292 1543 est.
1328 1519 1442 1548 Quaeras
1460 1518 1550 1547 igitur.
1577 1522 1638 1541 num
1659 1515 1793 1543 occidere,
1818 1513 1947 1539 moechari

1121 1554 1206 1579 liceat.
1243 1552 1372 1583 Siquidem
1392 1553 1447 1582 lex,
1466 1551 1612 1576 insolidum
1631 1550 1756 1579 abrogata
1776 1550 1816 1573 est
1834 1553 1900 1572 novo
1909 1549 1947 1572 te-

1122 1591 1256 1613 stamento.
1281 1587 1322 1611 Sic
1341 1590 1366 1611 et
1385 1587 1452 1617 apud
1471 1586 1577 1611 Paulum
1597 1585 1735 1615 quaeritur.
1754 1584 1779 1608 Si
1797 1588 1848 1607 non
1857 1587 1946 1607 sumus

1123 1623 1170 1647 sub
1191 1622 1258 1651 lege.
1277 1627 1339 1650 ergo
1358 1621 1542 1651 peccabimus?

1158 1668 1319 1698 Respondeo‚
1337 1667 1381 1692 llic
1399 1667 1564 1696 abrogandae
1583 1666 1649 1695 legis
1668 1670 1768 1690 caussa.
1787 1666 1813 1688 et
1831 1669 1880 1694 quo
1894 1669 1949 1687 mu-

1123 1705 1176 1727 tata
1204 1703 1245 1726 lex
1264 1703 1309 1728 sit.
1322 1701 1505 1732 spectandum
1525 1704 1572 1726 est,
1606 1700 1720 1724 Primum
1746 1703 1866 1723 caussam
1884 1697 1950 1726 legis

1123 1736 1288 1766 abrogandae
1298 1736 1473 1760 necessariam
1484 1735 1585 1765 exponit
1595 1734 1677 1758 Hiere.
1688 1733 1767 1758 XXXl.
1777 1732 1840 1762 [vss.
1854 1733 1884 1756 31
1901 1731 1950 1761 sq.]

1124 1771 1167 1795 ubi
1185 1770 1242 1795 ideo
1268 1769 1386 1794 dominus
1404 1775 1498 1794 novum
1517 1770 1700 1793 testamentum
1724 1766 1864 1797 promittit.
1891 1766 1950 1795 quia

1123 1808 1198 1829 vetus
1224 1804 1287 1828 illud
1314 1810 1365 1829 non
1391 1804 1610 1834 praestiterimus,
1637 1805 1663 1826 et
1686 1801 1824 1826 fecerimus
1843 1800 1950 1824 irrltum.

1100 1864 1101 1869 ¹
1123 1838 1237 1864 Eundem
1256 1839 1352 1867 allegat
1370 1839 1395 1862 in
1413 1839 1479 1863 Actis
1499 1838 1551 1868 [15.
1574 1837 1623 1866 lo.]
1648 1835 1856 1865 abrogandamm
1879 1839 1951 1858 cere-

1125 1874 1268 1898 moniarum
1288 1878 1408 1897 caussam
1426 1872 1525 1899 Petrus.
1545 1877 1601 1896 cum
1622 1871 1665 1899 ait,
1683 1871 1734 1895 Nec
1743 1875 1799 1894 nos.
1809 1872 1949 1898 necpatres

1125 1908 1205 1932 nostri
1223 1908 1324 1936 portare
1344 1907 1486 1936 potuimus.
1513 1911 1577 1935 quae
1597 1904 1725 1929 sententia
1750 1903 1783 1927 ad
1801 1903 1950 1927 universam

1125 1942 1209 1970 legem
1229 1941 1347 1971 pertinet.
1365 1946 1425 1964 nam
1445 1939 1604 1964 ceremonias
1629 1938 1727 1963 nullum
1753 1937 1802 1961 fuit
1819 1936 1951 1966 negotium

1125 1975 1203 2002 ferre.
1221 1975 1306 2004 legem
1324 1975 1458 2001 moralem.
1478 1977 1505 1998 ut
1523 1976 1623 2001 vocant,
1643 1978 1718 1997 nemo
1738 1971 1872 2001 expressit.
1891 1970 1950 1999 Quis

1126 2010 1193 2034 enim
1221 2009 1334 2033 omnium
1362 2009 1403 2033 vel
1431 2010 1577 2033 sanctorum
1602 2005 1806 2036 concupiscentia
1832 2004 1952 2028 vacavit?

1126 2045 1153 2069 Et
1172 2046 1262 2068 auctor
1279 2043 1405 2073 Epistolae
1430 2042 1462 2067 ad
1480 2042 1626 2071 Hebraeos,
1654 2039 1804 2065 mandatum
1821 2038 1951 2063 infirmum

1126 2079 1151 2102 et
1170 2077 1274 2106 inutile,
1294 2077 1378 2106 legem
1398 2083 1457 2102 esse
1477 2076 1549 2101 dicit.
1574 2077 1599 2100 et
1617 2077 1762 2106 propterea.
1780 2078 1846 2097 novo
1872 2074 1952 2097 testa-

1126 2114 1213 2137 mento
1236 2111 1386 2136 mutantium
1412 2111 1502 2135 fuisse.
1537 2111 1591 2135 Fuit
1618 2115 1680 2138 ergo
1706 2108 1770 2132 baec
1794 2106 1859 2136 legis
1878 2106 1952 2131 abro—

1125 2146 1226 2177 gandae
1247 2151 1347 2171 caussa.
1366 2145 1425 2176 quia
1444 2145 1572 2175 praestari
1590 2150 1637 2169 seu
1649 2143 1704 2167 fieri
1713 2148 1763 2167 non
1773 2141 1861 2171 potuit.
1882 2140 1951 2170 Quae

1126 2186 1219 2206 caussa
1243 2186 1300 2204 cum
1325 2179 1359 2204 ad
1383 2180 1467 2209 legem
1487 2179 1612 2203 moralem
1631 2178 1728 2208 potius,
1755 2181 1831 2206 quam
1859 2174 1899 2198 vel
1918 2174 1952 2198 ad

1126 2215 1275 2240 iudiciorum
1295 2214 1401 2242 formas,
1419 2214 1461 2238 rel
1479 2213 1512 2238 ad
1530 2212 1688 2238 ceremonias
1697 2210 1824 2241 pertineat
1842 2214 1950 2233 necesse

1126 2252 1165 2274 est
1184 2249 1314 2273 fateamur
1332 2248 1484 2277 decalogum
1503 2253 1602 2278 quoque
1628 2246 1778 2275 abrogatum
1803 2248 1870 2268 esse.
1908 2243 1953 2266 So-

1126 2284 1226 2314 phistae
1245 2283 1325 2307 nostri
1343 2282 1478 2309 iudicialia.
1498 2284 1523 2306 et
1542 2280 1704 2306 ceremonias
1715 2279 1801 2302 dicunt
1813 2277 1951 2306 abrogatas

1127 2324 1194 2343 esse.
1230 2317 1324 2347 Legem
1343 2317 1375 2341 de
1395 2317 1509 2341 moribus
1528 2322 1543 2340 a
1563 2316 1660 2340 Christo
1680 2313 1757 2338 etiam
1767 2311 1840 2336 novis
1850 2310 1951 2340 legibus

1126 2354 1227 2377 auctam
1247 2358 1313 2376 esse.
1341 2351 1410 2376 Adeo
1428 2357 1459 2376 ex
1478 2351 1576 2375 Christo
1593 2350 1632 2374 bis
1651 2349 1738 2373 Mosen
1761 2345 1862 2370 faciunt.

1163 2400 1247 2424 Habes
1267 2404 1385 2423 caussam
1403 2396 1568 2427 abrogandae
1586 2396 1660 2425 legis.
1694 2395 1764 2421 Nunc
1783 2402 1832 2427 quo
1851 2397 1950 2420 mutata

1128 2434 1168 2463 sit,
1187 2432 1402 2458 considerandum
1421 2434 1468 2456 est.

1165 2481 1263 2506 Novum
1281 2481 1464 2504 testamentum
1484 2481 1524 2503 est
1541 2478 1660 2503 remissio
1679 2480 1848 2508 peccatorum.
1868 2480 1893 2501 et
1910 2476 1953 2500 do-

1130 2515 1199 2540 natio
1219 2514 1322 2544 spiritus
1341 2514 1429 2538 sancti.
1465 2512 1572 2537 Proinde
1591 2513 1677 2542 legem
1697 2519 1755 2537 esse
1767 2512 1896 2537 inductam
1906 2516 1953 2535 seu

1131 2550 1290 2578 abrogatam,
1308 2548 1369 2573 nihil
1389 2552 1429 2572 est
1447 2547 1495 2572 nisi
1512 2550 1618 2577 peccata
1637 2547 1782 2577 condonari,
1801 2549 1826 2571 et
1837 2546 1952 2576 spiritum

1130 2586 1247 2609 sanctum
1267 2582 1364 2607 effundi
1382 2583 1407 2607 in
1426 2581 1503 2606 corda
1521 2587 1625 2607 eorum.
1650 2582 1742 2612 quibus
1765 2582 1869 2611 peccata
1893 2585 1952 2604 con-

259 2617 383 2646 guissime
408 2618 550 2648 loquamur.
589 2619 629 2643 Sic
653 2619 735 2642 Moses
761 2618 874 2648 adpellat
900 2618 975 2643 Exodi
995 2618 1083 2642 XXllll.
1106 2624 1108 2639 ι
1131 2618 1232 2642 donavit
1253 2617 1323 2642 deus.
1361 2616 1430 2646 Quod
1451 2616 1534 2645 legem
1554 2616 1649 2641 abolet.
1668 2616 1736 2645 facit,
1754 2622 1786 2640 ne
1806 2615 1845 2639 vel
1857 2613 1953 2638 meritis
