2358 2933
236 102 301 134 655
867 101 978 133 PHIL.
1001 101 1104 132 MEL.
1124 100 1311 133 SCRIPTA
1333 100 1610 133 DOGMATIGA.
2176 104 2240 137 656

327 195 393 226 Sed
418 201 523 225 tamen
548 194 600 224 hic
624 194 792 224 sciendum
812 199 873 230 est,
894 194 980 223 banc
998 195 1103 233 ipsam
1121 192 1217 224 liber-

238 245 337 269 tatem
368 238 496 267 ‹lnabus
526 237 656 266 caussis
687 235 782 266 valde
806 236 969 275 impediri,
997 235 1152 266 videlicet
1175 237 1216 266 ab

239 280 440 311 infirmitate.
466 290 550 319 quae
581 280 750 308 nobiscum
774 279 936 315 nascitur,
964 284 995 308 et
1019 289 1039 309 a
1061 277 1216 308 Diabolo.

239 323 321 353 Nam
357 323 431 362 quia
462 322 568 351 vitiosi
594 321 731 351 allectus
756 321 786 350 in
813 320 998 351 hominibus
1022 328 1097 350 sunt
1121 330 1217 350 acres

238 364 359 395 stimuli
384 371 413 394 et
437 374 555 404 magna
578 364 757 394 animorum
778 363 940 400 incendia,
958 363 1106 393 homines
1118 372 1219 402 saepe

239 407 392 437 obediunt
428 405 492 436 illis
528 412 643 437 contra
666 404 839 436 consilium
859 406 992 442 mentis,
1023 405 1121 435 etiam
1145 415 1218 435 cum

238 456 373 490 possent
399 459 436 478 se
461 447 635 485 cohibere,
664 449 691 478 si
715 448 951 485 miniter-entur,
973 454 1008 478 ut
1030 447 1150 478 Medea
1172 448 1218 477 in-

238 493 303 533 quit
322 494 380 523 Ui:
405 491 509 521 Video
530 490 665 521 meliora
685 492 867 531 proboque,
884 490 1061 520 Deteriora
1084 499 1218 530 sequor.

239 535 277 564 Et
302 532 425 564 Paulus
454 535 556 574 inquit
580 533 664 574 Eph.
694 534 723 562 2.
750 537 813 572 [vs.
837 534 881 570 ’24
908 531 1084 563 Diabolum
1108 532 1219 562 effica-

239 587 309 607 cem
334 586 410 607 esse
434 577 466 606 in
489 577 604 616 impiis.
650 576 710 606 Hic
735 586 865 617 quoque
888 574 1081 615 disciplinae
1099 576 1219 606 rectio-

239 630 312 650 nem
348 620 378 649 iu
413 626 481 649 tota
515 620 581 649 vita
615 617 838 659 uuiltipliciter
864 618 997 658 impedit
1020 628 1061 648 ac
1083 616 1217 657 impellit

238 661 377 699 multos,
411 668 445 692 ut
484 668 577 692 ruant
610 662 700 691 caeci
731 668 761 692 et
791 661 938 691 [urentes
967 662 999 690 in
1029 660 1218 690 tristissima

239 704 337 736 mala.
384 706 475 735 Sicut
499 704 539 734 de
564 703 663 734 Saule
691 710 721 734 et
746 704 786 734 de
810 703 886 734 luda
911 702 1081 733 manifeste
1104 702 1218 732 scribi-

240 755 308 778 tur:
334 748 466 777 intrarit
489 747 520 777 in
544 756 616 777 euin
640 747 792 778 Satanas.
823 746 863 776 Et
886 744 930 776 illi
954 746 1063 786 magni
1087 744 1217 775 furores

239 791 271 820 in
296 788 384 821 cultu
409 788 580 826 idolorunn
600 790 738 820 saevitia
751 788 980 829 Tyrannorum
1003 794 1034 818 et
1057 786 1218 818 bellorum

241 831 402 869 civilium,
431 838 465 863 ut
495 842 568 862 cum
591 831 725 862 Xantbii
755 837 785 861 et
809 830 863 861 alii
887 829 978 860 multi
1002 840 1081 860 suas
1106 830 1218 860 civita-

241 882 290 905 tes
315 875 376 914 ipsi
400 875 635 911 accenderunt,
658 880 689 904 et
712 884 788 904 sese
807 879 838 904 et,
861 873 1020 914 coniuges
1046 878 1077 903 et
1095 881 1218 912 parvos

241 916 362 947 liberos
387 918 417 947 in
441 918 550 958 ignem
570 917 801 953 coniecerunt,
819 922 895 946 sunt
919 914 1094 946 manifesta
1118 924 1217 954 opera

240 958 382 990 Diaboli.
428 959 487 989 Est
517 960 634 1000 ingens
658 960 755 1000 igitur
778 957 984 989 imbecillitas
1007 958 1137 998 generis
1160 956 1218 986 hu-

239 1003 343 1040 mani,
366 1008 399 1032 ut
424 1003 566 1033 omnium
591 1008 772 1042 temporum
795 1000 953 1031 historiae
976 1006 1009 1030 et
1032 1000 1220 1040 quotidiana

240 1045 441 1085 experientia
466 1045 579 1082 docet,
608 1045 641 1074 in
665 1055 728 1085 qua
751 1050 876 1074 tantum
898 1041 1102 1073 horribilium
1123 1042 1220 1072 mise-

241 1088 360 1118 riarum
384 1087 546 1123 cernitur,
572 1093 606 1118 ut
635 1087 803 1127 sapientes
825 1085 956 1116 Ethnici
985 1094 1098 1116 omnes
1121 1083 1220 1115 valde

239 1131 345 1161 mirati
368 1131 449 1167 sint,
483 1130 570 1160 unde
599 1136 725 1160 tantum
754 1130 794 1158 sit
818 1129 850 1158 in
872 1128 936 1158 hac
959 1128 1140 1169 praestanti
1163 1137 1220 1157 na-

240 1180 313 1204 tiu·a
348 1171 578 1203 confusionum
612 1178 643 1202 et
676 1172 936 1202 tristissimorum
961 1180 1107 1201 casuum.
1153 1169 1219 1200 Sed

239 1222 346 1246 tamen
379 1215 463 1245 inter
491 1214 576 1245 haec
605 1215 835 1255 impedimenta
856 1219 964 1243 manet
987 1211 1107 1253 aliquis
1132 1210 1220 1242 dele-

240 1264 333 1295 ctus,
359 1256 468 1298 aliqua
495 1255 629 1288 libertas
654 1258 685 1287 in
716 1256 925 1288 mediocriter
951 1256 1060 1293 sanis,
1082 1255 1219 1296 regendi

241 1306 393 1331 externos
417 1309 536 1330 mores.

327 1342 492 1373 Secundo.
539 1342 605 1373 Sed
629 1342 660 1372 in
686 1340 836 1372 Ecclesia
856 1340 920 1371 Dei
943 1350 1009 1370 non
1032 1345 1156 1370 tantum
1176 1339 1221 1369 (11-

241 1387 323 1417 citur
357 1386 398 1416 de
434 1386 577 1415 externis
612 1385 777 1422 moribus,
811 1383 872 1414 sed
907 1383 947 1413 de
970 1383 1096 1423 integra
1120 1382 1220 1422 Legis

240 1427 428 1469 impletione
462 1428 492 1457 in
530 1428 642 1458 corde.
687 1426 784 1457 Mens
818 1427 850 1456 in
884 1435 950 1456 non
974 1425 1097 1455 renatis
1123 1423 1221 1465 plena

241 1478 288 1501 est
313 1471 550 1501 dubitationum
574 1470 614 1500 de
635 1469 726 1507 Deo,
761 1469 863 1499 corda
886 1474 962 1498 sunt
986 1468 1057 1497 sine
1080 1477 1159 1498 vero
1185 1467 1220 1497 ti-

239 1524 330 1544 more
365 1514 445 1551 Dei,
479 1514 550 1543 sine
576 1522 654 1543 vera
684 1512 821 1549 fiducia,
855 1517 885 1540 et
921 1510 1043 1541 habent
1080 1510 1221 1550 impetus

239 1558 390 1598 ingentes
423 1561 538 1586 contra
566 1554 689 1596 Legem
717 1554 790 1584 Dei.
840 1552 992 1594 Denique
1019 1559 1135 1583 namna
1163 1552 1220 1583 hu-

239 1610 337 1630 mana
369 1608 532 1639 oppressa
565 1603 617 1628 est
638 1603 776 1638 peccato
802 1602 833 1626 et
855 1602 978 1633 morte,
1011 1605 1073 1625 nec
1096 1595 1220 1637 magni-

240 1642 318 1672 tudo
343 1641 438 1671 buius
462 1639 537 1671 mali
562 1640 766 1680 conspicitur
788 1638 930 1669 humano
954 1638 1084 1669 iudicio.
1104 1639 1165 1668 sed
1188 1638 1220 1667 in

240 1685 342 1715 verbo
366 1683 428 1714 Dei
456 1682 613 1714 revelato.
659 1682 721 1713 Hic
744 1688 868 1712 certum
892 1688 961 1719 est,
982 1680 1132 1711 homines
1155 1690 1219 1710 non

239 1727 363 1757 habere
386 1725 571 1757 libertatem
595 1726 780 1765 deponendi
803 1724 890 1754 hanc
905 1724 1098 1764 pravitatem
1111 1723 1220 1753 nobis-

241 1781 314 1800 cum
337 1775 528 1799 nascentem
550 1775 605 1799 aut
619 1768 802 1807 deponendi
815 1773 963 1797 mortem.
992 1765 1083 1796 Haec
1100 1775 1219 1806 magna

241 1819 270 1843 et
298 1812 475 1852 praecipua
507 1811 636 1852 generis
660 1810 791 1841 humani
814 1808 900 1840 mala
917 1810 1115 1846 intueamur,
1146 1818 1220 1838 cum

241 1861 434 1886 extenuatur
461 1853 598 1884 libertas
628 1852 819 1883 voluntatis.
864 1852 939 1882 Non
967 1857 1077 1892 potest
1106 1849 1220 1881 volun-

240 1904 290 1928 tas
322 1907 441 1927 exuere
480 1904 670 1926 nascentem
711 1896 882 1925 nobiscum
920 1895 1125 1935 pravitatem,
1158 1903 1220 1923 nec

240 1947 349 1981 potest
369 1939 450 1980 Legi
472 1938 534 1969 Dei
559 1937 766 1975 satisfacere,
789 1938 865 1978 quia
888 1936 959 1967 Lex
978 1936 1040 1967 Dei
1060 1946 1126 1967 non
1148 1941 1219 1966 tan-

240 1990 306 2014 tum
331 1983 370 2013 de
394 1988 528 2012 externa
554 1980 727 2022 disciplina
750 1986 780 2011 et
804 1981 845 2011 de
866 1981 981 2010 umbra
995 1989 1130 2019 opetum
1143 1987 1219 2009 con-

241 2027 399 2057 cionatur.
425 2026 484 2055 sed
508 2023 652 2064 postulat
675 2024 835 2064 integram
861 2022 1077 2052 obedientiam
1096 2021 1219 2057 cordis,

241 2075 274 2099 ut
288 2068 357 2098 Lex
382 2068 456 2097 dicit
483 2066 633 2105 [Denter.
648 2066 679 2103 6,
695 2066 757 2105 5.]:
782 2064 912 2106 Diligas
925 2065 1099 2095 Dominum
1113 2064 1220 2094 Deum

240 2117 329 2142 tuum
353 2120 391 2140 ex
417 2116 484 2145 toto
510 2111 610 2139 corde
634 2116 689 2139 tuo
714 2115 746 2139 et
769 2109 919 2138 omnibus
944 2108 1067 2138 viribus
1087 2112 1149 2137 etc.

325 2152 446 2183 iudicat
472 2159 501 2182 et
527 2153 657 2183 damnat
680 2151 749 2182 Lex
773 2156 944 2191 peccatum
968 2150 1000 2180 in
1022 2155 1140 2180 natura
1162 2147 1220 2178 ho-

240 2196 353 2231 minis,
383 2205 447 2225 non
483 2193 577 2225 tollit.
623 2194 663 2224 Et
698 2195 783 2224 sicut
820 2199 957 2224 mortem
989 2193 1132 2223 abiicere
1154 2202 1219 2221 non

240 2248 429 2279 possumus,
453 2238 496 2268 ita
516 2237 709 2277 pravitatem
727 2242 917 2267 nascentem
930 2235 1116 2272 nobiscum,
1135 2244 1220 2275 quae

239 2286 363 2323 pugnat
396 2290 467 2310 Cum
493 2280 583 2321 Lege
606 2279 684 2316 Dei,
718 2290 784 2309 non
819 2288 995 2318 possumus
1011 2278 1052 2317 1ὅ)
1087 2287 1219 2307 exuere.

239 2324 330 2355 Haec
353 2322 439 2353 mala
462 2322 673 2363 agnoscenda
698 2328 784 2359 sunt,
808 2328 843 2352 ut
866 2332 884 2352 e
906 2321 1042 2362 regione
1060 2319 1220 2350 beneficia

240 2366 362 2397 Christi
387 2366 641 2405 conspiciantur,
666 2366 718 2405 qui
738 2363 823 2395 tollit
834 2370 1006 2405 peccatum
1025 2368 1056 2393 et
1070 2368 1217 2398 mortem,

241 2416 273 2440 et
295 2410 456 2439 instaurat
478 2413 626 2438 naturam
649 2407 832 2438 humanam.
877 2406 953 2437 Dixi
976 2406 1039 2436 iam
1063 2406 1103 2435 de
1126 2414 1219 2446 prae-

242 2493 286 2521 17)
308 2492 377 2522 Apud
398 2492 466 2517 ovid.
484 2493 540 2517 Met.
562 2493 607 2521 vn,
629 2494 666 2517 19.

243 2545 288 2568 ¹5¹¹.
306 2543 456 2574 possumus]
473 2544 545 2568 Editt.
564 2543 604 2566 22.
625 2544 666 2566 24.
685 2544 725 2569 28.
743 2550 846 2574 possum

1263 195 1370 235 cipuis
1393 193 1505 231 11191115,
1532 204 1617 235 quae
1641 205 1707 225 non
1731 201 1842 234 potest
1865 194 1983 227 tollere
2004 196 2158 229 voluntas
2182 199 2240 230 hu·

1262 247 1370 267 mana.
1415 237 1560 267 Eatenus
1595 237 1693 277 igitur
1726 237 1879 268 voluntas
1914 244 1965 269 est
1998 241 2140 280 captiva,
2173 252 2240 272 non

1262 277 1383 316 libera,
1417 278 1543 310 scilicet
1573 280 1614 309 ad
1638 278 1815 310 tollendam
1837 286 1975 311 naturae
1998 283 2190 322 pravitatem
2209 290 2241 314 et

1262 328 1412 352 mortem.

1349 380 1459 411 Tertio
1497 381 1536 411 de
1577 381 1761 411 actionibus
1801 381 2024 421 spiritualibus
2064 384 2240 424 quaeritur.

1263 422 1347 453 Nam
1371 423 1412 453 ab
1439 423 1528 453 initio
1558 423 1666 454 mundi
1698 423 1774 453 viva
1802 424 1947 454 membra
1976 424 2149 457 Ecclesiae
2172 426 2241 457 fue·

1265 471 1339 495 runt
1378 472 1406 496 et
1440 471 1534 503 sunt,
1569 476 1652 506 quae
1680 471 1840 507 reguntur
1868 476 1934 496 non
1965 465 2071 498 solum
2090 467 2241 500 humanis

1264 508 1389 538 viribus
1413 513 1467 538 aut
1490 507 1631 538 humana
1655 508 1833 549 diligentia3
1857 508 1920 538 sed
1943 509 1974 539 in
1999 511 2116 550 quibus
2140 510 2242 552 Spiri-

1265 555 1317 580 tus
1341 556 1477 580 sanctus
1501 550 1650 580 accendit
1674 557 1781 581 motus
1804 550 2008 591 spirituales,
2042 553 2242 594 agnitionem

1264 591 1345 630 Dei,
1365 593 1530 629 timorem,
1555 592 1669 630 fidem,
1699 592 1910 623 dilectionem
1934 600 1964 624 et
1986 593 2069 624 alias
2093 595 2243 634 virtutes,

1263 635 1295 664 in
1326 633 1399 665 aliis
1423 636 1545 676 magis,
1574 636 1605 665 in
1629 634 1701 665 aliis
1724 636 1831 665 minus
1855 636 2025 666 excitatas.
2041 638 2081 677 19)
2124 637 2244 669 Rident

1263 675 1347 707 haec
1360 676 1553 717 Philosophi
1577 683 1606 707 et
1620 676 1801 718 Pelagiani,
1820 678 1880 707 sed
1904 684 2011 709 tamen
2035 679 2243 711 verissimum

1265 725 1326 756 est,
1362 719 1481 750 effundi
1506 719 1652 759 spiritum
1676 726 1827 751 sanctum
1849 721 1881 750 in
1906 721 2007 752 corda
2032 722 2243 753 credentium.

1265 761 1357 792 Sicut
1381 762 1411 791 in
1437 760 1598 792 Zacharia
1621 762 1686 799 ΗΞ,
1701 762 1766 800 10.]
1791 763 1922 793 dicitur:
1946 763 2120 794 Effundam
2143 774 2243 806 super

1265 804 1395 834 domum
1434 803 1542 834 David
1577 804 1731 844 Spiritum
1766 805 1891 845 gratiae
1926 811 1957 835 et
1990 817 2135 846 precum.
2202 806 2244 837 Et.

1264 848 1408 876 sciamus
1438 844 1671 886 amplissimam
1695 845 1956 877 consolationem
1979 849 2074 878 nobis
2092 849 2244 890 proponi,

1264 898 1348 929 quae
1378 890 1409 919 in
1437 894 1527 919 tanta
1558 894 1674 919 nostra
1704 887 1930 919 imbecillitate
1959 899 2089 930 semper
2111 892 2144 922 in
2168 901 2244 922 con-

1264 936 1379 972 spectu
1401 932 1497 961 nobis
1522 941 1598 962 esse
1622 931 1729 962 debet.

1350 990 1470 1031 Ingens
1494 997 1526 1021 et
1549 989 1769 1021 inenarrabile
1792 990 1986 1022 beneficium
2003 990 2066 1022 Dei
2079 998 2141 1030 est,
2175 993 2244 1024 uod

1264 1033 1462 1073 promittitur
1478 1034 1574 1064 nobis
1594 1031 1748 1063 auxilium
1761 1032 1902 1073 Spiritus
1915 1034 2032 1064 sancti.
2045 1034 2139 1066 Sicut
2179 1035 2244 1066 hri-

1265 1082 1337 1106 stus
1350 1076 1453 1116 inquit
1467 1075 1560 1113 [Luc.
1576 1075 1719 1114 11,13.]:
1740 1075 1871 1110 Quanto
1887 1077 1992 1117 magis
2015 1082 2110 1117 pater
2133 1084 2244 1109 vester

1265 1117 1421 1148 coelestis
1456 1119 1545 1149 dabit
1569 1117 1727 1158 Spiritum
1749 1124 1899 1149 sanctum
1922 1119 2129 1159 petentibus?
2172 1120 2244 1151 Nisi

1265 1161 1450 1192 iuvarentur
1481 1160 1605 1201 Spiritu
1634 1166 1768 1199 sancto,
1802 1159 1906 1191 multo
1939 1161 2103 1192 tristiores
2126 1161 2243 1203 lapsus

1265 1209 1298 1234 et
1334 1204 1517 1234 atrociores
1558 1201 1771 1234 confusiones
1812 1213 1938 1234 morum
1973 1204 2176 1243 acciderent,
2208 1210 2245 1236 ut

1265 1245 1397 1276 inerunt
1431 1252 1463 1276 et
1491 1252 1567 1276 sunt
1601 1245 1730 1276 Ethnici
1765 1252 1797 1276 et
1825 1246 2080 1286 Anabaptistici'
2101 1245 2244 1278 flu-ores.

1265 1288 1356 1319 Haec
1379 1295 1486 1318 autem
1510 1290 1672 1318 sententia
1695 1289 1837 1318 tenenda
1856 1294 1887 1318 et
1909 1299 1990 1319 vera
2012 1294 2079 1324 est;
2120 1288 2244 1320 Volun-

1265 1337 1316 1361 tas
1340 1331 1482 1362 humana
1506 1341 1573 1361 non
1596 1336 1705 1370 potest
1729 1331 1800 1361 sine
1822 1330 1946 1370 Spiritu
1969 1336 2087 1361 sancto
2110 1330 2245 1362 efficere

1266 1372 1455 1413 spirituales
1479 1372 1626 1409 effectus,
1650 1383 1734 1413 quos
1747 1373 1841 1403 Deus
1864 1372 2021 1412 postulat‚
2044 1372 2169 1404 scilicet
2190 1384 2245 1405 ve·

1264 1427 1336 1446 rum
1369 1416 1516 1446 timorem
1552 1414 1631 1452 Dei,
1666 1425 1778 1445 veram
1812 1415 1965 1446 fiduciam
1999 1415 2244 1447 misericordiae

1264 1458 1340 1496 Dei,
1363 1468 1475 1488 veram
1499 1456 1705 1488 dilectionem
1726 1457 1804 1492 Dei,
1833 1456 2039 1488 tolerantiam
2062 1463 2095 1489 et
2117 1456 2244 1490 fortitu-

1265 1501 1372 1531 dinem
1391 1501 1424 1530 in
1447 1498 1700 1537 afflictionibus,
1723 1500 1757 1530 in
1779 1500 1930 1530 adeunda
1947 1505 2069 1538 morte,
2091 1507 2127 1531 ut
2149 1510 2244 1542 supe-

1265 1550 1379 1574 rarunt
1407 1548 1544 1573 mortem
1569 1542 1694 1583 ingenti
1723 1544 1844 1573 robore
1869 1542 2076 1583 Stephanus,
2098 1542 2244 1575 Lauren-

1264 1587 1341 1623 tius,
1364 1585 1478 1626 Agnes
1487 1587 1532 1623 2⁰)
1555 1591 1586 1615 et
1610 1583 1664 1615 alii
1686 1583 1952 1616 innumerabiles.

1350 1627 1551 1658 Testimonia
1585 1626 1772 1668 colligenda
1805 1634 1900 1665 suut,
1935 1634 1967 1658 et
1999 1633 2036 1658 ut
2063 1625 2244 1658 refutentur

1264 1670 1453 1712 Pelagiani,
1486 1676 1518 1700 et
1551 1676 1586 1701 ut
1620 1680 1683 1700 nos
1706 1671 1799 1710 ipsos
1822 1671 2045 1701 accendamus
2068 1671 2111 1701 ad
2131 1676 2244 1711 peten-

1265 1714 1341 1744 dum
1374 1712 1529 1743 auxilium
1549 1712 1692 1753 Spiritus
1716 1713 1845 1747 sancti:¹
1892 1712 1987 1750 Item,
2010 1718 2047 1743 ut
2077 1713 2242 1744 discamus

1266 1766 1344 1794 eos,
1379 1756 1434 1796 qui
1468 1766 1533 1786 non
1567 1761 1727 1795 reguntur
1752 1755 1875 1795 Spiritu
1909 1761 2043 1793 sancto,
2077 1765 2144 1786 non
2168 1765 2244 1787 esse

1266 1799 1341 1829 viva
1363 1799 1510 1829 membra
1532 1797 1713 1828 Ecclesiae.
1730 1798 1772 1838 ι5)

1350 1840 1443 1872 Rom.
1467 1840 1498 1871 8.
1523 1843 1585 1878 [vs.
1608 1841 1671 1879 14.]
1701 1840 1764 1876 Qui
1787 1840 1952 1871 ducuntur
1974 1840 2090 1880 spiritu
2111 1838 2187 1877 Dei,
2210 1839 2244 1870 hi

1265 1890 1339 1914 sunt
1364 1883 1421 1914 filii
1443 1882 1516 1913 Dei.
1551 1883 1630 1913 Item
1655 1883 1777 1921 [vs.9.]
1796 1893 1803 1912 :
1829 1882 1864 1912 Si
1884 1882 1957 1923 quis
1980 1882 2128 1923 spiritum
2151 1881 2244 1913 Chri-

1264 1927 1306 1957 sti
1329 1925 1525 1963 nonhabet,
1548 1927 1575 1956 is
1594 1935 1660 1955 non
1683 1931 1735 1956 est
1759 1924 1890 1955 Christi.

1351 1968 1422 1999 Hae
1457 1969 1541 1998 duae
1570 1968 1753 1998 sententiae
1776 1967 1857 1997 satis
1887 1967 2082 2007 perspicuae
2111 1972 2189 1997 sunt
2211 1973 2243 1997 et

1264 2010 1362 2052 plane
1392 2016 1554 2041 testantur
1592 2011 1638 2050 ¹2¹)
1648 2009 1810 2040 haeredes
1839 2010 1927 2040 vitae
1950 2014 2104 2040 aeternae
2127 2009 2243 2040 donari

1265 2060 1295 2084 et
1330 2054 1401 2095 regi
1437 2053 1562 2093 Spiritu
1595 2058 1724 2083 sancto.
1779 2051 1820 2082 Et
1855 2057 1981 2082 certum
2015 2056 2068 2081 est
2094 2051 2243 2092 spiritum

1264 2096 1327 2126 Dei
1350 2097 1383 2126 iu
1405 2095 1456 2126 his
1480 2096 1574 2126 dictis
1598 2105 1664 2125 non
1687 2094 1874 2136 significare
1897 2094 2068 2131 rationem,
2090 2094 2152 2124 sed
2170 2093 2243 2134 Spi-

1264 2140 1360 2170 ritum
1379 2144 1530 2169 sanctum
1548 2148 1569 2168 a
1592 2137 1663 2168 Deo
1686 2143 1780 2178 patre
1804 2143 1834 2167 et
1859 2136 2002 2167 Domino
2026 2142 2142 2167 nostro
2166 2135 2240 2167 Iesu

1266 2268 1310 2294 19)
1330 2267 1465 2297 excitatas]
1485 2266 1557 2296 Corp.
1580 2267 1600 2288 l.
1621 2267 1645 2290 ’2.
1664 2266 1688 2288 4.
1708 2265 1789 2290 male:
1808 2265 1923 2290 excitatis

1264 2320 1309 2349 20)
1328 2318 1425 2348 Agnes]
1445 2317 1515 2342 Editt.
1537 2317 1559 2339 2.
1580 2318 1603 2341 6.
1622 2318 1644 2341 7.
1666 2318 1689 2341 9.
1712 2317 1749 2341 12.
1771 2317 1839 2345 Agne

1263 2369 1309 2400 21)
1328 2371 1391 2399 Sqq.
1410 2368 1536 2393 haeredes
1559 2381 1586 2384 —
1608 2381 1639 2384 —
1659 2369 1828 2395 congruentes
1853 2367 1904 2396 legi
1922 2366 1985 2396 Dei]
2008 2366 2080 2391 Editt.
2101 2367 2122 2389 1.
2143 2366 2166 2390 3.
2185 2370 2241 2395 pro

1331 2404 1383 2433 lais,
1402 2409 1444 2433 ea,
1464 2409 1537 2432 quae
1548 2402 1575 2427 in
1590 2402 1662 2427 Editt.
1682 2401 1810 2426 secundae
1829 2401 1919 2425 aetatis
1938 2406 1994 2430 pag.
2007 2400 2118 2424 375 11n.
2129 2398 2239 2422 36--11,

1330 2442 1433 2462 nostrae
1455 2437 1574 2462 Editionis
1593 2436 1734 2466 lemanna.
1753 2435 1896 2460 estiment:
1916 2441 1979 2464 opus
1998 2441 2056 2459 esse
2075 2433 2163 2464 spiritu
2183 2439 2241 2458 san-

1332 2474 1386 2499 cto,
1408 2474 1435 2495 ut
1461 2471 1565 2496 obedire
1592 2471 1729 2500 possimus
1767 2469 1869 2494 Corstat
1897 2470 1982 2493 autem
2010 2468 2112 2493 nomine
2138 2467 2240 2498 spiritus

1333 2506 1413 2531 sancti
1438 2505 1574 2535 significari
1600 2510 1650 2529 non
1681 2504 1804 2528 rationem
1823 2504 1975 2532 humanam,
2000 2502 2046 2528 sed
2066 2501 2180 2532 spiritum
2200 2500 2240 2525 dei

1332 2540 1462 2564 efficacem
1482 2540 1506 2563 in
1525 2539 1616 2563 animis
1635 2538 1736 2563 nostris.
