2358 2933
112 106 174 138 525

198 197 316 228 Esaias
335 198 391 230 ¹⁰⁰)
414 195 466 226 66.
491 197 555 234 [vs.
578 195 742 232 22—244
779 195 870 226 Sicut
899 193 983 225 coeli
1012 195 1090 225 novi

113 247 146 271 et
169 246 256 270 terra
278 248 377 275 nova,
403 238 480 267 dicit
503 236 678 274 Dominus,
700 238 750 268 sic
772 237 873 268 stabit
896 245 1012 266 semen
1035 247 1089 266 ve-

112 288 216 312 strum
239 286 271 311 et
294 289 411 310 nomen
435 285 582 309 vestrum
602 289 714 309 coram
733 289 801 314 me;
826 284 858 308 et
882 279 943 307 erit
966 279 1088 308 mensis

112 334 152 354 ex
174 332 306 358 mense,
340 322 514 352 sabbatum
538 331 578 351 ex
601 322 757 357 sabbato,
791 325 824 350 et
851 320 958 350 veniet
983 321 1088 350 omnis

112 375 207 401 caro,
240 369 275 394 ut
303 363 420 393 adoret
449 372 562 392 coram
583 361 669 393 facie
691 372 781 399 mea,
815 361 891 392 dicit
915 361 1087 392 Dominus.

110 407 151 437 Et
182 405 392 446 egredientur
419 410 450 434 et
477 405 632 435 videbunt
656 404 821 434 cadavera
844 404 1003 441 virorum,
1033 404 1088 444 qui

108 447 326 489 praevaricati
349 451 426 477 sunt
447 447 479 476 in
501 456 569 482 me;
604 447 722 476 vermis
746 455 858 476 eorum
881 455 948 475 non
970 447 1087 476 morie·

108 496 172 526 tur,
194 494 227 519 et
252 490 339 530 ignis
363 498 475 518 eorum
497 498 563 517 non
581 489 799 528 extinguetur,
823 493 854 517 et
872 494 965 518 erunt
982 498 1087 528 usque
1108 522 1109 528 ἵ

108 533 151 562 ad
172 531 358 562 satietatem
380 530 516 560 visionis
539 530 625 559 omni
649 530 748 559 carni.
789 528 956 560 Describit
980 536 1011 560 et
1033 529 1086 560 hic

107 573 202 604 locus
226 579 408 612 utrumque,
431 581 556 612 poenas
579 577 733 601 aeternas
755 572 927 611 impiorum
951 578 981 602 et
1007 582 1084 613 gau-

107 617 159 646 dia
188 617 363 650 iustorum3
403 621 433 644 et
472 611 579 654 qualis
615 613 655 643 sit
690 614 757 643 vita
786 619 939 651 aeterna,
975 615 1084 651 docet,

108 668 180 688 cuni
203 658 264 687 ait:
288 656 470 696 Perpetuos
493 665 624 686 menses
649 661 680 685 et
698 661 890 695 perpetuum
909 657 1083 686 sabbatum

106 698 189 737 fore,
212 698 277 728 hoc
300 705 360 735 est,
384 705 576 738 perpetuum
598 696 718 728 festum
743 698 843 734 diem,
865 704 898 728 ut
923 704 1082 738 perpetuo

105 742 243 771 adorent
273 740 448 771 Dominum
483 751 597 771 omnes
631 740 748 771 sancti.
801 739 870 769 Erit
906 750 986 781 ergo
1016 741 1082 771 vita

105 788 238 813 aeterna
261 789 420 823 perpetua
442 783 609 820 adoratio,
639 784 671 813 id
694 791 762 821 est,
794 781 856 812 Dei
881 783 1025 824 cognitio
1050 790 1080 813 et

103 826 225 857 iustitia
248 826 320 855 sine
343 832 481 865 peccato
505 832 535 856 et
561 827 631 856 sine
654 832 769 856 morte.

189 867 308 899 Esaiae
327 869 351 905 ¹)
365 867 416 897 65.
431 869 514 907 [vss.
530 868 680 906 17—2-0.]
698 867 786 898 Ecce
799 878 861 908 ego
875 877 952 898 creo
967 866 1080 898 coelos

103 920 210 941 novos
239 917 269 940 et
292 916 415 940 terram
438 919 577 947 novam,
608 916 639 940 et
663 920 729 940 11011
753 916 847 940 erunt
870 910 902 940 in
926 911 1080 940 memoria

102 952 226 992 priora,
249 959 280 982 et
304 962 370 982 non
393 952 573 982 ascendent
597 962 696 991 super
720 963 790 989 cor,
815 953 874 982 sed
893 953 1080 992 gaudebitis

101 1001 135 1027 et
157 993 345 1025 exultabitis
375 995 407 1024 in
431 996 664 1034 sempiternum
688 1004 761 1024 cum
784 994 850 1031 his,
882 1004 967 1034 quae
990 1004 1078 1024 creo.

101 1039 201 1075 Quia,
236 1046 316 1067 ecce
343 1046 406 1077 ego
436 1047 512 1067 creo
536 1035 759 1073 Hierusalem,
792 1035 1024 1067 exultationem
1048 1042 1079 1066 et

99 1079 254 1121 populum
279 1079 347 1109 eius
371 1079 542 1119 gaudium3
570 1085 600 1109 et
625 1077 780 1109 exultabo
803 1079 836 1109 in
860 1077 1077 1116 Hierusalem,

100 1128 132 1154 et
152 1122 303 1164 gaudebo
321 1122 352 1152 in
371 1120 494 1161 populo
506 1131 591 1158 meo,
610 1128 641 1151 et
655 1131 722 1151 non
734 1121 883 1152 audietur
895 1121 927 1150 in
939 1130 978 1151 ea
989 1121 1077 1151 ultra

100 1175 166 1200 vox
194 1164 291 1195 fletus
320 1170 352 1194 et
382 1174 447 1194 vox
479 1162 643 1194 clamoris.
687 1163 763 1193 Non
787 1164 847 1194 erit
870 1164 914 1193 ibi
936 1162 1077 1203 amplius

98 1206 219 1246 infans,
243 1207 298 1246 qui
320 1216 387 1236 non
410 1204 596 1243 adolescat,
620 1212 674 1236 aut
699 1215 813 1243 senex,
837 1206 892 1246 qui
915 1215 981 1235 non
1004 1215 1078 1246 per-

99 1250 209 1280 veniat
231 1249 273 1279 ad
296 1249 451 1279 maiorem
473 1254 630 1283 aetate1n;
658 1258 733 1278 nam
762 1258 843 1288 puer
866 1254 997 1278 centum
1020 1258 1077 1278 an-

98 1302 214 1322 norum
230 1291 399 1327 morietur,
423 1297 453 1321 et
477 1296 636 1330 peccator
655 1296 784 1321 centum
801 1300 960 1321 annorum
977 1289 1077 1320 male-

99 1334 205 1364 dictus
228 1333 300 1363 erit.
344 1332 440 1365 Aliae
470 1333 653 1364 sententiae
682 1332 754 1363 aliis
784 1332 953 1373 planiores
984 1338 1077 1369 sunt;

99 1376 158 1406 sed
181 1381 290 1406 tamen
312 1375 396 1406 haec
419 1385 550 1416 quoque
569 1382 707 1406 testatur
726 1374 868 1406 futuram
890 1376 1076 1406 renovatio-

98 1428 172 1448 nem
202 1418 301 1448 totius
333 1424 522 1454 creaturae,
554 1424 584 1447 et
611 1419 684 1458 pios
707 1418 877 1448 habituros
902 1428 980 1448 esse
1002 1428 1076 1458 per-

97 1466 196 1500 petua
218 1460 346 1501 gaudia.
391 1460 467 1490 Non
489 1460 638 1490 audietur
660 1461 693 1490 in
716 1471 755 1491 ea
780 1459 867 1492 ultra
889 1471 955 1492 vox
978 1460 1075 1491 fletus

98 1508 160 1533 etc.
206 1502 296 1543 Ergo
320 1509 414 1533 erunt
437 1503 508 1532 sine
531 1508 668 1542 peccato
692 1510 724 1533 et
746 1509 862 1534 morte.
908 1503 1005 1540 Item,
1028 1504 1076 1533 in-

98 1542 208 1575 fantes
232 1550 262 1574 et
288 1554 386 1575 senes
410 1550 568 1584 perpetuo
591 1545 719 1580 vivent,
749 1546 808 1575 sed
831 1546 923 1585 pueri
947 1552 1075 1576 centum

98 1596 273 1622 annorum,
298 1593 329 1617 et
350 1594 547 1626 peccatores
570 1594 700 1618 centum
722 1598 899 1625 annorum,
926 1587 990 1618 hoc
1014 1593 1076 1625 est,

97 1624 156 1666 illi,
179 1629 234 1669 qui
257 1635 557 1669 perseveraverunt
582 1630 613 1659 in
641 1630 823 1669 impietate,
853 1631 975 1660 dabunt
998 1640 1076 1670 poe—

97 1681 170 1701 nas.
215 1670 255 1701 Et
290 1672 367 1712 quia
399 1671 432 1701 hi
466 1670 532 1702 loci
566 1672 685 1702 docent
718 1671 904 1702 Ecclesiam
933 1672 1075 1703 futuram

99 1722 175 1744 esse
188 1714 220 1743 in
231 1712 466 1745 afflictionibus
485 1720 561 1744 ante
578 1715 864 1751 resurrectionem,
889 1721 918 1745 et
938 1716 1075 1754 primum

99 1754 349 1797 glorificandam
371 1762 448 1795 post
471 1757 759 1794 resurrectionem,
784 1762 814 1787 et
838 1763 914 1797 post
939 1767 1075 1787 renova-

96 1799 219 1828 tionem
247 1799 424 1829 universae
459 1805 647 1836 creaturae,
683 1797 774 1829 clare
803 1805 965 1830 testantur
994 1799 1076 1829 Pro-

96 1839 235 1881 phetae,
269 1851 406 1881 regnum
435 1840 558 1871 Christi
589 1841 759 1881 spirituale
789 1852 881 1879 esse,
915 1852 977 1872 nec
1000 1851 1075 1872 esse

96 1881 242 1924 politiam
264 1884 375 1914 mundi
396 1889 472 1914 ante
495 1884 788 1921 resurrectionem,
812 1883 941 1925 qualem
964 1884 1075 1915 ludaei

98 1931 130 1956 et
151 1925 394 1965 Anabaptistae
417 1926 554 1968 fingimt.

182 1967 304 1998 Esaias
321 1968 373 1998 25.
399 1971 482 2007 [vss.
497 1969 515 1999 7
528 1972 592 2009 sq.]
617 1968 658 1999 Et,
682 1968 895 2000 devorabitur
915 1969 948 1999 in
965 1974 1074 1999 monte

96 2009 161 2041 hoc
182 2009 286 2040 facies
309 2009 545 2048 involutorum,
574 2022 639 2052 qua
664 2021 778 2042 omnes
802 2011 915 2051 populi
939 2009 1075 2042 involuti

97 2058 185 2090 sunt,
208 2059 241 2083 et
261 2054 507 2092 operimentum,
532 2064 596 2094 quo
620 2064 734 2084 omnes
758 2060 872 2091 gentes
897 2060 1075 2093 coopertae

97 2100 190 2129 sunt3
224 2101 255 2125 et
285 2105 374 2125 mors
409 2096 622 2126 devorabitur
656 2097 805 2134 omnino,
839 2103 870 2127 et
904 2097 1073 2137 absterget

97 2136 258 2167 Dominus
286 2137 378 2168 Deus
409 2148 537 2168 omnem
567 2137 773 2179 lachrymam
802 2142 844 2170 ab
874 2140 960 2169 omni
987 2138 1074 2169 facie

98 2185 130 2210 et
147 2180 342 2219 opprobium
352 2181 381 2220 ¹²)
406 2179 517 2220 populi
534 2181 586 2211 sui
604 2180 729 2212 auferet
747 2182 788 2212 de
805 2182 960 2213 universa
976 2186 1074 2211 terra.

98 2221 206 2252 Docet
231 2228 261 2252 et
284 2221 339 2252 hic
360 2221 455 2253 locus
480 2222 584 2260 clare,
608 2230 744 2254 mortem
767 2223 962 2256 abolendam
987 2234 1075 2260 esse,

100 2270 132 2294 et
153 2262 309 2304 populum
343 2264 405 2296 Dei
445 2264 649 2296 liberandum
683 2276 759 2297 esse
787 2268 828 2298 ab
857 2267 1073 2308 oppr0h1-io‘2)

101 2359 162 2387 100}
187 2358 286 2388 Esaias]
305 2360 376 2389 opp:
394 2359 484 2383 Esaiae

135 2409 161 2437 1)
185 2409 287 2439 Esaiae]
312 2410 348 2434 sit·
366 2410 438 2434 Editt.
458 2410 480 2432 2.
501 2409 576 2433 G—s.
599 2410 706 2433 11-14,
731 2413 755 2435 et
775 2411 846 2441 opp:
870 2411 943 2436 Editt.
964 2412 986 2435 2.
1006 2412 1029 2434 4.
1049 2411 1073 2434 9.

184 2444 285 2473 Esaias;
304 2444 348 2468 Ed.
368 2445 391 2468 5.
410 2445 464 2469 Esa.

133 2495 161 2521 ²³
183 2494 347 2558 ἒέἒξὲἓῖ-ἶέω
368 2514 372 2518 ·
393 2513 420 2519 ··

548 104 569 134 1.
594 103 696 134 LOCI
719 103 994 134 THEOLOGICI:
1019 102 1055 133 G.
1081 102 1289 135 SECUNDA
1313 104 1470 136 EORUM
1494 107 1650 139 AETAS.

448 2495 592 2524 opprobrio]
616 2495 687 2519 Editt.
710 2496 730 2519 1.
750 2495 772 2519 2.
792 2496 814 2520 5.
834 2495 994 2524 obprobrium
1021 2514 1026 2519 .
1046 2514 1050 2519 .
1071 2514 1075 2519 .

2052 116 2116 147 526

1136 202 1167 225 et
1190 195 1381 237 lachrymis,
1405 197 1470 228 hoc
1494 207 1558 237 est,
1581 210 1600 230 a
1616 209 1765 240 peccato,
1788 211 1893 234 morte
1911 211 1941 235 et
1958 216 2113 244 persecu-

1135 238 1288 268 tionibus.
1335 239 1431 274 Quod
1455 247 1562 271 autem
1586 243 1676 273 initio
1701 245 1788 282 dicit,
1811 245 1930 276 Facies
1953 247 2113 279 involuto-

1134 290 1215 316 rum,
1240 281 1336 310 etiam
1358 280 1510 323 intelligit
1533 291 1687 321 mortem3
1721 287 1795 326 quia
1819 288 1937 318 mortui
1960 288 2112 320 solebant

1133 320 1256 351 involvi
1280 324 1409 362 pannis,
1433 335 1506 354 cum
1530 325 1805 368 sepelirentu1·;0”)
1834 329 1918 360 haec
1940 330 2111 362 involucra

1134 361 1300 401 tollentur,
1323 365 1356 394 id
1380 371 1440 403 est,
1464 377 1552 397 mors
1576 367 1719 399 tolletur.

1219 404 1337 436 Esaias
1361 407 1413 437 24.
1439 410 1519 445 [vss.
1544 410 1709 449 (ΣΙ-23]
1754 411 1795 442 Et
1820 414 1879 443 erit
1908 414 1939 444 in
1968 414 2020 445 die
2042 415 2109 454 illa,

1132 447 1277 477 visitabit
1299 447 1462 480 Dominus
1486 460 1586 490 super
1609 452 1754 483 militiam
1777 454 1860 485 coeli
1884 462 1914 485 et
1938 466 2038 496 super
2059 468 2109 488 re—

1133 498 1193 529 ges
1216 496 1342 526 terrae3
1366 497 1397 521 et
1420 495 1710 534 congregabuntur
1732 498 1990 538 congregatione
2013 500 2108 530 unius

1131 531 1233 560 fascis
1263 532 1294 561 in
1324 531 1450 571 lacum,
1485 540 1515 564 et
1540 535 1732 566 claudentur
1761 539 1805 568 ibi
1834 539 1865 568 in
1889 550 2041 576 carcere;
2076 549 2109 572 et

1130 578 1205 613 post
1228 572 1347 604 multos
1371 576 1441 605 dies
1464 577 1697 615 visitabuntur,
1729 586 1761 609 et
1785 582 1954 612 erubescet
1977 581 2053 613 luna
2077 590 2108 614 et

1130 614 1349 646 confundetur
1372 616 1435 654 sol,
1460 628 1533 648 cum
1557 621 1706 660 regnabit
1729 620 1891 653 Dominus
1915 630 1976 654 etc.

1214 657 1333 688 Esaias
1357 659 1409 689 35.
1435 662 1518 698 [vss.
1542 661 1562 691 9
1586 665 1650 702 sq.]
1697 662 1760 697 Qui
1783 663 1909 695 liberati
1931 665 2048 697 fuerint
2074 674 2105 698 et

1129 699 1287 739 redempti
1310 711 1329 731 a
1353 701 1511 739 Domino,
1542 705 1671 734 venient
1696 706 1728 735 in
1752 705 1833 736 Zion
1858 718 1930 738 cum
1953 707 2050 739 laude
2074 716 2104 740 et

1127 740 1249 772 laetitia
1266 744 1475 783 sempiterna.
1506 744 1582 776 Esa.
1595 746 1626 776 9.
1651 749 1713 784 [vs.
1727 747 1773 786 6.]
1798 747 1949 779 Christus
1967 758 2106 781 vocatur

1127 783 1226 813 Pater
1248 787 1465 823 aeternitatis,
1495 787 1560 817 hoc
1583 795 1653 826 est,
1687 795 1783 820 autor
1805 798 1983 830 perpetuae
2007 793 2103 823 vitae.

1127 825 1277 856 Danielis
1303 827 1352 858 12.
1377 830 1442 866 [vs.
1466 829 1511 868 2.]
1536 830 1575 860 Et
1600 830 1691 861 multi
1714 832 1754 862 de
1777 831 1841 869 his,
1865 835 1919 873 qui
1943 834 2103 866 dormiunt

1127 869 1159 898 in
1187 874 1296 899 terrae
1318 869 1472 910 pulvere,
1496 871 1716 913 evigilabunt,
1746 873 1798 904 alii
1822 876 1853 905 in
1877 876 1975 906 vitam
1999 883 2104 908 aeter-

1127 921 1211 948 nam,
1252 910 1306 942 alii
1345 913 1378 942 in
1417 915 1646 953 opprobrium,
1661 917 1689 953 ⁴)
1728 922 1761 946 ut
1796 918 1926 948 videant
1961 928 2103 959 semper.

1127 953 1237 983 Oseae
1264 953 1312 983 13.
1338 958 1401 991 [vs.
1427 955 1490 993 144
1525 956 1578 987 De
1601 967 1701 988 manu
1722 960 1836 989 mortis
1860 958 2009 991 liberabo
2033 971 2103 999 eos,

1127 995 1167 1025 de
1194 1002 1299 1025 morte
1330 997 1485 1027 redimam
1516 1008 1591 1034 eos;
1627 1009 1684 1029 ero
1718 1010 1807 1030 mors
1841 1008 1914 1039 tua,
1949 1013 1968 1033 o
2001 1013 2102 1041 mors,

1125 1046 1256 1067 morsus
1275 1044 1349 1068 tuus
1368 1049 1436 1076 ero,
1460 1039 1586 1070 inferne
1610 1047 1671 1071 etc.
1707 1042 1862 1073 Ezechiel
1881 1044 1932 1074 37.
1957 1047 2020 1082 [vs.
2038 1046 2100 1084 12]

1125 1078 1213 1109 Ecce
1236 1090 1299 1121 ego
1324 1083 1471 1121 aperiam
1494 1082 1634 1113 tumulos
1656 1091 1800 1121 vestros,
1824 1092 1855 1115 et
1879 1087 2016 1117 educam
2040 1098 2101 1117 vos

1125 1122 1166 1151 de
1188 1121 1375 1161 sepulchris
1399 1125 1531 1162 vestris,
1554 1124 1694 1164 populus
1718 1136 1811 1156 meus
1835 1133 1898 1158 etc.
1933 1128 2005 1159 Huc
2029 1140 2101 1169 per-

1124 1164 1203 1193 tinet
1240 1171 1271 1194 et
1312 1164 1396 1195 haec
1437 1168 1599 1197 sententia
1634 1167 1816 1199 Ezechielis
1852 1169 1904 1200 33.
1948 1173 2010 1208 [vs.
2037 1171 2099 1210 ll.]

1124 1205 1210 1236 Vivo
1235 1216 1315 1247 ego3
1339 1206 1416 1237 nolo
1429 1214 1566 1239 mortem
1578 1211 1775 1249 peccatoris,
1799 1212 1858 1241 sed
1877 1219 1910 1242 ut
1932 1220 2101 1243 converta-

1124 1254 1175 1278 tur
1204 1254 1233 1278 et
1266 1251 1364 1279 vivat.
1418 1250 1586 1281 Pertinent
1619 1262 1660 1282 ex
1690 1252 1867 1292 Prophetis
1895 1253 1960 1285 huc
1988 1265 2100 1285 omnes

1124 1292 1308 1321 sententiae
1340 1292 1381 1322 de
1410 1299 1546 1324 aeterno
1571 1304 1673 1335 regno
1699 1294 1820 1326 Christi
1844 1302 1875 1326 et
1898 1304 2098 1328 sanctorum.

1122 1332 1174 1363 Ex
1204 1332 1337 1363 Psalmo
1364 1335 1413 1364 15.
1445 1335 1562 1374 [vss.9
1585 1338 1650 1376 sq.]
1697 1336 1783 1367 Caro
1814 1348 1885 1368 mea
1914 1340 2098 1379 requiescet

1122 1376 1153 1405 in
1182 1385 1257 1415 spe;
1288 1376 1587 1418 non-derelinques
1617 1379 1756 1410 animam
1779 1390 1884 1410 meam
1908 1382 1939 1411 in
1962 1380 2100 1419 inferno,

1122 1428 1182 1448 nec
1208 1418 1302 1448 dabis
1326 1427 1476 1450 sanctum
1500 1427 1588 1451 tuum
1606 1421 1717 1451 videre
1736 1423 1989 1463 corruptionem.
2018 1423 2100 1454 Cum

1122 1460 1207 1490 enim
1230 1460 1397 1501 Propheta
1421 1462 1462 1492 de
1486 1461 1619 1493 Christo
1642 1462 1803 1504 loquitur,
1837 1466 1933 1495 etiam
1956 1467 2100 1496 membra

1122 1501 1244 1532 Christi
1276 1503 1520 1543 complectitul·;
1551 1506 1612 1535 scit
1644 1506 1729 1536 enim
1762 1517 1821 1546 per
1845 1506 2011 1538 Christum
2045 1509 2099 1538 de-

1121 1545 1203 1575 strui
1217 1555 1355 1586 regnum
1368 1548 1496 1586 peccati
1509 1554 1539 1577 et
1552 1549 1676 1578 mortis,
1700 1548 1823 1579 Psalni.
1836 1549 1888 1579 21.
1902 1551 1929 1590 ὃ)
1954 1552 2017 1589 [vs.
2030 1550 2097 1588 22]

1121 1587 1226 1617 Edent
1248 1598 1414 1628 pauperes
1438 1596 1469 1620 et
1494 1591 1746 1628 saturabuntur,
1775 1598 1805 1622 et
1828 1590 2009 1623 laudabunt
2032 1592 2099 1622 Do-

1121 1630 1257 1667 minum,
1292 1631 1346 1671 qui
1376 1632 1544 1671 requirunt
1579 1642 1670 1668 eumg
1704 1634 1813 1663 vivent
1849 1635 1950 1665 corda
1986 1644 2098 1665 eorum

1120 1673 1152 1702 in
1176 1672 1325 1702 seculum
1348 1673 1461 1705 seculi.
1508 1673 1629 1705 Psalm.
1653 1674 1704 1705 33.
1730 1677 1792 1714 [vs.
1819 1676 1885 1715 ⁶22]
1909 1676 2000 1707 Mors
2023 1688 2098 1718 pec-

1121 1720 1269 1745 catorum
1298 1716 1451 1754 pessima.
1496 1716 1586 1757 Ergo
1618 1718 1713 1748 etiam
1741 1728 1813 1748 cum
1841 1725 2037 1758 peccatores
2064 1721 2098 1750 in

1120 1756 1183 1786 hac
1212 1757 1278 1787 vita
1308 1768 1374 1787 non
1404 1758 1597 1797 puniuntur,
1632 1770 1771 1790 necesse
1805 1766 1854 1790 est
1888 1771 1947 1792 eos
1979 1768 2097 1802 postea

1118 1799 1236 1838 puniri.
1282 1799 1323 1829 Et
1346 1806 1481 1831 econtra
1503 1800 1628 1831 Psalm.
1643 1802 1714 1831 115.
1740 1805 1802 1841 [xs.
1816 1803 1864 1838 6.;
1887 1802 1928 1833 al.
1945 1804 2095 1844 114215]

1120 1841 1268 1871 Pretiosa
1294 1842 1326 1872 in
1348 1849 1528 1882 conspectu
1539 1843 1671 1874 Domini
1694 1855 1783 1874 mors
1808 1851 1997 1876 sanctourm
2016 1847 2095 1877 eius.

1120 1883 1209 1924 Ergo
1238 1886 1364 1914 sanctis
1395 1886 1478 1915 bene
1507 1887 1566 1915 erit
1597 1893 1673 1925 post
1703 1886 1788 1917 hanc
1817 1889 1926 1918 vitam.
1971 1888 2096 1919 Eodem

1118 1927 1257 1966 pertinet
1281 1925 1376 1958 locus
1402 1927 1469 1964 [Ps.
1483 1926 1630 1966 33,20.]:
1652 1928 1777 1960 Multae
1800 1930 2027 1961 tribulationes
2049 1932 2096 1975 ig-

1120 1975 1256 2006 storum,
1281 1970 1340 1999 sed
1363 1980 1403 1999 ex
1426 1969 1476 2000 his
1501 1971 1651 2001 omnibus
1674 1971 1825 2002 liberabit
1851 1982 1908 2003 eos
1923 1972 2094 2004 Dominus.

1119 2010 1241 2041 Psalm.
1265 2011 1317 2042 48.
1360 2011 1584 2044 Conseruntur
1606 2013 1692 2054 impii
1717 2013 1871 2044 fortunati
1896 2021 1926 2045 et
1950 2016 1992 2054 pii
2015 2014 2096 2046 affli-

1121 2054 1174 2084 cti.
1219 2054 1280 2084 Hic
1311 2055 1409 2085 docet
1437 2055 1469 2085 in
1500 2061 1606 2086 morte
1635 2057 1753 2087 mutari
1783 2062 1996 2097 utrorumque
2020 2068 2096 2088 con—

1121 2096 1285 2127 ditionem.
1331 2095 1384 2127 De
1406 2098 1510 2137 impiis
1534 2098 1611 2129 dicit
1637 2101 1718 2136 [vss.
1735 2099 1774 2129 14
1787 2102 1866 2139 sq.]:
1891 2098 1990 2129 Velut
2014 2110 2094 2130 oves

1119 2139 1151 2169 in
1182 2138 1278 2170 fovea
1310 2146 1492 2179 ponuntur,
1527 2147 1557 2170 et
1581 2151 1671 2171 mors
1695 2142 1849 2180 depascet
1879 2151 1956 2179 eos,
1990 2152 2096 2182 usque

1118 2182 1152 2211 in
1176 2188 1343 2212 aeternum
1368 2192 1433 2212 non
1456 2183 1610 2214 videbunt
1636 2183 1756 2214 hunen.
1801 2183 1945 2214 Ecoutra
1970 2184 2010 2214 de
2033 2185 2094 2223 piis

1120 2225 1196 2254 dicit
1221 2226 1283 2262 [vs.
1310 2224 1389 2263 16.]:
1421 2224 1645 2256 Veruntamen
1678 2225 1772 2256 Deus
1800 2226 1933 2256 redimet
1956 2227 2094 2256 animam

1120 2267 1160 2297 de
1183 2277 1279 2297 manu
1302 2265 1435 2304 inferni,
1460 2278 1534 2298 cum
1556 2269 1721 2307 acceperit
1744 2278 1805 2298 me.
1851 2267 1975 2298 Eodem
1997 2269 2094 2308 perti·

1136 2394 1165 2422 3)
1191 2394 1372 2424 sepelirentur]
1391 2395 1463 2419 Editt.
1484 2395 1523 2419 12.
1544 2396 1583 2419 13.
1604 2395 1762 2424 sepeliuntur

1136 2446 1165 2473 4)
1190 2444 1362 2474 opprobrium]
1383 2445 1455 2469 Editt.
1476 2446 1498 2467 1.
1520 2445 1542 2467 2.
1563 2445 1586 2468 ὁ.
1606 2445 1768 2474 obprobrium

1137 2495 1165 2524 5)
1188 2494 1246 2551 ἓίέ
1268 2495 1389 2550 sir3ferte
1415 2495 1487 2519 Editt.
1508 2495 1531 2517 2.
1552 2496 1639 2519 6--8,
1663 2496 1779 2519 11-14.
1800 2498 1824 2520 et
1845 2496 1916 2525 Opp:
1934 2496 2006 2521 Editt.
2027 2497 2048 2518 l.
2067 2496 2091 2519 4.
