2358 2933
101 111 164 143 753

103 201 341 246 perabundavit
364 200 486 242 gratia,
516 200 549 231 id
571 206 638 236 est,
666 200 729 231 etsi
750 204 920 240 peccatmn
943 197 1075 228 damna-

102 253 170 278 tum
192 250 242 276 est
263 241 413 274 horribili
434 243 484 273 ira
494 241 568 280 Dei,
592 252 688 283 quam
706 251 771 272 non
795 241 876 271 satis
894 237 1076 281 intelligere

104 286 172 320 ulla
189 292 340 319 creatura
361 290 483 326 potest,
506 290 613 315 tamen
631 285 736 325 gratia
759 283 935 320 exuberafi,
959 282 992 312 id
1014 288 1075 319 est,

101 328 327 362 misericordia
355 332 488 368 propter
511 325 676 357 Christum
699 327 864 366 promissa
886 324 990 354 maior
1011 330 1074 362 est,

101 382 167 414 qua
196 370 358 411 contingit
389 370 486 400 nobis
515 369 666 400 remissio
695 373 726 398 et
752 365 991 402 reconciliati03
1036 376 1075 396 ac

102 414 217 455 gratia,
239 413 273 444 id
295 418 364 449 est,
386 411 550 452 promissa
572 409 797 442 misericordia
820 408 888 440 vult
910 418 973 439 nos
998 418 1075 439 con-

102 456 214 487 fidere.
261 454 371 489 Quare
402 464 469 485 non
502 459 553 484 est
584 451 797 493 intelligenda
829 457 944 482 nostra
972 451 1074 481 virtus

102 508 164 530 seu
187 497 385 534 obedientia,
408 506 474 537 qua
497 501 586 526 certe
608 504 674 525 non
697 500 747 524 est
769 493 1010 525 confidendum.

189 565 244 596 Sic
273 570 305 595 et
327 563 428 594 Hebr.
458 562 489 593 4.
513 565 577 602 [vs.
602 561 664 600 16.]
689 561 820 592 dicitur:
865 560 1074 591 Accedamus

102 608 144 638 ad
178 606 328 638 thronum
353 605 499 647 gratiae,
532 610 567 635 ut
600 603 858 634 misericordiam
882 609 913 633 et
936 603 1075 643 gratiam

103 653 135 680 et
157 648 311 681 auxilium
334 652 551 688 opportunum
573 646 785 677 inveniamus.
809 645 977 676 Thronum
1001 655 1074 685 gra-

102 692 168 722 tiae
190 692 295 731 ipsum
318 689 532 720 Mediatorem
555 687 715 729 intelligit,
739 688 834 729 quasi
858 687 954 725 dicat,
972 686 1075 717 Thro—

101 743 178 764 num
201 731 386 773 placentem
408 731 490 762 iram
512 731 632 762 Patris.

187 799 270 830 Cum
296 805 404 830 autem
432 798 564 838 phrasis
589 798 741 829 Hebraea
766 797 900 829 eruditis
922 804 1000 828 nota
1021 798 1075 834 sit,

101 852 166 874 non
200 849 252 873 est
285 850 367 882 opus
401 839 551 882 longiore
575 840 813 881 disputatione,
837 841 897 871 sed
919 839 983 870 hoc
1007 838 1076 870 dili-

101 885 293 926 gentissime
316 883 592 914 considerandum
616 890 677 920 est,
703 884 793 922 quod
816 881 985 913 exclusiva
1004 892 1077 922 par-

99 925 199 958 ticula
223 926 347 963 Gratis,
370 935 472 965 saepe
495 925 632 965 repetita
655 935 673 955 a
697 924 813 962 Paulo,
836 925 921 955 inest
943 925 974 955 in
999 923 1077 955 defi-

101 969 222 1000 nitione
246 968 390 998 Gratiae.
435 967 605 1008 Significat
638 973 748 998 autem
783 966 867 997 haec
896 965 1077 1003 exclusiva,

100 1011 171 1042 dari
194 1008 494 1041 reconciliationem
512 1015 646 1049 propter
665 1007 764 1039 filium
775 1009 839 1039 Dei
851 1008 1077 1045 Mediatorem,

100 1063 166 1084 non
189 1058 323 1093 propter
344 1057 493 1082 nostram
516 1052 717 1092 dignitatem,
737 1061 803 1082 non
816 1058 951 1091 propter
962 1056 1077 1082 nostra

100 1095 228 1132 merita,
240 1104 306 1125 non
317 1098 452 1134 propter
469 1100 602 1124 nostras
615 1095 753 1124 virtutes
769 1100 824 1124 aut
837 1092 936 1124 facta.
949 1093 1019 1123 Nec
1033 1098 1078 1123 ta-

100 1147 172 1169 men
181 1135 326 1168 excludit
334 1135 417 1166 haec
424 1135 584 1176 particula
593 1136 729 1166 w'rtutes
739 1137 841 1176 ipsas,
850 1136 909 1166 sed
919 1136 1078 1167 conditio-

101 1189 176 1211 nem
188 1179 354 1219 dignitatis
367 1188 427 1208 seu
435 1178 537 1208 meriti
546 1177 701 1215 excludit,
711 1185 742 1208 et
754 1177 912 1208 transfert
925 1187 1079 1208 caussam

100 1220 377 1253 reconcilatiionis
390 1221 422 1250 in
434 1219 541 1250 solum
551 1219 650 1250 filium
658 1219 732 1250 Dei.
745 1220 780 1250 111
789 1218 879 1250 Petri
888 1220 1078 1250 conversio-

101 1273 142 1294 ne
160 1273 300 1294 necesse
323 1268 373 1292 est
391 1262 531 1292 existere
554 1262 786 1301 poenitentiam
810 1267 841 1292 et
866 1262 980 1299 tidem,
1014 1271 1078 1302 qua

101 1310 221 1336 statuat
244 1305 305 1335 sibi
327 1303 475 1345 ignosci,
499 1309 529 1333 et
551 1313 691 1334 necesse
713 1309 765 1334 est
788 1304 881 1344 sequi
904 1303 990 1334 alias
1013 1304 1077 1334 vir-

101 1353 199 1385 tutes,
233 1352 265 1378 et
297 1352 406 1377 tamen
437 1346 621 1386 propositio
652 1356 731 1376 vera
755 1351 806 1376 est
830 1350 861 1376 et
884 1346 1076 1376 necessario

101 1389 282 1426 retinenda,
318 1387 428 1418 Gratis
453 1389 570 1419 remitti
593 1394 779 1429 peccatum,
815 1389 890 1428 quia
912 1399 976 1418 non
1000 1399 1076 1429 pro-

100 1438 175 1472 pter
207 1431 345 1462 virtutes
379 1429 486 1467 Petri,
519 1431 579 1461 sed
611 1437 747 1471 propter
781 1429 895 1462 Filium
928 1430 991 1461 Dei
1026 1440 1076 1461 re-

100 1474 244 1504 mittitur.

185 1541 227 1572 Et
261 1541 336 1581 quia
369 1539 542 1581 plurimum
565 1539 667 1571 refert
689 1540 776 1572 hanc
799 1540 1003 1572 exclusit-am
1026 1550 1076 1570 re-

101 1590 153 1614 cte
187 1582 340 1624 intelligi,
381 1592 542 1623 exponam
576 1588 718 1623 quatuor
751 1593 910 1620 caussas,
943 1588 1077 1623 propter

102 1635 184 1667 quas
208 1635 278 1656 eam
302 1626 433 1656 retineri
458 1631 489 1655 et
512 1624 642 1656 defendi
665 1634 805 1656 necesse
829 1632 889 1656 est.

186 1692 299 1723 Prima
321 1699 383 1730 est,
406 1698 442 1723 ut
464 1692 593 1723 debitus
617 1692 724 1723 honos
748 1691 880 1723 Clm‘sto
904 1693 1075 1723 tribuatur.

101 1735 266 1772 Secunda,
288 1740 324 1766 ut
347 1735 548 1766 conscientia
572 1741 694 1766 certam
718 1741 748 1765 et
772 1734 898 1765 firmam
922 1734 1076 1765 consola-

99 1778 221 1808 tionem
253 1777 402 1815 retineat,
437 1783 468 1807 et
503 1776 698 1817 explodatur
730 1775 888 1817 pestilens
907 1787 999 1807 error
1022 1787 1099 1812 θο-;

100 1829 182 1858 rum,
206 1819 259 1860 qui
281 1819 394 1849 iubent
417 1819 577 1850 dubitare.
613 1819 734 1857 Tertia,
752 1826 787 1850 ut
811 1830 889 1850 vera
910 1819 1075 1850 invocatio

100 1862 261 1901 praestari
284 1862 401 1901 possit.
433 1861 571 1899 Quarta,
593 1868 629 1893 ut
653 1862 876 1902 conspiciatur
899 1862 1074 1892 discrimen

100 1904 199 1945 Legis
222 1910 255 1935 et
277 1902 461 1945 Evangelii.

186 1958 255 1989 Has
286 1968 423 1989 caussas
457 1958 601 1989 breviter
634 1959 803 1996 recensui,
833 1965 866 1989 ut
891 1968 1020 1999 semper
1043 1959 1074 1988 in

101 2006 284 2041 conspectu
316 2001 391 2031 sint.

102 2043 268 2074 derandae
290 2049 376 2074 sunt.

98 2183 131 2213 in
155 2192 257 2221 opera
277 2181 456 2219 hominum,
478 2180 650 2222 dupliciter
671 2188 825 2223 peccant:
850 2182 934 2213 Iram
957 2182 1021 2213 Dei
1044 2188 1076 2213 et

99 2267 201 2297 bitum
234 2265 404 2297 honorem.
449 2265 532 2296 Nam
565 2266 706 2297 humana
730 2268 873 2298 caecitas
898 2274 930 2298 et
952 2269 1076 2298 securi-

99 2315 152 2339 tas
185 2318 252 2339 non
278 2307 431 2349 intelligit
465 2308 533 2339 irae
555 2308 618 2339 Dei
640 2310 896 2350 magnitudinem
913 2310 1075 2340 adversus

98 2356 283 2391 peccatum:
317 2351 394 2381 Ideo
417 2349 508 2391 fingit
530 2361 602 2381 eam
624 2349 749 2391 placari
771 2351 912 2383 humana
937 2351 1076 2393 discipli-

98 2402 157 2430 na,
191 2398 224 2423 et
247 2391 413 2424 Christum
443 2391 649 2433 amplectitur
672 2400 705 2424 ut
729 2394 896 2425 doctorem
919 2393 1006 2425 illius
1029 2395 1076 2425 di-

98 2434 257 2475 sciplinae
289 2445 349 2466 seu
370 2434 629 2477 Legislatorem,
661 2445 726 2466 non
760 2443 794 2467 ut
828 2436 991 2467 victimam
1014 2447 1075 2477 pro

98 2483 247 2517 peccate,
283 2488 358 2508 cum
381 2477 521 2508 Ioannes
557 2477 700 2508 clamitet
724 2478 806 2516 [1011.
832 2478 860 2515 l,
883 2479 967 2517 294:

97 2525 149 2550 est
171 2529 278 2561 agnus
302 2519 378 2557 Dei,
403 2520 456 2560 qui
479 2518 564 2550 tollit
586 2526 724 2560 peccata
747 2522 866 2552 mundi.
898 2520 937 2552 Et
951 2521 1073 2552 lesaias

250 2586 394 2606 MELANTR.
409 2587 489 2606 OPER.
504 2587 566 2605 voL.
582 2586 634 2606 xxi<

580 109 600 140 l.
624 108 724 140 LOCl
746 103 1019 139 THEOLOGlCI:
1042 104 1084 135 D.
1108 101 1267 134 TERTIA
1288 100 1442 133 EORUM
1465 99 1620 132 AETAS.

436 1999 621 2042 Diligenter
653 2007 761 2032 autem
792 1999 945 2043 singulae
968 2001 1075 2031 consi·
1096 2025 1098 2035 .,

1120 2062 1188 2092 tur,
1223 2062 1253 2085 et
1278 2056 1455 2086 discrimen
1479 2056 1653 2086 tenendum
1677 2063 1725 2086 est
1751 2057 1832 2087 inter
1856 2056 2025 2088 Ethnicam
2050 2059 2093 2087 in-

185 2096 295 2128 Prima
318 2097 400 2128 haec
423 2103 490 2135 est,
521 2103 555 2128 ut
579 2097 708 2128 debitus
736 2097 843 2128 honos
867 2097 998 2128 Christo
1021 2098 1076 2128 tri·
1096 2122 1098 2137 z

99 2141 228 2171 buatur.
273 2139 358 2170 Nam
392 2140 444 2180 qui
468 2138 671 2171 transferunt
695 2150 848 2171 caussam
871 2141 1074 2171 remissionis
1096 2142 1098 2149 '

1097 2211 1099 2219 ,
1120 2192 1232 2213 eorum
1265 2192 1402 2222 preces,
1437 2189 1470 2213 ut
1492 2183 1524 2213 in
1547 2184 1749 2223 poematibus
1775 2184 1910 2214 crebrae
1933 2192 2007 2214 sunt
2032 2184 2093 2215 hac

99 2229 274 2264 peccatum
298 2229 483 2261 extenuant,
507 2225 623 2255 deinde
646 2225 821 2256 detrahunt
843 2223 911 2255 filio
935 2225 998 2256 Dei
1022 2226 1075 2255 de·
1097 2224 1099 2235 '

2028 99 2090 130 754

1119 194 1186 233 [53‚
1212 193 1292 232 10.]:
1333 193 1417 228 Quia
1449 193 1541 233 ponit
1573 193 1713 223 animam
1743 201 1836 222 suam
1858 201 1918 232 pro
1942 198 2089 232 peccato,

1117 237 1240 268 videbit
1262 245 1374 267 semen
1396 234 1606 276 longaevum.

1204 278 1357 309 Secunda
1381 287 1503 308 caussa
1526 283 1592 315 est,
1626 282 1660 308 ut
1688 276 1889 308 conscientia
1912 282 2035 307 certam
2059 281 2089 306 et

1118 320 1243 351 firmam
1267 319 1527 351 consolationem
1550 318 1681 350 habeat.
1725 318 1819 349 Hanc
1844 324 1875 349 et
1898 317 2020 350 Paulus
2046 319 2092 349 in-

1119 362 1227 394 culcat
1250 361 1346 393 Rom.
1369 363 1401 392 4.
1426 364 1491 399 [vs.
1518 361 1582 400 16.]
1628 361 1704 392 Ideo
1740 371 1781 391 ex
1809 360 1873 392 fide
1902 361 2024 402 gratis,
2057 367 2091 391 ut

1118 406 1160 436 sit
1193 405 1287 435 firma
1313 404 1500 444 promissio.
1545 403 1635 434 Haec
1659 403 1815 434 sententia
1838 405 1942 445 magis
1965 403 2092 444 perspi·

1119 458 1180 479 cua
1203 448 1264 478 erit
1287 446 1421 477 intuenti
1444 455 1556 477 veram
1585 444 1707 476 luctam
1726 444 1982 486 perterrefactae
2005 455 2093 476 men-

1118 491 1171 520 tis·
1217 489 1346 520 Scimus
1366 498 1406 519 ex
1429 487 1520 529 Lege
1543 494 1573 518 et
1598 488 1723 518 ratione
1746 487 1898 525 naturali,
1910 487 2017 519 Deum
2037 489 2093 518 bo—

1117 542 1194 562 num
1218 537 1250 562 et
1272 531 1519 562 misericordem
1544 539 1638 567 esse,
1672 531 1732 561 sed
1755 540 1833 570 erga
1857 540 1926 568 eos,
1951 531 2004 571 qui
2027 540 2093 561 non

1118 580 1193 605 sunt
1219 573 1276 604 rei.
1320 573 1395 604 Non
1417 573 1514 613 igitur
1537 572 1663 612 quaerit
1685 582 1777 603 mens
1799 573 1831 602 in
1854 583 1934 603 vero
1957 583 2093 613 pavore.

1118 625 1160 646 an
1182 615 1275 646 Deus
1300 615 1342 645 sit
1366 615 1570 650 misericorS‚
1605 615 1663 645 sed
1682 614 1764 645 haec
1789 621 1839 645 est
1862 613 1970 646 luctae
1993 616 2094 655 epita-

1118 659 1184 695 sis,
1217 657 1271 688 An
1305 656 1390 687 T1B1
1424 657 1642 687 contaminato
1676 658 1825 698 peccatis
1861 663 1891 687 et
1927 668 1983 688 1·θο
2017 655 2093 687 velit

1117 701 1303 742 ignoscere,
1338 704 1369 730 et
1402 705 1537 740 propter
1561 700 1649 739 quod
1669 700 1818 739 pretium.
1864 699 1926 729 Hic
1954 709 2094 730 necesse

1119 749 1169 774 est
1201 741 1288 773 hanc
1321 751 1437 772 vocem
1458 740 1631 783 Evangelii
1663 742 1774 773 audire
1807 742 1848 772 de
1872 740 2039 773 exclusiva
2063 750 2092 772 θῖ

1119 785 1160 815 de
1205 784 1407 821 Mediatore,
1465 784 1553 824 quod
1602 783 1694 815 Deus
1749 794 1828 815 vere
1871 791 1903 814 te
1947 785 2093 825 recipere

1120 826 1199 858 velit
1236 827 1369 864 Gratis,
1414 827 1445 857 id
1484 833 1552 864 est,
1590 836 1656 857 non
1696 833 1831 867 propter
1869 833 1957 858 tuam
1990 827 2094 868 digni-

1120 876 1220 900 tatem
1258 875 1313 899 aut
1353 869 1484 905 merita,
1528 869 1588 900 sed
1626 876 1761 909 propter
1794 868 1894 900 filium
1928 868 2008 905 Dei,
2047 870 2093 899 id·

1121 922 1184 953 que
1204 911 1402 942 credendum
1425 921 1510 941 esse.
1556 911 1591 942 Si
1615 910 1698 942 haec
1721 910 1889 943 exclusiva
1912 912 2092 953 ignoretur.

1122 953 1335 985 confirmatur
1369 954 1546 990 dubitatio,
1580 953 1751 991 videlicet,
1785 955 1813 984 si
1843 955 2007 985 existimes
2030 965 2095 985 non

1121 997 1238 1026 remitti
1261 1002 1408 1035 peccata,
1430 996 1492 1025 nisi
1516 1006 1589 1026 cum
1614 998 1695 1027 satis
1720 997 1851 1037 dignam
1871 998 2094 1027 contritionem

1121 1044 1176 1069 aut
1209 1037 1415 1069 dilectionem
1438 1037 1592 1075 habebis,
1626 1037 1773 1069 haerebit
1802 1039 1978 1077 dubitatio,
2013 1049 2095 1080 quae

1121 1079 1203 1111 alias
1217 1086 1436 1121 contemptum
1448 1079 1524 1117 Dei,
1549 1079 1630 1110 alias
1654 1082 1762 1112 odium
1786 1086 1815 1111 et
1835 1082 2096 1121 desperationem

1121 1124 1216 1164 parit.
1262 1123 1353 1154 Haec
1388 1121 1488 1153 facile
1522 1123 1659 1153 iudicari
1693 1130 1831 1163 possunt
1865 1134 1885 1154 a
1907 1124 1976 1164 piis.
2023 1123 2094 1154 Etsi

1122 1166 1206 1196 enim
1240 1166 1273 1195 in
1306 1164 1457 1196 humanis
1491 1165 1656 1196 mentibus
1686 1167 1769 1196 inest
1794 1166 1964 1203 dubitatio,
1988 1173 2095 1196 tamen

1121 1208 1290 1238 sciendum
1313 1213 1363 1238 est
1386 1212 1520 1247 propter
1542 1206 1629 1237 hanc
1652 1208 1757 1248 ipsam
1781 1218 1952 1245 caussam,
1976 1218 2017 1238 ne
2041 1209 2095 1239 du-

1123 1250 1261 1280 bitemus
1286 1250 1326 1280 de
1349 1248 1632 1287 reconciliatione,
1666 1249 1766 1281 filium
1788 1250 1853 1280 Dei
1883 1260 1923 1281 ex
1948 1252 2021 1281 sinu
2044 1261 2097 1281 ae·

1121 1293 1203 1322 terni
1225 1293 1328 1333 patris
1352 1292 1604 1333 promissionem
1635 1291 1757 1323 claram
1781 1299 1811 1323 et
1835 1300 1957 1324 certam
1981 1303 2095 1324 recon-

1122 1334 1296 1375 ciliationis
1342 1333 1492 1365 attulisse
1527 1336 1756 1374 opponendam
1790 1335 1909 1366 iudicio
1950 1337 2096 1374 rationis.

1120 1378 1205 1408 sicut
1229 1378 1260 1407 in
1283 1376 1405 1408 Ioanne
1424 1377 1557 1408 dicitur:
1602 1376 1715 1414 Filius,
1740 1379 1792 1418 qui
1817 1384 1866 1408 est
1889 1378 1921 1408 in
1945 1378 2017 1408 sinu
2037 1378 2096 1408 Pa—

1120 1420 1190 1457 tris,
1213 1420 1284 1460 ipse
1309 1420 1473 1450 enarravit
1496 1420 1602 1449 nobis.
1643 1419 1902 1461 Repugnandum
1930 1427 1977 1451 est
2002 1422 2097 1458 igitur

1121 1462 1329 1499 dubitationi,
1353 1468 1385 1492 et
1407 1462 1563 1502 erigenda
1586 1461 1680 1499 fides,
1704 1463 1791 1503 quod
1814 1472 1894 1494 vere
1913 1462 1989 1493 velit
2003 1462 2096 1493 Deus

1121 1510 1152 1534 te
1174 1510 1309 1544 propter
1331 1502 1429 1535 filium
1453 1505 1601 1543 recipere
1625 1511 1654 1534 et
1681 1505 1847 1536 exaudire.
1893 1505 2017 1546 Estque
2042 1515 2096 1536 ex-

1120 1544 1304 1586 plodendas
1339 1547 1455 1587 impius
1480 1556 1573 1577 error
1590 1547 1870 1585 adversariomm,
1905 1548 1958 1588 qui
1993 1549 2096 1588 ignari

1097 1625 1099 1630 .
1119 1588 1293 1630 Evangelii
1302 1594 1333 1619 et
1343 1595 1465 1619 tantum
1475 1589 1609 1619 rationis
1619 1588 1780 1620 humanae
1792 1590 1945 1621 iudicium
1958 1600 2096 1631 sequen-

1120 1637 1170 1661 tes
1193 1632 1304 1662 iubent
1329 1632 1478 1662 dubitare
1502 1638 1531 1662 et
1546 1630 1707 1673 affingunt
1721 1632 1953 1663 dubitationem
1966 1643 2030 1663 non
2046 1643 2095 1663 es-

1120 1683 1157 1704 se
1190 1680 1372 1713 peceatum.
1429 1673 1523 1704 Hunc
1558 1675 1777 1713 perniciosum
1811 1684 1955 1706 errorem
1990 1677 2094 1706 taxari

1120 1726 1260 1747 necesse
1283 1722 1344 1753 est,
1368 1717 1442 1757 quia
1468 1722 1557 1747 certe
1575 1723 1748 1756 peccatum
1772 1724 1832 1754 est,
1855 1727 1921 1747 non
1944 1718 2093 1759 accipere

1120 1759 1382 1799 promissionem.
1428 1758 1523 1795 Item,
1546 1758 1619 1789 Deo
1643 1759 1838 1799 promittenti
1862 1770 1928 1790 non
1952 1762 2094 1791 tribuere

1120 1800 1250 1831 laudem
1286 1801 1448 1838 veritatis,
1482 1807 1515 1832 ut
1552 1801 1579 1831 1.
1604 1801 1692 1831 10311.
1727 1801 1758 1832 5.
1783 1805 1845 1839 [vs.
1872 1802 1936 1841 10.]
1961 1804 2092 1834 dicitur:

1120 1842 1183 1878 Qui
1216 1853 1282 1873 non
1317 1843 1420 1874 credit
1453 1843 1543 1880 Deo,
1574 1844 1765 1874 mendacem
1797 1842 1873 1874 facit
1909 1854 1990 1875 eum.
2054 1845 2093 1875 Et

1119 1896 1246 1916 summa
1271 1884 1471 1926 blasphemia
1497 1893 1545 1915 est
1572 1892 1780 1917 contemnere
1804 1896 1930 1924 vocem,
1955 1888 2092 1928 quaede

1121 1927 1215 1959 coelo
1240 1928 1348 1958 sonuit
1375 1928 1491 1965 [Marc.
1511 1928 1542 1965 9,
1561 1928 1624 1966 6.]:
1650 1928 1744 1959 1111110
1767 1930 1888 1960 311(11ῖθ.

1205 2012 1313 2043 Tertia
1338 2023 1457 2043 caussa
1480 2014 1521 2044 de
1545 2014 1751 2044 invocatione
1781 2024 1821 2044 ex
1843 2016 2008 2054 prioribus
2032 2018 2093 2045 011-

1120 2098 1325 2128 vocationem
1348 2104 1378 2128 et
1404 2097 1633 2128 Christianam.
1678 2098 1835 2129 invocant
1859 2098 1997 2129 Ethnici.
2035 2101 2094 2130 sed

1121 2141 1320 2177 dubitantes,
1350 2150 1391 2171 311
1416 2139 1507 2170 Deus
1542 2141 1695 2180 respiciat
1729 2151 1769 2171 ac
1799 2142 1934 2182 recipiat
1970 2152 2027 2172 eos
2064 2151 2092 2172 ex

1121 2223 1285 2265 querelae,
1314 2235 1380 2255 non
1413 2226 1545 2265 respici,
1574 2236 1640 2256 non
1671 2225 1816 2256 exaudiri
1839 2225 2050 2257 calamitosos
2074 2239 2092 2257 .·1

1119 2267 1204 2298 1)θο.
1249 2266 1289 2297 Et
1324 2268 1356 2298 in
1391 2277 1470 2298 vero
1505 2267 1635 2304 dolore,
1670 2278 1743 2298 cum
1766 2266 1847 2310 fugit
1871 2279 1963 2299 mens
1986 2268 2092 2300 Deum

1097 2314 1099 2354 ξ
1120 2311 1247 2347 iratum,
1270 2316 1303 2340 ut
1326 2308 1417 2347 Saul,
1442 2317 1530 2341 certe
1554 2321 1618 2340 non
1642 2310 1784 2341 invocat.
1819 2310 1960 2341 Econtra
1985 2311 2091 2341 Exan-

1122 2351 1241 2393 gelium
1255 2352 1350 2382 docet
1363 2352 1601 2382 invocationem
1614 2351 1723 2390 talem,
1748 2353 1779 2383 in
1793 2363 1857 2394 qua
1870 2352 1951 2383 fides
1965 2353 2092 2393 praelu-

1097 2404 1099 2427 !
1121 2394 1239 2425 luceat.
1263 2393 1332 2424 Etsi
1353 2395 1436 2424 enim
1451 2395 1607 2434 obstrepit
1626 2395 1683 2425 tibi
1696 2395 1872 2437 indignitas
1886 2401 1951 2432 tua,
1965 2397 2091 2436 quoties

1097 2450 1099 2463 ε
1121 2436 1256 2467 inchoas
1270 2437 1521 2473 invocationem,
1534 2444 1639 2467 tamen
1657 2437 1740 2467 fides
1752 2438 1915 2468 intueatur
1924 2437 2091 2469 filiumDei

1014 2480 1075 2510 Hic

1097 2507 1099 2559 ἶ
1121 2520 1210 2552 11111111
1234 2521 1444 2559 Pontificem,
1468 2523 1546 2552 sicui
1574 2523 1731 2561 scriptum
1755 2529 1804 2552 est
1830 2521 1908 2559 [loh.
1936 2523 1985 2551 16.
2010 2522 2090 2553 2²3.st

1121 2479 1345 2509 Mediatorem.
1366 2485 1397 2509 et
1410 2485 1529 2509 statuat
1543 2486 1573 2510 te
1586 2485 1615 2509 et
1629 2490 1747 2520 preces
1759 2486 1831 2511 tuas
1846 2481 1946 2520 recipi
1959 2486 2092 2520 propter

1891 2583 1919 2603 48
