2358 2933
140 142 201 174 169

209 374 233 391 10

207 627 231 644 15

199 1541 224 1558 lo

195 1752 220 1770 15

192 1956 222 1975 ⁴20

146 2120 208 2147 (44,
229 2121 264 2149 a.)

163 2153 203 2179 83.
223 2159 245 2177 a.

130 2502 176 2533 30)
200 2503 417 2562 expectationem]
437 2507 544 2536 utroque
566 2506 620 2530 loco
640 2505 681 2530 Ed.
701 2506 722 2530 7.
741 2511 786 2535 pro
804 2505 848 2530 illa
873 2512 933 2530 vot-e
952 2506 1041 2530 habet:
1071 2511 1111 2530 ar·
1131 2510 1134 2537 ξ

197 2542 292 2566 gumen
305 2543 356 2562 um.

243 1124 248 1129 -
288 1112 360 1134 mus
385 1102 551 1132 conditum
575 1102 829 1133 esse¹mundum
856 1102 960 1132 verbo
985 1102 1051 1139 dei,
1080 1107 1114 1132 ut

621 141 643 171 1.
668 141 769 173 LOCI
793 141 1070 175 THEOLOGICI:
1094 144 1131 176 B.
1157 144 1296 176 PRIMA
1319 146 1476 178 EORUM
1498 147 1654 179 AETAS.

956 235 1031 265 Non
1067 243 1117 266 est

294 248 364 268 rum
395 235 655 276 expectationem
666 236 709 271 3⁰)
743 234 900 275 adpellat-

292 280 390 322 igitur
412 278 495 308 tides
519 278 656 307 credere
680 277 774 307 minis
789 283 923 315 tantum,
939 278 1036 308 immo
1052 278 1116 308 hoc

290 322 400 364 potius
422 322 572 351 timorem
596 326 694 350 vocat
717 320 890 360 scriptura,
914 320 974 350 sed
991 326 1023 350 et
1041 331 1116 360 pro-

292 364 503 396 missionibus
523 363 672 399 credere,
695 362 760 392 hoc
783 368 833 392 est
857 361 969 392 fiwlere
992 364 1116 394 miseri·
1136 382 1137 386 =

291 407 403 438 cordia
438 411 469 436 et
499 406 642 436 bonitate
673 405 742 441 dei,
772 405 934 435 adversus
967 405 1116 436 iniuriam

290 449 419 486 mundi,
443 448 588 488 peccati,
612 447 744 483 mortis,
772 447 922 487 adeoque
946 453 1115 487 portarum

291 490 397 524 inferi.
432 491 541 522 Viden
554 490 820 530 expectationem
829 491 873 523 30)
891 499 1001 520 rerum
1029 500 1114 530 quae

291 539 467 575 sperantur
490 531 651 573 adpellari
673 532 780 562 fidem.
804 532 879 562 Non
903 533 1040 563 credunt
1056 533 1114 574 igi-

290 584 354 615 tur,
378 577 431 617 qui
456 586 521 607 non
544 580 719 616 expectant
748 575 945 614 promissam
964 574 1113 606 salutem.

290 619 335 651 At
365 620 473 655 dices,
499 619 598 648 credo
632 617 827 658 promissam
864 617 1020 655 salutem,
1055 618 1137 654 sed1

290 662 363 694 aliis
387 663 612 692 obventuram.
638 660 692 690 Sic
713 661 798 690 enim
821 661 919 691 sentit
932 670 1022 691 caro.
1048 660 1114 691 Sed
1136 666 1137 702 J

289 706 383 739 audi,
411 703 465 732 An
493 714 559 734 non
590 702 672 733 haec
702 702 759 733 tibi
789 713 921 744 quoque
951 703 1137 743 promissai

289 745 388 777 sunt?
411 745 465 775 An
487 754 553 775 non
576 746 608 775 in
629 755 743 775 omnes
756 751 872 785 gentes
890 746 1115 785 praedicatum
1136 747 1137 767 ³

289 796 339 820 est
369 786 608 829 Evangelium?
635 797 702 817 non
732 788 839 817 credis
870 788 968 828 igitur
996 789 1029 818 ni
1058 789 1114 819 tibi

289 840 421 872 quoque
446 829 586 860 salutem
614 831 810 870 promissam
830 831 960 861 credas.
1006 830 1114 861 Cer‘ta

286 875 436 915 impietas
456 879 487 903 et
510 872 686 903 infidelitas
711 878 777 909 est,
802 883 869 903 non
897 874 984 904 omni
1010 874 1113 904 verbo

289 918 341 947 dei
370 916 524 953 credere,
553 921 609 946 aut
637 916 774 946 credere
798 925 865 945 non
888 925 1001 955 posse,
1026 916 1113 956 quod

289 967 319 990 et
343 960 399 990 tibi
424 959 464 988 sit
487 958 652 998 promissa
674 958 824 988 remissio
847 964 1069 998 peccatorum.

333 1018 469 1049 Subiicit
498 1023 608 1048 autem
636 1016 833 1048 definitionis
862 1016 1013 1057 exempla
1040 1017 1137 1057 Epi-;

289 1060 376 1091 stola
405 1060 447 1090 ad
472 1059 654 1090 Hebraeos.
681 1059 746 1097 [11,
770 1058 800 1088 3.
811 1062 832 1096 z]
857 1057 937 1089 Fide
962 1058 1114 1101 intelligi-

285 1144 497 1177 invisibih'um
533 1144 661 1175 scilicet
690 1144 884 1181 divinitatis,
919 1150 951 1174 et
985 1145 1113 1175 w’rtutis

287 1189 356 1219 eius
388 1185 529 1226 visibilia
559 1186 686 1218 scilicet
716 1196 817 1227 opera
845 1186 975 1217 divinae
999 1192 1113 1228 poten-

286 1232 350 1262 tiae
371 1230 497 1261 fierent.
523 1229 578 1260 Sic
602 1224 687 1260 enim
706 1229 760 1260 hic
782 1227 877 1260 locus
897 1239 971 1260 cum
995 1240 1034 1261 eo
1059 1230 1113 1270 qui

289 1280 339 1304 est
364 1274 395 1303 in
418 1272 575 1303 Romanis
601 1273 644 1309 [1‚
658 1272 724 1310 ⁶20]
745 1271 909 1302 convenit.
929 1271 990 1302 Hic
1022 1279 1111 1303 ve'ro
1134 1288 1135 1296 κ

285 1315 462 1356 Sophistae
486 1316 696 1355 obstrepent,
726 1315 835 1355 inepte
862 1325 881 1344 a
899 1315 995 1345 nobis
1014 1314 1111 1346 aliam

283 1359 405 1399 requiri
424 1357 523 1388 fidem
552 1363 684 1398 praeter
711 1357 919 1395 historicam,
940 1367 1013 1388 cum
1036 1358 1111 1399 Epi-

284 1400 370 1432 stola
389 1402 431 1432 ad
453 1400 624 1431 Hebraeos
657 1400 710 1431 hic
741 1400 782 1430 de
808 1399 946 1431 historia
975 1406 1111 1439 tantum,

282 1454 400 1484 nempe
425 1443 546 1474 conditi
573 1443 695 1481 mundi,
726 1441 891 1483 loquatur.
938 1442 1005 1474 Sed
1024 1444 1111 1482 audi,

283 1487 448 1527 quomodo
456 1486 630 1527 quadrabit
638 1486 679 1517 ad
691 1485 913 1517 definitionem
921 1485 997 1516 fidei
1008 1496 1109 1527 prae-1

284 1530 440 1570 scriptam
470 1529 536 1560 hoc
565 1528 766 1570 exemplum,
797 1529 825 1558 si
856 1529 899 1559 ad
928 1528 1035 1559 solam
1064 1529 1112 1560 hi-

284 1572 440 1602 storicam
463 1571 561 1602 fidem
578 1571 742 1612 pertinet?
767 1570 910 1602 Proinde
938 1571 1037 1602 fidem
1064 1572 1111 1603 hi-

284 1614 406 1644 storiae
430 1614 470 1644 de
488 1615 609 1645 mundo
623 1614 822 1650 condit0,3¹)
846 1624 913 1644 non
925 1615 1111 1654 opinionem
1132 1629 1134 1632 ·

283 1662 408 1687 tantum
432 1655 521 1687 illam
533 1656 715 1697 vulgarem,
729 1665 814 1696 quae
832 1657 985 1697 gentibus
1004 1658 1111 1695 etiam,

284 1708 368 1740 quae
393 1698 569 1729 Saracenis
588 1708 750 1739 persuasa
773 1704 854 1736 erat,
878 1699 937 1729 sed
953 1701 1111 1741 cognitio-

281 1751 357 1772 nem
381 1742 554 1782 potentiae
577 1747 609 1772 et
638 1741 792 1772 bonitatis
818 1742 859 1772 ab
890 1751 990 1782 opere
1020 1752 1110 1773 crea-

281 1784 378 1815 tionis
407 1783 583 1815 collectam
613 1790 720 1814 vocat.
765 1782 815 1813 Ea
844 1783 925 1814 fides
956 1795 1021 1815 non
1046 1784 1111 1815 alia

283 1832 363 1863 erat,
383 1837 480 1867 quam
502 1826 557 1858 vel
576 1826 677 1864 Petri,
695 1825 750 1857 vel
773 1824 878 1857 Pauli.
908 1826 993 1858 Nam
1006 1834 1041 1858 ut
1054 1838 1110 1868 po-

283 1870 417 1900 tentiam
441 1870 492 1900 dei
515 1868 667 1910 intelligit
690 1868 1110 1901 Petrusinresurrectione

282 1911 414 1950 Christi,
438 1918 472 1943 ut
492 1913 688 1950 bonitatem,
715 1917 751 1943 ut
778 1913 1037 1944 misericordiam
1064 1914 1110 1944 in-

284 1954 413 1996 telligit,
438 1965 511 1986 cum
535 1956 647 1986 creldit
670 1965 731 1996 pro
757 1965 794 1986 se
823 1954 990 1987 Christum
1018 1957 1110 1987 victi·

282 2008 368 2029 mam
380 2008 419 2029 ac
432 1997 692 2029 satisfactionem
704 1996 818 2029 fuisse.
842 1998 1005 2040 Adeoque
1018 1998 1109 2030 nullo

283 2051 383 2082 opere
407 2051 480 2079 suo,
504 2042 563 2072 sed
587 2040 779 2082 simpliciter
807 2042 1033 2074 misericordia
1059 2043 1111 2073 dei

284 2084 364 2122 fidit,
384 2095 482 2125 quam
499 2085 532 2115 in
557 2083 689 2115 Christo
712 2083 881 2125 pollicitus
900 2091 961 2116 est.
995 2085 1042 2116 Ita
1056 2086 1111 2126 qui

284 2128 400 2167 spiritu
412 2137 521 2158 rerum
535 2127 753 2158 conditionem
766 2129 937 2165 aestimat,
954 2129 983 2158 is
1003 2134 1035 2158 et
1053 2138 1110 2168 po-

284 2171 418 2201 tentiam
442 2170 493 2200 dei
516 2170 604 2200 videt
627 2172 782 2203 auictoris
808 2177 971 2202 tantarum
989 2181 1110 2208 rerum,
1131 2196 1133 2200 .

284 2218 315 2243 et
338 2213 518 2243 bonitatem
541 2223 614 2244 cum
645 2224 682 2245 se
701 2215 808 2245 omnia
841 2213 932 2245 velut
963 2224 980 2245 e
1009 2215 1108 2245 mani-

282 2256 345 2286 bus
371 2256 530 2287 creatoris
543 2257 641 2287 sentit
653 2258 816 2298 accipere,
838 2258 950 2295 witam,
974 2257 1108 2294 victum,

282 2297 445 2336 sobolem,
469 2304 500 2329 et
521 2298 579 2330 illa
600 2300 756 2340 permittit
779 2301 938 2337 creatori,
971 2306 1007 2330 ut
1030 2306 1109 2331 tem-

282 2347 386 2382 peret,
400 2344 505 2383 regat,
519 2343 734 2380 administret,
749 2344 955 2384 suppeditet,
974 2353 1034 2384 pro
1048 2353 1109 2374 sua

1135 1046 1259 1076 ³tentia
1288 1052 1319 1075 et
1351 1047 1479 1076 bonitas
1509 1048 1580 1078 est?

1165 239 1321 276 bonitate,
1340 251 1424 280 quae
1450 240 1537 272 libet.
1584 242 1674 273 Haec
1694 243 1776 273 tides
1800 250 1849 274 est
1874 245 1914 274 de
1937 255 1987 276 re-

1163 290 1233 310 mm
1258 283 1454 319 conditione,
1479 294 1544 313 non
1568 283 1686 325 frigida
1709 286 1830 326 opinio,
1853 287 1912 318 sed
1941 287 1987 317 vi-

1162 324 1337 354 vacissima
1357 325 1500 366 cognitio
1525 332 1591 357 tum
1609 330 1790 367 potentiae,
1814 338 1880 360 tum
1897 330 1987 360 boni-

1160 366 1236 395 tatis
1260 367 1322 403 dei,
1346 367 1541 398 effundentis
1564 370 1645 399 sein
1667 374 1987 409 011u1es¹creaturaS‚

1161 410 1306 448 regentis
1315 415 1346 439 et
1356 410 1612 441 administrantis
1622 422 1735 444 omnes
1753 416 1986 456 creaturasffl),

1161 460 1258 489 quam
1282 452 1310 481 si
1333 460 1466 491 possem
1490 453 1673 493 explicare,
1705 462 1741 487 ut
1770 459 1816 487 rei
1844 458 1986 499 dignitas

1159 492 1316 532 postulat,
1341 501 1496 533 quantum
1522 495 1708 528 chartartun
1731 500 1928 531 insumerem
1954 502 1986 531 in

1160 534 1247 564 hunc
1272 545 1370 566 unum
1393 535 1511 567 locum.
1537 537 1731 579 Quanquam
1747 542 1801 580 qui
1826 553 1903 573 vere
1916 553 1986 573 cre-

1163 578 1219 615 dit,
1243 588 1328 618 quae
1358 579 1398 608 sit
1429 579 1512 609 fides
1541 580 1581 611 de
1612 592 1721 612 rerum
1745 585 1985 625 creatione,33)

1161 620 1278 659 spiritu
1301 619 1399 651 facile
1417 623 1611 652 aestimabit.
1649 623 1806 656 Fortasse
1835 627 1985 658 ridebunt

1160 662 1454 703 haec'Sophistae,
1478 665 1537 695 sed
1560 665 1687 696 rideant
1711 677 1806 706 sane,
1837 670 1913 700 dum
1936 680 1986 700 re-

1160 704 1267 736 futare
1291 715 1357 736 non
1380 707 1520 747 possint,
1544 718 1628 747 quae
1641 719 1704 749 ego
1717 715 1782 740 tam
1795 710 1889 742 firma
1910 722 1985 742 esse

1161 748 1242 785 scio,
1265 753 1301 778 ut
1324 758 1364 778 ne
1389 750 1429 779 ab
1443 748 1621 781 inferorum
1634 752 1763 791 quidem
1787 755 1890 793 portis
1909 764 1985 794 pos-

1160 791 1223 820 sint
1238 790 1391 821 convelli.
1416 791 1524 822 Vocat
1538 792 1660 823 Paulus
1681 796 1857 826 creationis
1877 796 1985 835 fidem,

1160 834 1332 874 augustius
1357 840 1388 864 et
1400 835 1547 865 vivacius
1561 836 1725 876 quiddam,
1749 848 1846 878 quam
1862 840 1985 879 opinio-

1158 886 1234 906 nem
1245 875 1248 889 '
1259 875 1483 916 sophisticam,
1493 888 1567 908 cum
1585 879 1626 909 ad
1635 878 1803 910 Romanos
1817 881 1907 919 I.[vs.
1915 881 1982 920 20]

1161 919 1216 955 ait,
1240 918 1418 949 Invisibilia
1442 920 1492 950 dei
1516 930 1632 962 nempe
1661 924 1892 962 sempiternam
1921 925 1985 955 xir-

1159 967 1270 997 tutem,
1295 968 1326 991 et
1351 962 1550 993 divInitatem
1575 965 1733 1004 conspici,
1753 976 1813 1006 per
1832 966 1983 998 visibilia.

1159 1002 1264 1033 Porro
1288 1004 1392 1033 virtus
1417 1005 1468 1034 dei
1492 1015 1552 1035 seu
1576 1006 1738 1037 divinitas.
1763 1009 1839 1048 quid
1852 1010 1913 1039 nisi
1926 1019 1983 1048 po-

1635 1048 1675 1079 Et
1712 1049 1855 1081 Actuum
1884 1051 1984 1082 XIIII.

1160 1090 1221 1124 [vs.
1252 1087 1332 1125 16.:]
1364 1088 1438 1119 Non
1469 1090 1540 1121 sine
1558 1092 1757 1122 testimo¹nio
1786 1103 1823 1123 se
1853 1092 1983 1134 reliquit

1159 1128 1382 1168 benefaciens,
1406 1132 1446 1162 de
1471 1132 1565 1165 coelo
1590 1134 1672 1164 dans
1695 1133 1840 1175 pluviam
1861 1142 1892 1166 et
1904 1142 1983 1168 tem-

1158 1183 1240 1213 pora
1263 1172 1442 1204 fructifera.
1487 1175 1529 1205 Et
1548 1186 1645 1216 quam
1668 1179 1814 1208 suaxiter
1837 1177 1982 1210 oblectat

1158 1225 1195 1245 se
1218 1215 1326 1246 David
1349 1217 1559 1248 meditatione
1583 1220 1768 1257 creationis,
1792 1220 1881 1251 Psal.
1902 1220 1983 1252 CIII.

1159 1260 1221 1295 [vs.
1235 1258 1318 1296 24.:]
1344 1259 1461 1290 Omnia
1473 1261 1505 1290 in
1518 1262 1679 1301 sapientia
1698 1261 1816 1300 fecisti,
1839 1263 1983 1304 impleta

1159 1306 1208 1331 est
1223 1306 1310 1331 terra
1324 1303 1538 1342 possessione
1553 1304 1608 1334 tui.
1632 1304 1723 1342 Item,
1735 1308 1816 1342 [vss.
1837 1306 1878 1336 ‘27
1897 1316 1947 1347 sq.
1957 1310 1979 1345 z]

1158 1343 1275 1374 Omnia
1297 1354 1317 1374 a
1337 1350 1368 1374 te
1391 1352 1575 1386 expectant,
1599 1352 1633 1377 ut
1653 1347 1711 1377 des
1734 1347 1802 1379 illis
1815 1358 1926 1379 escam
1949 1350 1981 1379 in

1157 1391 1315 1426 tempore.
1360 1386 1470 1418 Dante
1482 1394 1513 1419 te
1532 1388 1597 1419 illis
1622 1388 1790 1431 colligent,
1814 1393 1982 1432 aperiente

1156 1434 1188 1459 te
1211 1439 1342 1460 mamm}
1366 1435 1454 1461 tuam
1468 1432 1575 1462 omnia
1587 1432 1808 1472 implebuntur
1824 1435 1980 1465 bonitate.

1157 1471 1289 1506 Quaeso
1313 1478 1345 1502 te
1369 1473 1411 1503 ad
1434 1484 1508 1504 eum
1530 1475 1662 1506 modum
1684 1477 1876 1517 mysterium
1891 1486 1981 1508 crea-

1156 1515 1253 1545 tionis
1277 1520 1420 1546 tractare
1450 1521 1568 1556 po‘test
1598 1517 1698 1548 caro?
1721 1524 1777 1549 aut
1804 1518 1887 1550 illud
1911 1529 1981 1550 car-

1155 1556 1278 1588 nalium
1302 1560 1503 1589 somniorum
1527 1559 1628 1591 chaos
1651 1560 1873 1601 philosophia,
1896 1572 1981 1602 quae

1157 1610 1231 1630 cum
1241 1602 1470 1642 contingenter
1476 1603 1608 1633 evenire
1620 1613 1674 1634 res
1682 1604 1869 1642 arbitretur,
1882 1604 1980 1645 plane

1155 1649 1255 1684 negat
1289 1653 1373 1684 opus
1405 1646 1589 1676 creationis.
1642 1645 1756 1686 Itaque
1784 1647 1869 1678 sicut
1895 1646 1980 1688 legis

1155 1685 1298 1726 populus
1320 1688 1500 1727 potentiam
1518 1698 1558 1718 ac
1580 1689 1758 1719 bonitatem
1782 1690 1833 1720 dei
1857 1699 1979 1730 cogno-

1156 1729 1217 1765 vit,
1247 1729 1279 1758 in
1310 1739 1349 1760 eo
1379 1731 1467 1769 quod
1497 1731 1753 1762 vindicatus¹est
1779 1742 1798 1762 a
1822 1734 1980 1763 servitute

1155 1770 1371 1811 Aegjptiaca.
1396 1771 1452 1802 Sic
1465 1773 1549 1803 enim
1561 1774 1604 1803 ait
1623 1772 1729 1804 Exodi
1753 1773 1827 1804 XX.
1843 1777 1905 1811 [vs.
1917 1775 1948 1805 2.
1958 1778 1978 1813 z]

1155 1812 1228 1854 Ego
1253 1824 1325 1844 sum
1348 1815 1498 1845 dominus
1523 1816 1604 1846 deus
1628 1821 1715 1854 tuus,
1745 1817 1799 1857 qui
1828 1817 1926 1847 eduxi
1948 1823 1980 1848 te

1156 1856 1197 1886 de
1220 1861 1307 1887 terra
1330 1857 1496 1898 Aegypto,
1521 1858 1561 1888 de
1590 1858 1687 1889 domo
1717 1860 1884 1890 servitutis
1916 1865 1979 1890 etc.

1156 1904 1188 1929 et
1211 1905 1287 1930 ante
1296 1900 1342 1939 34)
1356 1899 1464 1941 legem
1476 1899 1717 1942 promulgatam
1730 1902 1979 1942 cognoscebant

1155 1949 1279 1981 patres,
1304 1943 1335 1972 in
1347 1943 1390 1979 3⁵)
1414 1943 1453 1973 iis
1477 1953 1561 1983 quae
1585 1954 1659 1974 cum
1669 1944 1851 1981 Abraham,
1874 1944 1980 1982 Isaac,

1154 1984 1253 2015 Iacob
1265 2000 1268 2006 Δ
1281 1991 1441 2025 gesserat.
1489 1985 1600 2020 Quare
1619 1987 1715 2017 deum
1732 1986 1902 2017 Abraham
1916 1992 1979 2018 etc.

1154 2033 1286 2057 vocant.
1332 2027 1381 2058 Ita
1403 2034 1478 2059 ante
1501 2028 1564 2059 hos
1583 2029 1706 2059 creatio
1719 2039 1829 2060 rerum
1844 2035 1915 2060 erat
1937 2030 1979 2060 si-

1156 2080 1256 2111 gnum
1279 2076 1405 2102 certum
1428 2076 1459 2101 et
1477 2069 1594 2109 forma,
1618 2082 1636 2102 e
1659 2082 1724 2112 qua
1753 2073 1979 2113 cognosceba-

1155 2118 1208 2144 tur
1237 2113 1329 2144 deus.
1375 2114 1431 2145 Sic
1458 2113 1564 2151 Abel,
1583 2115 1631 2144 sic
1661 2113 1715 2145 alii
1745 2116 1849 2145 sancti
1875 2115 1979 2145 credi-

1156 2156 1245 2193 dere,
1270 2166 1456 2197 quanquam
1478 2156 1596 2187 horum
1615 2156 1712 2188 fidem
1736 2166 1869 2197 quoque
1893 2158 1978 2188 exci-

1154 2200 1235 2229 tavit
1258 2199 1433 2240 promissio
1465 2200 1505 2230 de
1529 2200 1635 2240 capite
1666 2200 1839 2240 serpentis
1869 2205 1979 2231 conte-

1154 2242 1259 2272 rendo
1288 2252 1347 2282 per
1375 2252 1487 2273 semen
1515 2242 1638 2273 Hevae.
1690 2241 1766 2273 ldeo
1797 2243 1978 2280 subiicitur,

1224 2438 1265 2462 Ed.
1286 2439 1307 2462 7.
1324 2436 1358 2462 ob
1379 2436 1642 2462 homoeoteleuton.

1156 2490 1201 2518 33)
1227 2489 1367 2519 creatione]
1388 2489 1429 2514 Ed.
1450 2489 1472 2511 2.
1492 2489 1587 2518 typoth.
1607 2494 1706 2513 errore:
1726 2489 1846 2514 eratione.

1157 2540 1202 2570 34)
1229 2543 1254 2564 et
1273 2539 1343 2570 ante]
1364 2539 1405 2564 Ed.
1425 2541 1448 2564 7.
1468 2542 1493 2564 et
1512 2542 1537 2563 ut
1557 2541 1616 2563 ante

130 2587 175 2617 31)
201 2587 228 2612 111
246 2593 326 2618 marg.
336 2587 408 2613 Editt.
428 2590 450 2613 2.
465 2590 499 2613 7.:
518 2589 591 2613 fides
601 2590 723 2614 historiae
739 2589 770 2614 de
781 2589 915 2615 creatione.
927 2590 998 2620 (om.
1010 2590 1052 2615 Ed.
1069 2591 1114 2619 1.).
1133 2585 1135 2608 ἴ
1157 2591 1202 2619 35)
1228 2594 1330 2620 patres,
1350 2590 1384 2621 in]
1404 2590 1447 2615 Ed.
1470 2591 1492 2614 7.
1510 2592 1596 2620 patres
1617 2589 1702 2614 deum.
1721 2591 1746 2614 in

2078 152 2139 183 170

2057 425 2084 443 10

2053 669 2079 688 15

2047 881 2078 899 20

2019 1103 2059 1131 83,
2078 1104 2102 1128 b.

2047 1521 2074 1539 10

2047 1742 2073 1760 15

2043 1989 2073 2007 20

2043 2209 2073 2228 25

1130 2391 1132 2400 Ι
1153 2405 1199 2433 32)
1222 2405 1334 2433 regentis
1360 2408 1385 2429 et
1409 2404 1610 2428 administrantis
1635 2409 1724 2428 omnes
1749 2403 1905 2434 creaturas]
1930 2394 2005 2428 haec*
2029 2404 2132 2428 omisit
