2358 2933
208 105 281 137 §³83

213 197 362 230 t‘nlatore
384 197 529 238 pericula
548 197 686 239 depulsa
709 209 798 238 esse,
822 208 853 231 et
873 200 1031 232 beneficia
1049 201 1112 232 Dei
1135 212 1192 233 110-

214 242 270 271 bis
295 248 326 271 et
344 239 417 271 aliis
435 240 673 281 praedicemus.

306 282 397 314 Haec
422 283 462 313 de
486 284 662 322 praecipuo
686 283 869 316 sacrificio.
896 283 1049 316 videlicet
1072 287 1192 326 gratia-

220 336 291 356 rum
324 326 470 356 actione.
506 325 648 356 breviter
681 326 745 356 d'rx‘i
768 327 811 357 ad
836 326 1192 359 connnonefi'tciendum

221 369 307 408 pimn
330 366 501 398 lectorem.
525 377 622 408 quem
644 369 773 408 quidem
796 379 874 406 oro,
900 376 935 400 ut
957 369 998 400 de
1021 371 1134 401 eadem
1156 381 1192 401 re

222 409 396 451 diligenter
425 410 609 440 consideret
636 417 667 441 et
691 409 825 453 colligat
848 411 1028 442 sententias
1051 413 1083 442 in
1113 412 1192 443 Pro-

223 451 358 493 pheticis
383 458 414 482 et
427 450 628 492 Apostolicis
651 454 794 493 scriptis,
818 460 853 485 ut
875 454 1036 485 exuscitet
1051 462 1192 485 mentem

222 495 262 525 ad
286 493 413 531 Fidem,
442 504 552 525 veram
575 495 813 527 invocationem
836 502 868 527 et
890 506 1002 527 veram
1025 497 1192 537 gratitudi-

222 547 306 568 nem.
351 534 496 567 Disficile
520 543 571 567 est
594 538 679 568 enim
701 539 841 569 retinere
864 549 974 570 veram
998 540 1192 570 sententiam

223 579 262 610 de
286 580 470 618 praesentia
491 578 554 609 Dei
577 579 608 610 in
631 586 721 611 tanta
743 587 857 611 nostra
875 581 1070 613 infirmitate.
1096 582 1192 612 etiam

223 633 295 653 011111
318 620 491 652 manifesta
514 623 697 653 testimonia
719 623 876 654 videmus.
908 624 1000 654 Sicut
1023 623 1192 654 lst-aelitae

223 665 253 694 in
277 664 425 701 deserto,
449 664 510 694 etsi
533 662 669 704 plurima
693 666 878 696 testimonia
901 667 1106 706 praesentiae
1129 665 1193 697 Dei

224 706 383 743 viderunt,
407 713 512 737 tamen
532 707 629 737 toties
654 707 861 744 dubitabant,
875 719 893 738 a
907 718 970 749 quo
985 718 1026 738 ex
1037 708 1191 749 Aegypto

223 749 330 780 educti
354 756 475 779 essent.
520 748 561 779 Et
584 748 707 780 Christi
735 748 825 780 sacta
854 751 1004 781 viderant
1026 749 1191 790 Apostoli.

222 792 369 822 viderant
404 792 501 822 toties
526 792 718 822 resuscitari
741 799 908 830 mortuos,
942 799 972 823 et
997 799 1103 823 tamen
1127 803 1192 823 ma-

223 844 288 875 gna
311 840 380 864 erat
402 833 477 864 fidei
501 832 715 864 imbecillitas.
754 835 830 865 ideo
854 846 927 866 cum
939 835 1000 865 Dei
1025 834 1192 866 beneficiis

221 875 366 916 pericula
389 876 484 906 nobis
508 874 731 916 depelluntur,
755 884 786 906 ut
813 887 912 917 saepe
936 877 989 914 fit,
1023 884 1192 908 teneamus

222 920 253 948 in
287 925 466 959 conspectu
489 919 687 956 sententias,
723 929 807 960 quae
830 930 891 950 nos
916 919 1125 957 confirment,
1160 926 1193 950 ut

222 971 442 1002 agnoscamus
466 970 527 991 nos
551 960 656 991 aDeo
680 962 809 992 adiutos
833 972 918 993 esse.
953 961 1023 992 Nec
1046 963 1192 992 sinamus

221 1002 306 1034 hanc
329 1004 520 1034 sententiam
544 1004 576 1033 in
599 1004 714 1034 animis
737 1005 862 1034 nostris
885 1004 987 1035 obrui.
1028 1004 1100 1035 Hoc
1125 1014 1192 1035 cer-

223 1054 330 1077 tamen
363 1056 437 1076 cum
471 1044 602 1077 difficile
636 1046 678 1076 sit
711 1047 891 1084 mentibus,
925 1053 958 1077 ut
994 1047 1193 1086 experientia

223 1089 363 1119 ostendit
386 1094 417 1119 et
440 1095 573 1119 monent
592 1087 741 1129 exempla
769 1090 893 1129 scripta
917 1089 957 1119 de
980 1087 1136 1120 Israelitis
1160 1090 1193 1119 in

223 1132 369 1169 deserto,
394 1129 616 1172 diligentiores
640 1141 701 1161 nos
725 1141 800 1162 esse
823 1132 916 1162 decet
942 1132 973 1161 in
996 1132 1192 1172 cogitatione

223 1174 489 1210 testimoniorum,
514 1183 598 1214 quae
622 1174 653 1204 in
677 1174 807 1214 scriptis
831 1173 1037 1214 Propheticis
1061 1179 1092 1204 et
1103 1173 1192 1214 Apo-

224 1215 349 1247 stolicis
372 1216 489 1247 tradita
512 1222 598 1253 sunt,
622 1222 654 1246 ut
668 1216 767 1246 Fides
791 1222 823 1246 et
846 1217 967 1257 agnitio
987 1217 1193 1257 praesentiae

222 1258 284 1289 Dei
317 1259 349 1289 in
385 1259 481 1289 nobis
511 1258 722 1289 confirmetur
746 1265 777 1288 et
801 1266 943 1290 crescat.
988 1259 1038 1289 Sit
1061 1259 1093 1288 in
1117 1268 1193 1288 con-

224 1307 341 1341 spectu
364 1299 530 1332 confessio
553 1300 651 1331 Iacob
673 1300 755 1331 Gen.
779 1300 830 1331 48.
856 1305 917 1337 [vs.
933 1300 997 1339 15.]
1022 1301 1076 1340 qui
1101 1310 1192 1340 prae-

223 1344 311 1375 dicat
334 1353 372 1374 se
394 1354 414 1374 3
435 1342 509 1373 Deo
533 1350 659 1383 patrum
683 1353 827 1380 suorum,
850 1342 1019 1373 Abraham
1043 1350 1075 1373 et
1087 1342 1191 1379 Isaac,

224 1386 297 1417 inde
330 1396 434 1427 usque
457 1386 498 1415 ab
522 1384 655 1415 infantia
678 1387 832 1416 nutritum
855 1392 886 1416 et
910 1384 1081 1415 defensum
1104 1394 1192 1421 esse,

224 1436 254 1459 et
277 1428 364 1459 addit
387 1428 581 1458 mentionem
604 1426 742 1469 Angeli,
777 1428 809 1457 id
832 1434 898 1465 est,
934 1425 1005 1458 Filii
1027 1426 1107 1463 Dei,
1134 1436 1193 1466 per

224 1481 319 1513 quem
341 1471 387 1501 ait
409 1480 447 1501 se
457 1471 501 1506 ²²»)
536 1476 681 1510 ereptum
705 1479 744 1500 ex
767 1471 917 1500 omnibus
943 1468 1046 1499 malis.
1092 1469 1140 1499 Ita
1163 1474 1194 1498 et

225 1513 361 1544 *davidis
385 1512 531 1543 morituri
554 1513 732 1553 gratiarum
755 1512 840 1543 actio
859 1512 954 1543 1101115
979 1510 1128 1551 exemplo
1152 1511 1195 1541 sit

224 1556 253 1586 2.
276 1555 358 1596 Reg.
382 1555 433 1585 22.
459 1555 502 1592 [2.
526 1555 613 1586 Sam.
636 1554 689 1591 ⁶22,
716 1554 778 1592 184
803 1554 971 1585 Liberavit
993 1564 1043 1584 me
1066 1555 1106 1584 ab
1131 1552 1193 1590 1115,

225 1598 276 1639 qui
302 1599 439 1629 oderant
461 1607 521 1628 me.

310 1640 541 1681 Agnoscamus
586 1638 734 1670 humanis
776 1638 921 1670 consiliis
956 1645 988 1670 et
1021 1638 1194 1679 praesidiis

224 1693 290 1714 11011
309 1693 409 1722 posse
427 1680 573 1722 pericula
595 1682 703 1712 onmia
727 1682 856 1718 discuti,
882 1682 966 1712 sicut
991 1680 1080 1712 clare
1094 1681 1194 1721 inquit

225 1725 376 1756 Ieremias
401 1735 472 1764 cap.
499 1724 548 1755 10.
573 1723 714 1762 [vs-23]
740 1723 829 1761 Scio,
847 1723 999 1761 Domine,
1019 1723 1107 1764 quod
1130 1732 1195 1753 non

226 1775 275 1797 est
298 1767 438 1798 hominis
462 1767 513 1797 via
537 1767 616 1797 eius.
662 1766 768 1801 Quam
791 1765 891 1796 multa
914 1765 1035 1807 Moysi,
1060 1765 1195 1795 Samue·

225 1809 258 1847 li,
282 1809 413 1846 Davidi,
437 1808 610 1843 Ezechiae,
634 1809 773 1849 denique
796 1809 945 1838 omnibus
969 1808 1195 1849 gubernatori·

227 1854 286 1883 bus
310 1852 461 1882 accidunt
484 1850 720 1882 inextricabilia
742 1850 884 1881 humano
909 1849 1062 1881 consilio!
1107 1849 1195 1890 Ergo

226 1901 259 1925 ut
282 1893 343 1932 illi,
370 1894 440 1935 regi
464 1904 524 1924 nos
548 1900 579 1923 et
602 1893 703 1924 iuvari
726 1903 745 1924 a
768 1892 842 1923 Deo
866 1899 1033 1932 petamuS,
1069 1899 1101 1922 et
1124 1902 1196 1923 cum

228 1937 334 1967 exitus
358 1942 432 1966 sunt
456 1935 585 1976 placidi,
608 1934 777 1972 fateamur,
801 1935 888 1975 quod
909 1946 961 1965 res
985 1942 1047 1971 est,
1081 1945 1100 1964 a
1122 1933 1195 1964 Deo

227 1990 287 2009 nos
311 1978 438 2009 adiutos
463 1984 495 2008 et
518 1977 673 2008 defensos
697 1987 782 2008 esse.
827 1977 917 2008 Vidit
947 1984 977 2007 et
1000 1976 1083 2007 haec
1106 1983 1196 2007 aetas

227 2019 393 2061 exempla,
425 2030 508 2061 quae
530 2020 720 2060 praedicare
744 2020 857 2054 decet,
892 2025 927 2050 ut
949 2019 1013 2050 Dei
1036 2018 1196 2049 beneficia

227 2062 448 2100 celebrentur,
483 2063 570 2093 dedit
594 2062 686 2093 Deus
715 2072 831 2101 pacem
850 2068 897 2092 tot
919 2062 982 2092 iam
1004 2071 1110 2092 annos
1135 2060 1195 2091 Ec-

228 2104 337 2135 clesiis
357 2106 499 2140 110511·15;
543 2105 614 2135 Nec
636 2114 750 2145 pacem
773 2110 897 2134 tantum
921 2104 1019 2141 dedit,
1042 2114 1104 2134 nec
1127 2111 1196 2134 tan-

228 2154 293 2178 tum
323 2148 463 2187 impediit
484 2146 625 2178 hostium
649 2153 803 2183 conatus,
837 2147 896 2176 sed
920 2147 1014 2176 etiam
1037 2144 1196 2177 scandala

228 2187 328 2220 multa
349 2190 471 2230 passim
489 2196 605 2220 exorta
629 2189 809 2229 oppressit,
844 2195 873 2218 et
897 2199 1017 2229 magna
1040 2198 1079 2218 ex
1102 2195 1196 2230 parte

229 2232 337 2261 studia
355 2238 387 2261 et
409 2232 527 2262 iudicia
551 2241 672 2268 eorum,
695 2232 750 2272 qui
772 2237 927 2271 praesunt
950 2230 1130 2268 Ecclesiis,
1153 2231 1196 2261 ita

231 2274 329 2311 rexit,
365 2279 399 2303 ut
432 2274 578 2304 doctrina
602 2275 631 2303 in
655 2272 816 2304 Ecclesiis
840 2273 961 2303 nostris
984 2274 1108 2313 passim
1132 2274 1196 2303 sin-

229 2317 358 2355 001323)
383 2316 539 2346 tradatur.
568 2315 632 2345 Pro
655 2315 706 2345 his
731 2316 915 2356 ingentibus
940 2315 1109 2346 beneficiis
1122 2315 1195 2346 Deo

229 2366 379 2394 aeterno,
411 2356 498 2388 Patri
521 2357 650 2388 Domini
675 2359 779 2388 nostri
803 2357 876 2388 lesu
899 2357 1037 2395 Christi,
1072 2359 1195 2399 gratias

231 2487 274 2512 :²21
295 2486 328 2509 ait
348 2485 385 2515 se]
407 2485 477 2509 Editt.
499 2485 538 2506 22.
560 2484 597 2509 2⁴.
618 2485 733 2510 28—34..
752 2486 810 2515 Opp.
833 2487 851 2507 1.
871 2486 893 2508 2.
913 2491 940 2509 se
960 2486 994 2510 ait

232 2537 275 2563 211)
297 2535 404 2565 sincera]
427 2535 496 2559 Editt.
519 2536 554 2558 18.
577 2536 615 2558 ⁴20.
635 2535 680 2559 25..
701 2535 770 2564 Corn⁴
796 2536 864 2560 1-8.
885 2537 981 2560 sincere

841 106 950 139 PHIL.
973 107 1077 140 MEL.
1101 109 1284 141 SCRIPTA
1309 109 1584 143 DOGMA'HCA.

2143 115 2207 147 984

1237 214 1301 245 ago
1325 210 1358 234 et
1380 213 1453 234 eum
1476 210 1610 244 propter
1632 203 1747 236 Filium
1769 204 1876 236 lesum
1895 204 2072 243 Christum,
2093 205 2205 238 Domi-

1237 256 1312 276 num
1334 252 1494 283 nostrum,
1520 245 1709 278 crucifixum
1731 256 1792 286 pro
1814 248 1909 278 nobis
1933 253 1965 278 et
1975 249 2205 280 resuscitatum

1237 298 1295 318 oro
1319 293 1388 318 toto
1412 294 1558 328 pectore,
1579 295 1614 319 ut
1636 298 1698 319 1105
1717 288 1840 329 Spiritu
1862 296 1978 320 sancto
2003 296 2096 331 regat
2118 291 2206 321 dein-

1237 339 1317 369 ceps
1341 336 1373 361 et.
1395 336 1570 370 perpetuo:
1594 330 1709 361 Amen.

1676 457 1778 497 [XX-J

1335 541 1691 573 MAGISTRATIBUS
1725 541 1942 573 CIVILIBUS
1974 542 2029 573 ET
2071 543 2208 575 DlGNl-

1410 617 1524 648 TATE
1542 616 1697 648 RERUM
1719 617 2033 649 POLlTlCARUM.

1235 539 1295 571 DE

1323 710 1488 741 Hactenus
1502 709 1687 741 Ecclesiam
1700 710 1858 751 descripsi
1882 721 1922 742 ac
1946 712 2093 748 recitavi,
2118 713 2206 752 quod

1238 753 1407 783 doctrinae
1442 762 1547 793 genus
1580 753 1793 792 praecipuum
1825 759 1857 784 et
1878 754 2024 794 ignotum
2046 753 2207 784 humanae

1238 795 1355 824 rationi
1393 793 1621 831 circumferat,
1666 800 1698 824 et
1731 795 1894 834 quomodo
1927 795 2034 826 Deum
2067 797 2209 827 invocet,

1237 837 1331 867 Nunc
1366 837 1440 877 quia
1472 846 1612 867 necesse
1646 842 1696 866 est
1729 846 1800 866 eam
1822 837 1905 867 inter
1927 836 2074 868 homines
2097 839 2210 868 viv-ere

1238 880 1269 909 in
1294 879 1508 915 oeconomiis,
1532 877 1663 918 politiis,
1687 879 1846 918 impexiis,
1870 879 1924 909 ubi
1949 878 2016 910 vult
2039 879 2133 910 Deus
2155 889 2210 911 au-

1239 921 1298 951 diri
1322 920 1566 951 confessionem
1588 930 1689 951 verae
1712 921 1897 958 doctrinae,
1920 921 1983 951 imo
2006 922 2062 952 ubi
2084 920 2210 962 colligit

1238 964 1300 994 sibi
1312 962 1508 999 Ecclesiam,
1532 962 1728 994 collocanda
1750 969 1802 993 est
1824 964 1856 993 in
1879 964 2082 994 oeconomiis
2101 970 2134 994 et
2155 973 2209 994 so—

1239 1007 1356 1037 cietate
1380 1005 1485 1042 civili,
1520 1012 1552 1036 et
1571 1005 1732 1043 docenda,
1767 1005 1845 1045 quid
1869 1006 1908 1036 de
1927 1004 2089 1047 Coniugio
2114 1012 2145 1036 et
2168 1007 2209 1037 de

1237 1048 1382 1089 Imperiis
1406 1048 1611 1078 sentiendum
1634 1048 1683 1080 sit,

1322 1090 1374 1121 Ac
1395 1100 1536 1121 necesse
1559 1096 1610 1120 est
1628 1090 1668 1120 de
1690 1089 1742 1120 his
1764 1090 1865 1121 rebus
1883 1096 1983 1127 recte,
2007 1090 2132 1127 dextre,
2156 1100 2210 1121 ex-

1238 1133 1360 1174 plicate
1384 1143 1423 1163 ex
1446 1132 1640 1163 testimoniis
1659 1131 1896 1172 Prophetarum
1920 1139 1951 1162 et
1973 1131 2210 1173 Apostolorum

1239 1176 1359 1206 erudiri
1382 1175 1549 1212 homines,
1572 1175 1648 1215 quia
1670 1184 1772 1214 saepe
1796 1180 1828 1205 et
1850 1173 1928 1205 olim
1946 1181 1979 1204 et
2002 1184 2118 1205 recens
2141 1173 2210 1205 fue-

1238 1224 1314 1249 runt
1337 1217 1530 1258 hypocritae
1553 1217 1772 1256 superstitiosi
1795 1224 1828 1247 et
1850 1215 1999 1254 fanatici,
2022 1217 2076 1258 qui
2099 1217 2211 1248 coniu-

1239 1261 1293 1301 gia
1316 1270 1336 1290 a
1357 1260 1431 1289 Deo
1455 1260 1603 1289 ordinata
1623 1266 1652 1288 et
1676 1259 1923 1299 magistratuum
1943 1257 2142 1296 functiones,
2164 1260 2211 1290 iu-

1239 1303 1339 1339 dicia,
1373 1300 1466 1342 leges
1500 1300 1669 1337 forenses,
1692 1299 1854 1341 legitimas
1887 1310 2030 1340 poenas,
2066 1302 2211 1340 imperia,

1238 1343 1325 1375 bella
1348 1343 1510 1384 legitima,
1545 1341 1687 1373 militiam
1710 1343 1956 1373 damnaverunt.
2001 1341 2099 1373 Tales
2121 1342 2208 1374 furo-

1239 1397 1292 1416 res
1317 1385 1393 1416 olim
1415 1390 1609 1425 sparserunt
1630 1384 1779 1415 Marcion
1802 1390 1833 1414 et
1855 1384 2050 1422 Manichaei,
2073 1395 2211 1425 quorum

1240 1427 1352 1459 deliria
1376 1428 1430 1457 diu
1452 1432 1633 1467 pervagata
1656 1433 1731 1456 sunt
1754 1427 1868 1457 Asiam
1890 1432 1921 1456 et
1943 1424 2100 1457 Africam.
2141 1427 2210 1458 Cir-

1241 1468 1462 1501 cumtulerunt
1485 1475 1516 1499 et
1539 1467 1661 1498 similes
1681 1478 1812 1499 errores
1835 1474 1911 1499 ante
1928 1473 2094 1499 trecentos
2106 1479 2212 1500 annos

1240 1510 1457 1552 Flagelliferi,
1484 1517 1519 1542 ut
1543 1511 1762 1547 vocabantur,
1786 1517 1818 1541 et
1840 1510 1904 1542 hoc
1926 1517 2041 1541 nostro
2063 1509 2212 1551 tempore

1240 1555 1476 1594 Anabaptistae
1505 1554 1627 1593 passim
1660 1559 1821 1594 vagantes
1852 1552 1959 1584 adhuc
1982 1552 2212 1585 circumferunt

1240 1597 1303 1628 hos
1327 1606 1468 1627 errores.

1326 1639 1396 1669 Nec
1419 1638 1536 1669 desinit
1558 1647 1700 1678 unquam
1721 1637 1883 1669 Diabolus
1907 1638 2063 1668 distortas
2085 1643 2212 1669 mentes

1241 1682 1438 1718 accendere,
1472 1687 1507 1711 ut
1535 1681 1706 1720 opiniones
1734 1679 1837 1710 falsas
1872 1680 1912 1711 de
1946 1681 2046 1711 rebus
2066 1679 2211 1720 politicis

1242 1723 1490 1764 amplectantur,
1515 1723 1590 1763 quia
1614 1721 1710 1753 simul
1732 1723 1797 1753 duo
1819 1722 1906 1753 mala
1922 1723 2067 1764 ingentia
2078 1723 2211 1759 excitat,

1242 1772 1351 1797 movet
1373 1766 1551 1796 seditiones
1574 1766 1606 1794 in
1629 1765 1833 1802 civitatibus,
1858 1765 1944 1795 unde
1967 1766 2110 1795 existunt
2131 1763 2212 1795 mul-

1243 1816 1294 1839 tae
1328 1809 1466 1838 iniustae
1501 1808 1620 1838 caedes
1655 1813 1686 1837 et
1720 1808 1967 1846 dissipationes,
2001 1813 2032 1837 et
2055 1808 2212 1838 obscurat

1242 1849 1466 1891 Evangelitnn.
1529 1849 1616 1880 Dum
1656 1849 1739 1880 enim
1779 1849 1903 1890 fingunt
1942 1850 2094 1880 iustitiam
2134 1859 2212 1880 esse

1243 1892 1404 1934 quandam
1438 1902 1555 1923 novam
1578 1892 1783 1922 barbaricam
1806 1891 1966 1931 politiam,
1999 1892 2031 1921 in
2054 1901 2119 1932 qua
2141 1892 2212 1922 sine

1244 1935 1451 1966 distinctione
1475 1934 1689 1965 dominiorum
1711 1940 1743 1964 et
1766 1935 1837 1964 sine
1859 1932 2001 1974 imperiis
2021 1935 2131 1963 vivant
2153 1933 2211 1964 ho-

1243 1978 1363 2014 mines,
1397 1977 1551 2007 amittitur
1584 1986 1663 2007 vera
1696 1974 1752 2007 lux
1784 1976 1825 2005 de
1858 1976 1981 2006 iustitia
2003 1976 2158 2006 interiore
2180 1982 2211 2006 et

1243 2026 1400 2060 perpetua
1423 2020 1455 2049 in
1479 2019 1590 2056 corde,
1613 2019 1653 2049 (10
1676 2028 1741 2058 qua
1764 2017 1914 2048 Christus
1938 2018 2040 2058 inquit
2063 2017 2143 2055 [1011.
2159 2017 2209 2054 17,

1243 2062 1306 2100 34:
1341 2062 1432 2092 Haec
1456 2067 1507 2091 est
1529 2061 1595 2091 vita
1617 2067 1762 2097 aeterna,
1786 2066 1820 2090 ut
1842 2066 2027 2102 agnoscant
2050 2067 2082 2091 te
2105 2059 2211 2090 solum

1244 2114 1319 2135 esse
1352 2113 1464 2135 verum
1486 2102 1592 2133 Deum
1627 2108 1677 2139 et,
1711 2113 1806 2143 quem
1841 2103 1974 2139 misisti,
2007 2102 2114 2133 Iesum
2136 2111 2211 2133 esse

1244 2146 1420 2177 Christum.
1465 2144 1506 2175 Et
1538 2143 1660 2175 Paulus
1686 2144 1792 2182 [Rom.
1814 2145 1851 2181 8,
1877 2145 1956 2184 14.]:
2001 2144 2063 2179 Qui
2096 2145 2212 2185 spiritu

1242 2188 1305 2219 Dei
1335 2189 1514 2228 ducuntur,
1548 2185 1581 2217 hi
1608 2193 1684 2218 sunt
1706 2186 1763 2217 filii
1791 2187 1865 2218 Dei.
1909 2187 2051 2224 Iustitia,
2085 2187 2125 2217 de
2147 2196 2211 2228 qua

1244 2232 1458 2261 concionatur
1479 2228 1710 2270 Evangelium,
1745 2236 1795 2260 est
1827 2228 1883 2260 lux
1912 2230 1944 2259 in
1975 2230 2094 2267 corde,
2128 2238 2211 2270 quae

1242 2273 1322 2304 Fide
1356 2278 1387 2303 et
1419 2272 1584 2313 agnitione
1607 2271 1730 2302 Christi
1763 2278 1888 2302 mentes
1919 2272 2070 2302 accendit
2092 2271 2133 2301 ad
2155 2281 2210 2301 ve-

1243 2326 1311 2346 ram
1330 2315 1393 2345 Dei
1415 2314 1656 2345 invocationem
1679 2320 1710 2344 et
1733 2313 1816 2345 alios
1840 2315 1913 2355 pios
1935 2319 2042 2344 motus
2053 2313 2135 2353 Legi
2147 2312 2209 2343 Dei

1244 2362 1475 2398 congruentes,
1500 2362 1531 2387 et
1552 2355 1684 2387 inchoat
1701 2356 1799 2387 vitam
1821 2362 2005 2391 aeternam;
2037 2355 2133 2386 Foris
2155 2365 2210 2386 ve-

1243 2409 1290 2432 ro.
1315 2407 1347 2429 ut
1373 2399 1497 2430 vicibus
1521 2406 1702 2439 temporum
1719 2399 1794 2429 anni
1817 2409 1837 2429 a
1860 2398 1932 2429 Deo
1952 2399 2126 2435 ordinatis,
2154 2398 2209 2432 ,510

1219 2447 1221 2479 ξ
1243 2441 1363 2482 politiis
1397 2448 1427 2471 et
1450 2442 1591 2481 imperiis
1622 2441 1752 2472 subiicit
1779 2451 1840 2472 suo
1864 2450 2024 2481 quemque
2047 2440 2141 2477 loco,
2173 2446 2209 2470 ut

1220 2482 1221 2516 ζ
1244 2483 1361 2523 Ioseph
1384 2484 1414 2513 in
1440 2484 1539 2513 corde
1562 2481 1811 2515 circumferebat
1831 2493 1943 2513 veram
1966 2482 2160 2523 agnitionem
2178 2486 2210 2512 et

1220 2522 1221 2537 ³
1244 2527 1483 2556 invocationem
1505 2525 1567 2556 Dei
1601 2531 1631 2555 et
1664 2526 1814 2565 promissi
1837 2524 2026 2556 Mediator-is
2061 2530 2093 2555 et
2120 2524 2208 2554 initia
