<?xml version="1.0" encoding="UTF-8"?>
<!DOCTYPE html PUBLIC "-//W3C//DTD XHTML 1.0 Transitional//EN"
    "http://www.w3.org/TR/xhtml1/DTD/xhtml1-transitional.dtd">
<html xmlns="http://www.w3.org/1999/xhtml" xml:lang="en" lang="en">
 <head>
  <title>
</title>
<meta http-equiv="Content-Type" content="text/html;charset=utf-8" />
  <meta name='ocr-system' content='tesseract 3.04.00' />
  <meta name='ocr-capabilities' content='ocr_page ocr_carea ocr_par ocr_line ocrx_word'/>
</head>
<body>
  <div class='ocr_page' id='page_1' title='image "./operaquaesupersu21melauoft/operaquaesupersu21melauoft_0263.png"; bbox 0 0 2358 2933; ppageno 0'>
   <div class='ocr_carea' id='block_1_1' title="bbox 136 128 198 159">
    <p class='ocr_par' dir='ltr' id='par_1_1' title="bbox 136 128 198 159">
     <span class='ocr_line' id='line_1_1' title="bbox 136 128 198 159; baseline -0.032 0"><span class='ocrx_word' id='word_1_1' title='bbox 136 128 198 159; x_wconf 83' lang='lat'><strong>497</strong></span> 
     </span>
    </p>
   </div>
   <div class='ocr_carea' id='block_1_2' title="bbox 102 213 1112 2277">
    <p class='ocr_par' dir='ltr' id='par_1_2' title="bbox 134 213 1112 722">
     <span class='ocr_line' id='line_1_2' title="bbox 137 213 1111 258; baseline -0.007 -8"><span class='ocrx_word' id='word_1_2' title='bbox 137 219 238 250; x_wconf 89' lang='lat' dir='ltr'><strong>millia</strong></span> <span class='ocrx_word' id='word_1_3' title='bbox 261 219 390 255; x_wconf 76' lang='lat' dir='ltr'><strong>civium,</strong></span> <span class='ocrx_word' id='word_1_4' title='bbox 399 218 446 256; x_wconf 75' lang='lat'><strong>⁴¹3)</strong></span> <span class='ocrx_word' id='word_1_5' title='bbox 459 223 577 258; x_wconf 88' lang='lat' dir='ltr'><strong>postea</strong></span> <span class='ocrx_word' id='word_1_6' title='bbox 599 226 736 257; x_wconf 83' lang='lat' dir='ltr'><strong>regnum</strong></span> <span class='ocrx_word' id='word_1_7' title='bbox 750 213 852 245; x_wconf 86' lang='lat' dir='ltr'><strong>Israel</strong></span> <span class='ocrx_word' id='word_1_8' title='bbox 873 223 893 244; x_wconf 87' lang='lat' dir='ltr'><strong>a</strong></span> <span class='ocrx_word' id='word_1_9' title='bbox 916 223 1019 255; x_wconf 84' lang='lat' dir='ltr'><strong>regno</strong></span> <span class='ocrx_word' id='word_1_10' title='bbox 1032 213 1111 243; x_wconf 90' lang='lat' dir='ltr'><strong>Iuda</strong></span> 
     </span>
     <span class='ocr_line' id='line_1_3' title="bbox 136 256 1111 298; baseline -0.007 -6"><span class='ocrx_word' id='word_1_11' title='bbox 136 260 298 293; x_wconf 69' lang='lat' dir='ltr'><strong>awilsum.</strong></span> <span class='ocrx_word' id='word_1_12' title='bbox 343 259 434 290; x_wconf 80' lang='lat' dir='ltr'><strong>Haec</strong></span> <span class='ocrx_word' id='word_1_13' title='bbox 466 258 601 290; x_wconf 85' lang='lat' dir='ltr'><strong>mutatio</strong></span> <span class='ocrx_word' id='word_1_14' title='bbox 634 258 727 298; x_wconf 77' lang='lat' dir='ltr'><strong>regni</strong></span> <span class='ocrx_word' id='word_1_15' title='bbox 760 256 887 297; x_wconf 83' lang='lat' dir='ltr'><strong>peperit</strong></span> <span class='ocrx_word' id='word_1_16' title='bbox 920 261 1111 295; x_wconf 84' lang='lat' dir='ltr'><strong>perpetuam</strong></span> 
     </span>
     <span class='ocr_line' id='line_1_4' title="bbox 136 297 1110 344; baseline -0.009 -9"><span class='ocrx_word' id='word_1_17' title='bbox 136 303 382 344; x_wconf 75' lang='lat' dir='ltr'><strong>dissipationem</strong></span> <span class='ocrx_word' id='word_1_18' title='bbox 405 300 492 332; x_wconf 82' lang='lat' dir='ltr'><strong>illius</strong></span> <span class='ocrx_word' id='word_1_19' title='bbox 512 299 636 341; x_wconf 84' lang='lat' dir='ltr'><strong>populi,</strong></span> <span class='ocrx_word' id='word_1_20' title='bbox 659 300 906 339; x_wconf 72' lang='lat' dir='ltr'><strong>dissipationem</strong></span> <span class='ocrx_word' id='word_1_21' title='bbox 929 297 1110 337; x_wconf 81' lang='lat' dir='ltr'><strong>religionis,</strong></span> 
     </span>
     <span class='ocr_line' id='line_1_5' title="bbox 137 338 1111 383; baseline -0.008 -6"><span class='ocrx_word' id='word_1_22' title='bbox 137 345 234 377; x_wconf 91' lang='lat' dir='ltr'><strong>bella.</strong></span> <span class='ocrx_word' id='word_1_23' title='bbox 249 346 296 383; x_wconf 74' lang='lat'><strong>⁴3)</strong></span> <span class='ocrx_word' id='word_1_24' title='bbox 348 343 411 374; x_wconf 88' lang='lat' dir='ltr'><strong>Tot</strong></span> <span class='ocrx_word' id='word_1_25' title='bbox 444 350 654 383; x_wconf 75' lang='lat' dir='ltr'><strong>peccatorimi</strong></span> <span class='ocrx_word' id='word_1_26' title='bbox 689 351 810 372; x_wconf 85' lang='lat' dir='ltr'><strong>caussa</strong></span> <span class='ocrx_word' id='word_1_27' title='bbox 842 339 902 370; x_wconf 86' lang='lat' dir='ltr'><strong>fuit</strong></span> <span class='ocrx_word' id='word_1_28' title='bbox 934 350 1020 371; x_wconf 91' lang='lat' dir='ltr'><strong>unus</strong></span> <span class='ocrx_word' id='word_1_29' title='bbox 1054 338 1111 369; x_wconf 93' lang='lat' dir='ltr'><strong>ille</strong></span> 
     </span>
     <span class='ocr_line' id='line_1_6' title="bbox 137 381 1110 426; baseline -0.008 -7"><span class='ocrx_word' id='word_1_30' title='bbox 137 387 274 419; x_wconf 60' lang='lat' dir='ltr'><strong>Daxidis</strong></span> <span class='ocrx_word' id='word_1_31' title='bbox 288 386 335 426; x_wconf 72' lang='lat'><strong>⁴⁴)</strong></span> <span class='ocrx_word' id='word_1_32' title='bbox 369 384 495 425; x_wconf 85' lang='lat' dir='ltr'><strong>lapsus.</strong></span> <span class='ocrx_word' id='word_1_33' title='bbox 545 385 623 415; x_wconf 89' lang='lat' dir='ltr'><strong>Item</strong></span> <span class='ocrx_word' id='word_1_34' title='bbox 652 383 793 424; x_wconf 85' lang='lat' dir='ltr'><strong>populus</strong></span> <span class='ocrx_word' id='word_1_35' title='bbox 822 381 926 413; x_wconf 88' lang='lat' dir='ltr'><strong>Israel</strong></span> <span class='ocrx_word' id='word_1_36' title='bbox 958 381 1110 412; x_wconf 69' lang='lat' dir='ltr'><strong>maximis</strong></span> 
     </span>
     <span class='ocr_line' id='line_1_7' title="bbox 135 423 1111 468; baseline -0.006 -9"><span class='ocrx_word' id='word_1_37' title='bbox 135 429 284 460; x_wconf 83' lang='lat' dir='ltr'><strong>cladibus</strong></span> <span class='ocrx_word' id='word_1_38' title='bbox 307 428 439 468; x_wconf 88' lang='lat' dir='ltr'><strong>punitus</strong></span> <span class='ocrx_word' id='word_1_39' title='bbox 463 433 514 458; x_wconf 86' lang='lat' dir='ltr'><strong>est</strong></span> <span class='ocrx_word' id='word_1_40' title='bbox 536 431 671 467; x_wconf 86' lang='lat' dir='ltr'><strong>propter</strong></span> <span class='ocrx_word' id='word_1_41' title='bbox 693 424 923 456; x_wconf 84' lang='lat' dir='ltr'><strong>idololatriam.</strong></span> <span class='ocrx_word' id='word_1_42' title='bbox 959 423 1031 454; x_wconf 90' lang='lat' dir='ltr'><strong>Nec</strong></span> <span class='ocrx_word' id='word_1_43' title='bbox 1054 423 1111 453; x_wconf 89' lang='lat' dir='ltr'><strong>du—</strong></span> 
     </span>
     <span class='ocr_line' id='line_1_8' title="bbox 136 464 1111 509; baseline -0.007 -7"><span class='ocrx_word' id='word_1_44' title='bbox 136 473 223 502; x_wconf 90' lang='lat' dir='ltr'><strong>bium</strong></span> <span class='ocrx_word' id='word_1_45' title='bbox 251 475 320 507; x_wconf 85' lang='lat' dir='ltr'><strong>est,</strong></span> <span class='ocrx_word' id='word_1_46' title='bbox 349 476 382 500; x_wconf 93' lang='lat' dir='ltr'><strong>et</strong></span> <span class='ocrx_word' id='word_1_47' title='bbox 405 480 493 500; x_wconf 89' lang='lat' dir='ltr'><strong>nunc</strong></span> <span class='ocrx_word' id='word_1_48' title='bbox 515 469 614 509; x_wconf 88' lang='lat' dir='ltr'><strong>plecti</strong></span> <span class='ocrx_word' id='word_1_49' title='bbox 637 468 792 498; x_wconf 88' lang='lat' dir='ltr'><strong>mundum</strong></span> <span class='ocrx_word' id='word_1_50' title='bbox 815 472 950 507; x_wconf 88' lang='lat' dir='ltr'><strong>propter</strong></span> <span class='ocrx_word' id='word_1_51' title='bbox 972 464 1111 496; x_wconf 89' lang='lat' dir='ltr'><strong>idolola—</strong></span> 
     </span>
     <span class='ocr_line' id='line_1_9' title="bbox 135 507 1110 550; baseline -0.007 -6"><span class='ocrx_word' id='word_1_52' title='bbox 135 514 240 550; x_wconf 89' lang='lat' dir='ltr'><strong>triam,</strong></span> <span class='ocrx_word' id='word_1_53' title='bbox 263 511 429 550; x_wconf 80' lang='lat' dir='ltr'><strong>libidines,</strong></span> <span class='ocrx_word' id='word_1_54' title='bbox 459 511 677 542; x_wconf 87' lang='lat' dir='ltr'><strong>helluationes</strong></span> <span class='ocrx_word' id='word_1_55' title='bbox 702 516 734 540; x_wconf 89' lang='lat' dir='ltr'><strong>et</strong></span> <span class='ocrx_word' id='word_1_56' title='bbox 754 508 818 539; x_wconf 87' lang='lat' dir='ltr'><strong>alia</strong></span> <span class='ocrx_word' id='word_1_57' title='bbox 841 509 929 539; x_wconf 87' lang='lat' dir='ltr'><strong>vitia.</strong></span> <span class='ocrx_word' id='word_1_58' title='bbox 977 507 1019 538; x_wconf 87' lang='lat' dir='ltr'><strong>Et</strong></span> <span class='ocrx_word' id='word_1_59' title='bbox 1043 508 1110 548; x_wconf 91' lang='lat' dir='ltr'><strong>qui-</strong></span> 
     </span>
     <span class='ocr_line' id='line_1_10' title="bbox 134 550 1111 591; baseline -0.007 -5"><span class='ocrx_word' id='word_1_60' title='bbox 134 556 208 586; x_wconf 87' lang='lat' dir='ltr'><strong>dem</strong></span> <span class='ocrx_word' id='word_1_61' title='bbox 232 555 271 585; x_wconf 90' lang='lat' dir='ltr'><strong>de</strong></span> <span class='ocrx_word' id='word_1_62' title='bbox 295 555 420 585; x_wconf 83' lang='lat' dir='ltr'><strong>sanctis</strong></span> <span class='ocrx_word' id='word_1_63' title='bbox 443 553 505 584; x_wconf 92' lang='lat' dir='ltr'><strong>Dei</strong></span> <span class='ocrx_word' id='word_1_64' title='bbox 527 554 571 583; x_wconf 88' lang='lat' dir='ltr'><strong>ait</strong></span> <span class='ocrx_word' id='word_1_65' title='bbox 593 552 713 584; x_wconf 86' lang='lat' dir='ltr'><strong>Petrus</strong></span> <span class='ocrx_word' id='word_1_66' title='bbox 743 551 786 589; x_wconf 90' lang='lat'><strong>[1.</strong></span> <span class='ocrx_word' id='word_1_67' title='bbox 811 561 861 591; x_wconf 89' lang='lat' dir='ltr'><strong>ep.</strong></span> <span class='ocrx_word' id='word_1_68' title='bbox 885 550 918 587; x_wconf 77' lang='lat'><strong>4,</strong></span> <span class='ocrx_word' id='word_1_69' title='bbox 942 550 1027 588; x_wconf 79' lang='lat'><strong>17.]:</strong></span> <span class='ocrx_word' id='word_1_70' title='bbox 1062 550 1111 580; x_wconf 90' lang='lat' dir='ltr'><strong>Iu-</strong></span> 
     </span>
     <span class='ocr_line' id='line_1_11' title="bbox 134 593 1112 634; baseline -0.006 -6"><span class='ocrx_word' id='word_1_71' title='bbox 134 598 253 628; x_wconf 79' lang='lat' dir='ltr'><strong>dicium</strong></span> <span class='ocrx_word' id='word_1_72' title='bbox 275 608 293 627; x_wconf 89' lang='lat' dir='ltr'><strong>a</strong></span> <span class='ocrx_word' id='word_1_73' title='bbox 323 597 419 627; x_wconf 88' lang='lat' dir='ltr'><strong>domo</strong></span> <span class='ocrx_word' id='word_1_74' title='bbox 442 595 505 626; x_wconf 94' lang='lat' dir='ltr'><strong>Dei</strong></span> <span class='ocrx_word' id='word_1_75' title='bbox 527 595 649 634; x_wconf 86' lang='lat' dir='ltr'><strong>incipit.</strong></span> <span class='ocrx_word' id='word_1_76' title='bbox 693 593 848 624; x_wconf 88' lang='lat' dir='ltr'><strong>Discerni</strong></span> <span class='ocrx_word' id='word_1_77' title='bbox 870 593 970 634; x_wconf 82' lang='lat' dir='ltr'><strong>igitur</strong></span> <span class='ocrx_word' id='word_1_78' title='bbox 994 593 1112 623; x_wconf 86' lang='lat' dir='ltr'><strong>debent</strong></span> 
     </span>
     <span class='ocr_line' id='line_1_12' title="bbox 134 635 1111 680; baseline -0.006 -10"><span class='ocrx_word' id='word_1_79' title='bbox 134 649 260 680; x_wconf 90' lang='lat' dir='ltr'><strong>poenae</strong></span> <span class='ocrx_word' id='word_1_80' title='bbox 283 636 483 678; x_wconf 74' lang='lat' dir='ltr'><strong>temporales</strong></span> <span class='ocrx_word' id='word_1_81' title='bbox 507 648 527 668; x_wconf 88' lang='lat' dir='ltr'><strong>a</strong></span> <span class='ocrx_word' id='word_1_82' title='bbox 550 636 660 675; x_wconf 86' lang='lat' dir='ltr'><strong>culpa,</strong></span> <span class='ocrx_word' id='word_1_83' title='bbox 683 642 715 666; x_wconf 92' lang='lat' dir='ltr'><strong>et</strong></span> <span class='ocrx_word' id='word_1_84' title='bbox 737 635 945 671; x_wconf 68' lang='lat' dir='ltr'><strong>discendum,</strong></span> <span class='ocrx_word' id='word_1_85' title='bbox 969 635 1047 675; x_wconf 87' lang='lat' dir='ltr'><strong>quid</strong></span> <span class='ocrx_word' id='word_1_86' title='bbox 1071 635 1111 664; x_wconf 88' lang='lat' dir='ltr'><strong>de</strong></span> 
     </span>
     <span class='ocr_line' id='line_1_13' title="bbox 134 677 1110 722; baseline -0.007 -10"><span class='ocrx_word' id='word_1_87' title='bbox 134 681 187 712; x_wconf 82' lang='lat' dir='ltr'><strong>his</strong></span> <span class='ocrx_word' id='word_1_88' title='bbox 209 681 325 722; x_wconf 89' lang='lat' dir='ltr'><strong>poenis</strong></span> <span class='ocrx_word' id='word_1_89' title='bbox 348 680 553 710; x_wconf 86' lang='lat' dir='ltr'><strong>sentiendum</strong></span> <span class='ocrx_word' id='word_1_90' title='bbox 577 680 638 715; x_wconf 85' lang='lat' dir='ltr'><strong>sit,</strong></span> <span class='ocrx_word' id='word_1_91' title='bbox 667 684 699 709; x_wconf 95' lang='lat' dir='ltr'><strong>et</strong></span> <span class='ocrx_word' id='word_1_92' title='bbox 723 677 888 718; x_wconf 87' lang='lat' dir='ltr'><strong>quomodo</strong></span> <span class='ocrx_word' id='word_1_93' title='bbox 911 677 1110 717; x_wconf 81' lang='lat' dir='ltr'><strong>mitigentur.</strong></span> 
     </span>
    </p>

    <p class='ocr_par' dir='ltr' id='par_1_3' title="bbox 102 719 1111 890">
     <span class='ocr_line' id='line_1_14' title="bbox 219 719 1110 763; baseline -0.004 -11"><span class='ocrx_word' id='word_1_94' title='bbox 219 722 363 752; x_wconf 91' lang='lat' dir='ltr'><strong>Primum</strong></span> <span class='ocrx_word' id='word_1_95' title='bbox 387 722 485 763; x_wconf 81' lang='lat' dir='ltr'><strong>igitur</strong></span> <span class='ocrx_word' id='word_1_96' title='bbox 506 721 570 751; x_wconf 88' lang='lat' dir='ltr'><strong>hoc</strong></span> <span class='ocrx_word' id='word_1_97' title='bbox 594 721 764 751; x_wconf 87' lang='lat' dir='ltr'><strong>sciendum</strong></span> <span class='ocrx_word' id='word_1_98' title='bbox 788 725 855 756; x_wconf 81' lang='lat' dir='ltr'><strong>est,</strong></span> <span class='ocrx_word' id='word_1_99' title='bbox 888 719 949 749; x_wconf 88' lang='lat' dir='ltr'><strong>has</strong></span> <span class='ocrx_word' id='word_1_100' title='bbox 972 728 1110 758; x_wconf 88' lang='lat' dir='ltr'><strong>poenas,</strong></span> 
     </span>
     <span class='ocr_line' id='line_1_15' title="bbox 133 761 1110 806; baseline -0.005 -11"><span class='ocrx_word' id='word_1_101' title='bbox 133 766 211 806; x_wconf 90' lang='lat' dir='ltr'><strong>quia</strong></span> <span class='ocrx_word' id='word_1_102' title='bbox 241 764 396 795; x_wconf 69' lang='lat' dir='ltr'><strong>divinitus</strong></span> <span class='ocrx_word' id='word_1_103' title='bbox 425 763 637 804; x_wconf 81' lang='lat' dir='ltr'><strong>infliguntur,</strong></span> <span class='ocrx_word' id='word_1_104' title='bbox 665 772 806 803; x_wconf 90' lang='lat' dir='ltr'><strong>prorsus</strong></span> <span class='ocrx_word' id='word_1_105' title='bbox 836 761 917 792; x_wconf 84' lang='lat' dir='ltr'><strong>nihil</strong></span> <span class='ocrx_word' id='word_1_106' title='bbox 946 762 1110 802; x_wconf 88' lang='lat' dir='ltr'><strong>pertinere</strong></span> 
     </span>
     <span class='ocr_line' id='line_1_16' title="bbox 133 804 1111 847; baseline -0.006 -9"><span class='ocrx_word' id='word_1_107' title='bbox 133 807 175 838; x_wconf 87' lang='lat' dir='ltr'><strong>ad</strong></span> <span class='ocrx_word' id='word_1_108' title='bbox 198 812 396 847; x_wconf 81' lang='lat' dir='ltr'><strong>potestatem</strong></span> <span class='ocrx_word' id='word_1_109' title='bbox 419 804 571 843; x_wconf 73' lang='lat' dir='ltr'><strong>clavium,</strong></span> <span class='ocrx_word' id='word_1_110' title='bbox 594 805 656 835; x_wconf 90' lang='lat' dir='ltr'><strong>has</strong></span> <span class='ocrx_word' id='word_1_111' title='bbox 674 814 799 845; x_wconf 85' lang='lat' dir='ltr'><strong>poenas</strong></span> <span class='ocrx_word' id='word_1_112' title='bbox 818 814 925 845; x_wconf 89' lang='lat' dir='ltr'><strong>neque</strong></span> <span class='ocrx_word' id='word_1_113' title='bbox 943 805 1111 834; x_wconf 88' lang='lat' dir='ltr'><strong>remittunt</strong></span> 
     </span>
     <span class='ocr_line' id='line_1_17' title="bbox 102 846 579 890; baseline -0.006 -10"><span class='ocrx_word' id='word_1_114' title='bbox 102 846 112 850; x_wconf 74' lang='grc'><em>“</em></span> <span class='ocrx_word' id='word_1_115' title='bbox 134 859 240 890; x_wconf 89' lang='grc'><strong>116(106</strong></span> <span class='ocrx_word' id='word_1_116' title='bbox 262 849 432 887; x_wconf 86' lang='lat' dir='ltr'><strong>imponunt</strong></span> <span class='ocrx_word' id='word_1_117' title='bbox 455 847 579 878; x_wconf 87' lang='lat' dir='ltr'><strong>claves.</strong></span> 
     </span>
    </p>

    <p class='ocr_par' dir='ltr' id='par_1_4' title="bbox 131 888 1111 1467">
     <span class='ocr_line' id='line_1_18' title="bbox 219 888 1109 929; baseline -0.007 -7"><span class='ocrx_word' id='word_1_118' title='bbox 219 891 385 922; x_wconf 87' lang='lat' dir='ltr'><strong>Secundo.</strong></span> <span class='ocrx_word' id='word_1_119' title='bbox 429 891 504 920; x_wconf 78' lang='lat' dir='ltr'><strong>Non</strong></span> <span class='ocrx_word' id='word_1_120' title='bbox 531 899 663 929; x_wconf 83' lang='lat' dir='ltr'><strong>semper</strong></span> <span class='ocrx_word' id='word_1_121' title='bbox 691 888 890 920; x_wconf 82' lang='lat' dir='ltr'><strong>afflictiones</strong></span> <span class='ocrx_word' id='word_1_122' title='bbox 920 893 1109 917; x_wconf 88' lang='lat' dir='ltr'><strong>sanctorum</strong></span> 
     </span>
     <span class='ocr_line' id='line_1_19' title="bbox 134 929 1110 973; baseline -0.004 -10"><span class='ocrx_word' id='word_1_123' title='bbox 134 943 261 973; x_wconf 87' lang='lat' dir='ltr'><strong>poenae</strong></span> <span class='ocrx_word' id='word_1_124' title='bbox 283 931 593 968; x_wconf 79' lang='lat' dir='ltr'><strong>iudicandae&#39;sunt,</strong></span> <span class='ocrx_word' id='word_1_125' title='bbox 618 938 652 961; x_wconf 94' lang='lat' dir='ltr'><strong>ut</strong></span> <span class='ocrx_word' id='word_1_126' title='bbox 675 931 826 968; x_wconf 71' lang='lat' dir='ltr'><strong>loannis,</strong></span> <span class='ocrx_word' id='word_1_127' title='bbox 849 929 943 961; x_wconf 88' lang='lat' dir='ltr'><strong>Pauli</strong></span> <span class='ocrx_word' id='word_1_128' title='bbox 968 936 999 960; x_wconf 85' lang='lat' dir='ltr'><strong>et</strong></span> <span class='ocrx_word' id='word_1_129' title='bbox 1023 929 1110 960; x_wconf 90' lang='lat' dir='ltr'><strong>simi-</strong></span> 
     </span>
     <span class='ocr_line' id='line_1_20' title="bbox 132 970 1110 1014; baseline -0.005 -9"><span class='ocrx_word' id='word_1_130' title='bbox 132 974 212 1005; x_wconf 87' lang='lat' dir='ltr'><strong>lium</strong></span> <span class='ocrx_word' id='word_1_131' title='bbox 240 973 402 1014; x_wconf 77' lang='lat' dir='ltr'><strong>supplicia</strong></span> <span class='ocrx_word' id='word_1_132' title='bbox 431 984 497 1004; x_wconf 87' lang='lat' dir='ltr'><strong>non</strong></span> <span class='ocrx_word' id='word_1_133' title='bbox 519 973 649 1005; x_wconf 88' lang='lat' dir='ltr'><strong>fuerunt</strong></span> <span class='ocrx_word' id='word_1_134' title='bbox 672 983 800 1014; x_wconf 88' lang='lat' dir='ltr'><strong>poenae</strong></span> <span class='ocrx_word' id='word_1_135' title='bbox 822 982 882 1013; x_wconf 90' lang='lat' dir='ltr'><strong>pro</strong></span> <span class='ocrx_word' id='word_1_136' title='bbox 908 972 1008 1002; x_wconf 90' lang='lat' dir='ltr'><strong>certis</strong></span> <span class='ocrx_word' id='word_1_137' title='bbox 1032 970 1110 1001; x_wconf 89' lang='lat' dir='ltr'><strong>deli-</strong></span> 
     </span>
     <span class='ocr_line' id='line_1_21' title="bbox 134 1016 1109 1056; baseline -0.003 -10"><span class='ocrx_word' id='word_1_138' title='bbox 134 1017 207 1048; x_wconf 88' lang='lat' dir='ltr'><strong>ctis.</strong></span> <span class='ocrx_word' id='word_1_139' title='bbox 252 1016 293 1046; x_wconf 90' lang='lat' dir='ltr'><strong>Et</strong></span> <span class='ocrx_word' id='word_1_140' title='bbox 317 1016 409 1046; x_wconf 87' lang='lat' dir='ltr'><strong>Deus</strong></span> <span class='ocrx_word' id='word_1_141' title='bbox 440 1018 512 1056; x_wconf 88' lang='lat' dir='ltr'><strong>ipse</strong></span> <span class='ocrx_word' id='word_1_142' title='bbox 541 1022 678 1046; x_wconf 85' lang='lat' dir='ltr'><strong>excusat</strong></span> <span class='ocrx_word' id='word_1_143' title='bbox 702 1016 778 1052; x_wconf 88' lang='lat' dir='ltr'><strong>Iob,</strong></span> <span class='ocrx_word' id='word_1_144' title='bbox 808 1021 840 1045; x_wconf 90' lang='lat' dir='ltr'><strong>et</strong></span> <span class='ocrx_word' id='word_1_145' title='bbox 868 1020 1007 1044; x_wconf 87' lang='lat' dir='ltr'><strong>testatur</strong></span> <span class='ocrx_word' id='word_1_146' title='bbox 1035 1024 1109 1044; x_wconf 91' lang='lat' dir='ltr'><strong>eum</strong></span> 
     </span>
     <span class='ocr_line' id='line_1_22' title="bbox 133 1055 1110 1099; baseline -0.005 -10"><span class='ocrx_word' id='word_1_147' title='bbox 133 1069 198 1089; x_wconf 90' lang='lat' dir='ltr'><strong>non</strong></span> <span class='ocrx_word' id='word_1_148' title='bbox 215 1064 350 1099; x_wconf 90' lang='lat' dir='ltr'><strong>propter</strong></span> <span class='ocrx_word' id='word_1_149' title='bbox 365 1059 544 1097; x_wconf 84' lang='lat' dir='ltr'><strong>praeterita</strong></span> <span class='ocrx_word' id='word_1_150' title='bbox 564 1056 683 1088; x_wconf 87' lang='lat' dir='ltr'><strong>delicta</strong></span> <span class='ocrx_word' id='word_1_151' title='bbox 700 1057 813 1098; x_wconf 82' lang='lat' dir='ltr'><strong>afiligi.</strong></span> <span class='ocrx_word' id='word_1_152' title='bbox 845 1056 974 1087; x_wconf 82' lang='lat' dir='ltr'><strong>Deinde</strong></span> <span class='ocrx_word' id='word_1_153' title='bbox 992 1061 1026 1086; x_wconf 89' lang='lat' dir='ltr'><strong>ut</strong></span> <span class='ocrx_word' id='word_1_154' title='bbox 1045 1055 1110 1085; x_wconf 90' lang='lat' dir='ltr'><strong>sint</strong></span> 
     </span>
     <span class='ocr_line' id='line_1_23' title="bbox 132 1098 1110 1141; baseline -0.003 -11"><span class='ocrx_word' id='word_1_155' title='bbox 132 1099 308 1141; x_wconf 87' lang='lat' dir='ltr'><strong>aliquando</strong></span> <span class='ocrx_word' id='word_1_156' title='bbox 332 1110 470 1139; x_wconf 66' lang='lat' dir='ltr'><strong>poenae,</strong></span> <span class='ocrx_word' id='word_1_157' title='bbox 494 1106 602 1130; x_wconf 89' lang='lat' dir='ltr'><strong>tamen</strong></span> <span class='ocrx_word' id='word_1_158' title='bbox 627 1109 710 1139; x_wconf 88' lang='lat' dir='ltr'><strong>opus</strong></span> <span class='ocrx_word' id='word_1_159' title='bbox 734 1106 785 1130; x_wconf 88' lang='lat' dir='ltr'><strong>est</strong></span> <span class='ocrx_word' id='word_1_160' title='bbox 808 1109 869 1129; x_wconf 91' lang='lat' dir='ltr'><strong>nos</strong></span> <span class='ocrx_word' id='word_1_161' title='bbox 888 1098 1012 1128; x_wconf 87' lang='lat' dir='ltr'><strong>habere</strong></span> <span class='ocrx_word' id='word_1_162' title='bbox 1033 1107 1110 1127; x_wconf 89' lang='lat' dir='ltr'><strong>con-</strong></span> 
     </span>
     <span class='ocr_line' id='line_1_24' title="bbox 132 1139 1111 1179; baseline -0.003 -7"><span class='ocrx_word' id='word_1_163' title='bbox 132 1141 340 1179; x_wconf 84' lang='lat' dir='ltr'><strong>solationem,</strong></span> <span class='ocrx_word' id='word_1_164' title='bbox 364 1148 395 1172; x_wconf 94' lang='lat' dir='ltr'><strong>et</strong></span> <span class='ocrx_word' id='word_1_165' title='bbox 417 1143 530 1172; x_wconf 73' lang='lat' dir='ltr'><strong>videre</strong></span> <span class='ocrx_word' id='word_1_166' title='bbox 551 1141 650 1172; x_wconf 89' lang='lat' dir='ltr'><strong>alium</strong></span> <span class='ocrx_word' id='word_1_167' title='bbox 668 1141 765 1171; x_wconf 85' lang='lat' dir='ltr'><strong>finem</strong></span> <span class='ocrx_word' id='word_1_168' title='bbox 783 1141 891 1171; x_wconf 85' lang='lat' dir='ltr'><strong>crucis</strong></span> <span class='ocrx_word' id='word_1_169' title='bbox 911 1147 942 1170; x_wconf 87' lang='lat' dir='ltr'><strong>et</strong></span> <span class='ocrx_word' id='word_1_170' title='bbox 961 1139 1111 1170; x_wconf 83' lang='lat' dir='ltr'><strong>afflictio-</strong></span> 
     </span>
     <span class='ocr_line' id='line_1_25' title="bbox 132 1182 1110 1222; baseline -0.004 -7"><span class='ocrx_word' id='word_1_171' title='bbox 132 1195 219 1215; x_wconf 89' lang='lat' dir='ltr'><strong>num.</strong></span> <span class='ocrx_word' id='word_1_172' title='bbox 266 1184 301 1214; x_wconf 83' lang='lat' dir='ltr'><strong>Si</strong></span> <span class='ocrx_word' id='word_1_173' title='bbox 331 1185 415 1214; x_wconf 89' lang='lat' dir='ltr'><strong>enim</strong></span> <span class='ocrx_word' id='word_1_174' title='bbox 446 1190 569 1214; x_wconf 89' lang='lat' dir='ltr'><strong>tantum</strong></span> <span class='ocrx_word' id='word_1_175' title='bbox 598 1193 726 1222; x_wconf 86' lang='lat' dir='ltr'><strong>poenae</strong></span> <span class='ocrx_word' id='word_1_176' title='bbox 760 1189 872 1213; x_wconf 78' lang='lat' dir='ltr'><strong>essent</strong></span> <span class='ocrx_word' id='word_1_177' title='bbox 904 1182 1110 1219; x_wconf 80' lang='lat' dir='ltr'><strong>iudicandae,</strong></span> 
     </span>
     <span class='ocr_line' id='line_1_26' title="bbox 132 1224 1110 1266; baseline -0.003 -10"><span class='ocrx_word' id='word_1_178' title='bbox 132 1233 258 1257; x_wconf 87' lang='lat' dir='ltr'><strong>tantum</strong></span> <span class='ocrx_word' id='word_1_179' title='bbox 281 1227 327 1256; x_wconf 87' lang='lat' dir='ltr'><strong>ira</strong></span> <span class='ocrx_word' id='word_1_180' title='bbox 349 1225 412 1256; x_wconf 91' lang='lat' dir='ltr'><strong>Dei</strong></span> <span class='ocrx_word' id='word_1_181' title='bbox 434 1232 676 1266; x_wconf 84' lang='lat' dir='ltr'><strong>proponeretur</strong></span> <span class='ocrx_word' id='word_1_182' title='bbox 699 1226 923 1255; x_wconf 77' lang='lat' dir='ltr'><strong>conscientiis.</strong></span> <span class='ocrx_word' id='word_1_183' title='bbox 959 1224 1110 1265; x_wconf 83' lang='lat' dir='ltr'><strong>Evange-</strong></span> 
     </span>
     <span class='ocr_line' id='line_1_27' title="bbox 132 1267 1107 1309; baseline -0.003 -11"><span class='ocrx_word' id='word_1_184' title='bbox 132 1268 210 1299; x_wconf 78' lang='lat' dir='ltr'><strong>lium</strong></span> <span class='ocrx_word' id='word_1_185' title='bbox 243 1269 343 1309; x_wconf 80' lang='lat' dir='ltr'><strong>igitur</strong></span> <span class='ocrx_word' id='word_1_186' title='bbox 376 1267 475 1298; x_wconf 87' lang='lat' dir='ltr'><strong>alium</strong></span> <span class='ocrx_word' id='word_1_187' title='bbox 510 1267 606 1297; x_wconf 87' lang='lat' dir='ltr'><strong>finem</strong></span> <span class='ocrx_word' id='word_1_188' title='bbox 639 1268 810 1308; x_wconf 77' lang='lat' dir='ltr'><strong>proponit,</strong></span> <span class='ocrx_word' id='word_1_189' title='bbox 845 1268 943 1297; x_wconf 88' lang='lat' dir='ltr'><strong>docet</strong></span> <span class='ocrx_word' id='word_1_190' title='bbox 977 1276 1107 1296; x_wconf 90' lang='lat' dir='ltr'><strong>crucem</strong></span> 
     </span>
     <span class='ocr_line' id='line_1_28' title="bbox 131 1308 1108 1350; baseline -0.003 -10"><span class='ocrx_word' id='word_1_191' title='bbox 131 1320 209 1340; x_wconf 85' lang='lat' dir='ltr'><strong>esse</strong></span> <span class='ocrx_word' id='word_1_192' title='bbox 231 1310 438 1347; x_wconf 81' lang='lat' dir='ltr'><strong>exercitium,</strong></span> <span class='ocrx_word' id='word_1_193' title='bbox 467 1320 531 1350; x_wconf 91' lang='lat' dir='ltr'><strong>quo</strong></span> <span class='ocrx_word' id='word_1_194' title='bbox 556 1308 727 1340; x_wconf 82' lang='lat' dir='ltr'><strong>aboleatur</strong></span> <span class='ocrx_word' id='word_1_195' title='bbox 750 1316 920 1349; x_wconf 89' lang='lat' dir='ltr'><strong>peccatum</strong></span> <span class='ocrx_word' id='word_1_196' title='bbox 943 1309 975 1339; x_wconf 88' lang='lat' dir='ltr'><strong>in</strong></span> <span class='ocrx_word' id='word_1_197' title='bbox 999 1309 1108 1344; x_wconf 80' lang='lat' dir='ltr'><strong>nobis,</strong></span> 
     </span>
     <span class='ocr_line' id='line_1_29' title="bbox 132 1350 1107 1392; baseline -0.002 -10"><span class='ocrx_word' id='word_1_198' title='bbox 132 1358 166 1382; x_wconf 87' lang='lat' dir='ltr'><strong>et</strong></span> <span class='ocrx_word' id='word_1_199' title='bbox 183 1357 312 1382; x_wconf 89' lang='lat' dir='ltr'><strong>crescat</strong></span> <span class='ocrx_word' id='word_1_200' title='bbox 323 1352 454 1381; x_wconf 87' lang='lat' dir='ltr'><strong>novitas</strong></span> <span class='ocrx_word' id='word_1_201' title='bbox 466 1352 611 1391; x_wconf 87' lang='lat' dir='ltr'><strong>spiritus.</strong></span> <span class='ocrx_word' id='word_1_202' title='bbox 642 1351 684 1382; x_wconf 78' lang='lat' dir='ltr'><strong>Ut</strong></span> <span class='ocrx_word' id='word_1_203' title='bbox 704 1351 828 1382; x_wconf 88' lang='lat' dir='ltr'><strong>Paulus</strong></span> <span class='ocrx_word' id='word_1_204' title='bbox 847 1352 950 1392; x_wconf 89' lang='lat' dir='ltr'><strong>inquit.</strong></span> <span class='ocrx_word' id='word_1_205' title='bbox 975 1351 1016 1388; x_wconf 69' lang='lat'><strong>[2.</strong></span> <span class='ocrx_word' id='word_1_206' title='bbox 1030 1350 1107 1381; x_wconf 86' lang='lat' dir='ltr'><strong>Cor.</strong></span> 
     </span>
     <span class='ocr_line' id='line_1_30' title="bbox 131 1393 1108 1434; baseline -0.001 -10"><span class='ocrx_word' id='word_1_207' title='bbox 131 1395 162 1431; x_wconf 83' lang='lat'><strong>4,</strong></span> <span class='ocrx_word' id='word_1_208' title='bbox 188 1394 267 1433; x_wconf 87' lang='lat'><strong>16.]:</strong></span> <span class='ocrx_word' id='word_1_209' title='bbox 295 1393 450 1424; x_wconf 83' lang='lat' dir='ltr'><strong>Exterior</strong></span> <span class='ocrx_word' id='word_1_210' title='bbox 478 1400 593 1424; x_wconf 85' lang='lat' dir='ltr'><strong>noster</strong></span> <span class='ocrx_word' id='word_1_211' title='bbox 615 1394 714 1424; x_wconf 91' lang='lat' dir='ltr'><strong>homo</strong></span> <span class='ocrx_word' id='word_1_212' title='bbox 737 1395 975 1434; x_wconf 77' lang='lat' dir='ltr'><strong>corrumpitur,</strong></span> <span class='ocrx_word' id='word_1_213' title='bbox 1006 1398 1040 1423; x_wconf 88' lang='lat' dir='ltr'><strong>ut</strong></span> <span class='ocrx_word' id='word_1_214' title='bbox 1063 1394 1108 1422; x_wconf 88' lang='lat' dir='ltr'><strong>in·</strong></span> 
     </span>
     <span class='ocr_line' id='line_1_31' title="bbox 131 1437 744 1467; baseline 0 -1"><span class='ocrx_word' id='word_1_215' title='bbox 131 1437 232 1467; x_wconf 88' lang='lat' dir='ltr'><strong>terior</strong></span> <span class='ocrx_word' id='word_1_216' title='bbox 255 1442 432 1467; x_wconf 87' lang='lat' dir='ltr'><strong>renovetur</strong></span> <span class='ocrx_word' id='word_1_217' title='bbox 455 1437 495 1466; x_wconf 91' lang='lat' dir='ltr'><strong>de</strong></span> <span class='ocrx_word' id='word_1_218' title='bbox 519 1437 570 1467; x_wconf 88' lang='lat' dir='ltr'><strong>die</strong></span> <span class='ocrx_word' id='word_1_219' title='bbox 592 1437 625 1466; x_wconf 93' lang='lat' dir='ltr'><strong>in</strong></span> <span class='ocrx_word' id='word_1_220' title='bbox 648 1437 744 1466; x_wconf 87' lang='lat' dir='ltr'><strong>diem.</strong></span> 
     </span>
    </p>

    <p class='ocr_par' dir='ltr' id='par_1_5' title="bbox 130 1477 1108 2024">
     <span class='ocr_line' id='line_1_32' title="bbox 217 1477 1108 1517; baseline -0.001 -9"><span class='ocrx_word' id='word_1_221' title='bbox 217 1477 340 1508; x_wconf 80' lang='lat' dir='ltr'><strong>Tertio.</strong></span> <span class='ocrx_word' id='word_1_222' title='bbox 363 1478 404 1508; x_wconf 86' lang='lat' dir='ltr'><strong>Et</strong></span> <span class='ocrx_word' id='word_1_223' title='bbox 427 1484 534 1509; x_wconf 88' lang='lat' dir='ltr'><strong>tamen</strong></span> <span class='ocrx_word' id='word_1_224' title='bbox 558 1479 750 1509; x_wconf 75' lang='lat' dir='ltr'><strong>discendum</strong></span> <span class='ocrx_word' id='word_1_225' title='bbox 774 1484 836 1515; x_wconf 75' lang='lat' dir='ltr'><strong>est,</strong></span> <span class='ocrx_word' id='word_1_226' title='bbox 859 1484 974 1508; x_wconf 86' lang='lat' dir='ltr'><strong>nostra</strong></span> <span class='ocrx_word' id='word_1_227' title='bbox 996 1477 1108 1517; x_wconf 91' lang='lat' dir='ltr'><strong>poeni-</strong></span> 
     </span>
     <span class='ocr_line' id='line_1_33' title="bbox 131 1520 1108 1561; baseline -0.002 -10"><span class='ocrx_word' id='word_1_228' title='bbox 131 1520 234 1551; x_wconf 86' lang='lat' dir='ltr'><strong>tentia</strong></span> <span class='ocrx_word' id='word_1_229' title='bbox 255 1521 397 1561; x_wconf 80' lang='lat' dir='ltr'><strong>mitigari</strong></span> <span class='ocrx_word' id='word_1_230' title='bbox 420 1520 482 1550; x_wconf 84' lang='lat' dir='ltr'><strong>has</strong></span> <span class='ocrx_word' id='word_1_231' title='bbox 505 1531 640 1560; x_wconf 82' lang='lat' dir='ltr'><strong>poenas.</strong></span> <span class='ocrx_word' id='word_1_232' title='bbox 674 1520 734 1550; x_wconf 90' lang='lat' dir='ltr'><strong>Hic</strong></span> <span class='ocrx_word' id='word_1_233' title='bbox 756 1520 894 1560; x_wconf 84' lang='lat' dir='ltr'><strong>prodest</strong></span> <span class='ocrx_word' id='word_1_234' title='bbox 919 1520 1108 1550; x_wconf 80' lang='lat' dir='ltr'><strong>discernere</strong></span> 
     </span>
     <span class='ocr_line' id='line_1_34' title="bbox 131 1561 1108 1602; baseline -0.002 -9"><span class='ocrx_word' id='word_1_235' title='bbox 131 1562 356 1593; x_wconf 83' lang='lat' dir='ltr'><strong>remissionem</strong></span> <span class='ocrx_word' id='word_1_236' title='bbox 392 1561 508 1602; x_wconf 90' lang='lat' dir='ltr'><strong>culpae</strong></span> <span class='ocrx_word' id='word_1_237' title='bbox 542 1574 561 1593; x_wconf 81' lang='lat' dir='ltr'><strong>a</strong></span> <span class='ocrx_word' id='word_1_238' title='bbox 594 1563 786 1593; x_wconf 86' lang='lat' dir='ltr'><strong>remissione</strong></span> <span class='ocrx_word' id='word_1_239' title='bbox 819 1572 945 1602; x_wconf 90' lang='lat' dir='ltr'><strong>poenae</strong></span> <span class='ocrx_word' id='word_1_240' title='bbox 979 1563 1011 1592; x_wconf 90' lang='lat' dir='ltr'><strong>in</strong></span> <span class='ocrx_word' id='word_1_241' title='bbox 1046 1561 1108 1592; x_wconf 87' lang='lat' dir='ltr'><strong>hac</strong></span> 
     </span>
     <span class='ocr_line' id='line_1_35' title="bbox 131 1603 1108 1645; baseline -0.002 -10"><span class='ocrx_word' id='word_1_242' title='bbox 131 1605 207 1635; x_wconf 61' lang='lat' dir='ltr'><strong>wita.</strong></span> <span class='ocrx_word' id='word_1_243' title='bbox 257 1603 415 1634; x_wconf 78' lang='lat' dir='ltr'><strong>Publicae</strong></span> <span class='ocrx_word' id='word_1_244' title='bbox 444 1611 476 1634; x_wconf 87' lang='lat' dir='ltr'><strong>et</strong></span> <span class='ocrx_word' id='word_1_245' title='bbox 504 1605 652 1645; x_wconf 85' lang='lat' dir='ltr'><strong>privatae</strong></span> <span class='ocrx_word' id='word_1_246' title='bbox 684 1603 887 1635; x_wconf 79' lang='lat' dir='ltr'><strong>calamitates</strong></span> <span class='ocrx_word' id='word_1_247' title='bbox 919 1605 1108 1645; x_wconf 82' lang='lat' dir='ltr'><strong>mitigantur</strong></span> 
     </span>
     <span class='ocr_line' id='line_1_36' title="bbox 132 1645 1106 1685; baseline -0.003 -7"><span class='ocrx_word' id='word_1_248' title='bbox 132 1652 200 1678; x_wconf 89' lang='lat' dir='ltr'><strong>tota</strong></span> <span class='ocrx_word' id='word_1_249' title='bbox 217 1646 416 1685; x_wconf 82' lang='lat' dir='ltr'><strong>poenitentia</strong></span> <span class='ocrx_word' id='word_1_250' title='bbox 435 1652 556 1677; x_wconf 84' lang='lat' dir='ltr'><strong>nostra.</strong></span> <span class='ocrx_word' id='word_1_251' title='bbox 593 1647 685 1677; x_wconf 63' lang='lat' dir='ltr'><strong>quta</strong></span> <span class='ocrx_word' id='word_1_252' title='bbox 707 1645 786 1676; x_wconf 87' lang='lat' dir='ltr'><strong>illud</strong></span> <span class='ocrx_word' id='word_1_253' title='bbox 811 1647 852 1683; x_wconf 90' lang='grc'><strong>[1.</strong></span> <span class='ocrx_word' id='word_1_254' title='bbox 870 1646 944 1676; x_wconf 85' lang='lat' dir='ltr'><strong>Cor.</strong></span> <span class='ocrx_word' id='word_1_255' title='bbox 960 1647 1010 1683; x_wconf 93' lang='lat' dir='ltr'><strong>ll,</strong></span> <span class='ocrx_word' id='word_1_256' title='bbox 1023 1645 1106 1683; x_wconf 81' lang='lat'><strong>31.]:</strong></span> 
     </span>
     <span class='ocr_line' id='line_1_37' title="bbox 131 1688 1105 1729; baseline -0.001 -10"><span class='ocrx_word' id='word_1_257' title='bbox 131 1688 167 1719; x_wconf 84' lang='lat' dir='ltr'><strong>Si</strong></span> <span class='ocrx_word' id='word_1_258' title='bbox 185 1697 247 1718; x_wconf 87' lang='lat' dir='ltr'><strong>nos</strong></span> <span class='ocrx_word' id='word_1_259' title='bbox 266 1688 486 1719; x_wconf 88' lang='lat' dir='ltr'><strong>iudicaremus</strong></span> <span class='ocrx_word' id='word_1_260' title='bbox 506 1689 579 1729; x_wconf 81' lang='lat' dir='ltr'><strong>ipsi,</strong></span> <span class='ocrx_word' id='word_1_261' title='bbox 603 1700 668 1719; x_wconf 92' lang='lat' dir='ltr'><strong>non</strong></span> <span class='ocrx_word' id='word_1_262' title='bbox 689 1689 907 1719; x_wconf 86' lang='lat' dir='ltr'><strong>iudicaremur</strong></span> <span class='ocrx_word' id='word_1_263' title='bbox 925 1699 945 1719; x_wconf 88' lang='lat' dir='ltr'><strong>a</strong></span> <span class='ocrx_word' id='word_1_264' title='bbox 964 1689 1105 1719; x_wconf 87' lang='lat' dir='ltr'><strong>domino.</strong></span> 
     </span>
     <span class='ocr_line' id='line_1_38' title="bbox 131 1729 1104 1771; baseline -0.002 -10"><span class='ocrx_word' id='word_1_265' title='bbox 131 1730 210 1761; x_wconf 88' lang='lat' dir='ltr'><strong>Item</strong></span> <span class='ocrx_word' id='word_1_266' title='bbox 238 1729 351 1767; x_wconf 89' lang='lat' dir='ltr'><strong>[Zach.</strong></span> <span class='ocrx_word' id='word_1_267' title='bbox 378 1730 405 1767; x_wconf 88' lang='lat' dir='ltr'><strong>l,</strong></span> <span class='ocrx_word' id='word_1_268' title='bbox 429 1730 492 1769; x_wconf 85' lang='lat'><strong>3.]:</strong></span> <span class='ocrx_word' id='word_1_269' title='bbox 528 1730 761 1761; x_wconf 75' lang='lat' dir='ltr'><strong>Convertimini</strong></span> <span class='ocrx_word' id='word_1_270' title='bbox 795 1731 838 1761; x_wconf 85' lang='lat' dir='ltr'><strong>ad</strong></span> <span class='ocrx_word' id='word_1_271' title='bbox 872 1741 941 1768; x_wconf 89' lang='lat' dir='ltr'><strong>me,</strong></span> <span class='ocrx_word' id='word_1_272' title='bbox 976 1738 1008 1761; x_wconf 85' lang='lat' dir='ltr'><strong>et</strong></span> <span class='ocrx_word' id='word_1_273' title='bbox 1042 1740 1104 1771; x_wconf 81' lang='lat' dir='ltr'><strong>ego</strong></span> 
     </span>
     <span class='ocr_line' id='line_1_39' title="bbox 132 1772 467 1803; baseline -0.006 0"><span class='ocrx_word' id='word_1_274' title='bbox 132 1778 308 1803; x_wconf 80' lang='lat' dir='ltr'><strong>convertar</strong></span> <span class='ocrx_word' id='word_1_275' title='bbox 331 1772 372 1802; x_wconf 88' lang='lat' dir='ltr'><strong>ad</strong></span> <span class='ocrx_word' id='word_1_276' title='bbox 395 1783 467 1803; x_wconf 68' lang='lat' dir='ltr'><strong>vos.</strong></span> 
     </span>
     <span class='ocr_line' id='line_1_40' title="bbox 130 1814 1106 1856; baseline -0.001 -11"><span class='ocrx_word' id='word_1_277' title='bbox 130 1814 381 1854; x_wconf 81' lang='lat' dir='ltr'><strong>poenitentiam,</strong></span> <span class='ocrx_word' id='word_1_278' title='bbox 416 1814 618 1845; x_wconf 77' lang='lat' dir='ltr'><strong>benefaciam</strong></span> <span class='ocrx_word' id='word_1_279' title='bbox 646 1816 758 1852; x_wconf 69' lang='lat' dir='ltr'><strong>vobis.</strong></span> <span class='ocrx_word' id='word_1_280' title='bbox 789 1816 933 1856; x_wconf 83' lang='lat' dir='ltr'><strong>ingentia</strong></span> <span class='ocrx_word' id='word_1_281' title='bbox 962 1815 1106 1855; x_wconf 85' lang='lat' dir='ltr'><strong>praemia</strong></span> 
     </span>
     <span class='ocr_line' id='line_1_41' title="bbox 131 1857 275 1886; baseline 0 0"><span class='ocrx_word' id='word_1_282' title='bbox 131 1857 275 1886; x_wconf 87' lang='lat' dir='ltr'><strong>reddam.</strong></span> 
     </span>
     <span class='ocr_line' id='line_1_42' title="bbox 130 1897 1104 1939; baseline 0 -10"><span class='ocrx_word' id='word_1_283' title='bbox 130 1908 289 1939; x_wconf 86' lang='lat' dir='ltr'><strong>mosynae</strong></span> <span class='ocrx_word' id='word_1_284' title='bbox 311 1897 450 1929; x_wconf 85' lang='lat' dir='ltr'><strong>liberant</strong></span> <span class='ocrx_word' id='word_1_285' title='bbox 472 1910 492 1930; x_wconf 88' lang='lat' dir='ltr'><strong>a</strong></span> <span class='ocrx_word' id='word_1_286' title='bbox 515 1900 679 1939; x_wconf 68' lang='lat' dir='ltr'><strong>peccatis,</strong></span> <span class='ocrx_word' id='word_1_287' title='bbox 703 1899 853 1929; x_wconf 74' lang='lat' dir='ltr'><strong>videlicet</strong></span> <span class='ocrx_word' id='word_1_288' title='bbox 877 1899 966 1939; x_wconf 88' lang='lat' dir='ltr'><strong>quod</strong></span> <span class='ocrx_word' id='word_1_289' title='bbox 989 1900 1031 1929; x_wconf 90' lang='lat' dir='ltr'><strong>ad</strong></span> <span class='ocrx_word' id='word_1_290' title='bbox 1054 1909 1104 1929; x_wconf 92' lang='lat' dir='ltr'><strong>re-</strong></span> 
     </span>
     <span class='ocr_line' id='line_1_43' title="bbox 130 1941 1104 1980; baseline 0.002 -10"><span class='ocrx_word' id='word_1_291' title='bbox 130 1941 318 1971; x_wconf 86' lang='lat' dir='ltr'><strong>missionem</strong></span> <span class='ocrx_word' id='word_1_292' title='bbox 340 1951 468 1980; x_wconf 89' lang='lat' dir='ltr'><strong>poenae</strong></span> <span class='ocrx_word' id='word_1_293' title='bbox 491 1941 620 1978; x_wconf 70' lang='lat' dir='ltr'><strong>attinet,</strong></span> <span class='ocrx_word' id='word_1_294' title='bbox 650 1941 713 1971; x_wconf 85' lang='grc'><strong>1106</strong></span> <span class='ocrx_word' id='word_1_295' title='bbox 737 1947 805 1978; x_wconf 84' lang='lat' dir='ltr'><strong>est,</strong></span> <span class='ocrx_word' id='word_1_296' title='bbox 835 1947 1001 1972; x_wconf 88' lang='lat' dir='ltr'><strong>merentur</strong></span> <span class='ocrx_word' id='word_1_297' title='bbox 1022 1942 1104 1972; x_wconf 89' lang='lat' dir='ltr'><strong>miti-</strong></span> 
     </span>
     <span class='ocr_line' id='line_1_44' title="bbox 130 1982 778 2024; baseline 0 -11"><span class='ocrx_word' id='word_1_298' title='bbox 130 1983 295 2024; x_wconf 83' lang='lat' dir='ltr'><strong>gationem</strong></span> <span class='ocrx_word' id='word_1_299' title='bbox 320 1982 539 2013; x_wconf 84' lang='lat' dir='ltr'><strong>calamitatum</strong></span> <span class='ocrx_word' id='word_1_300' title='bbox 562 1984 594 2013; x_wconf 91' lang='lat' dir='ltr'><strong>in</strong></span> <span class='ocrx_word' id='word_1_301' title='bbox 617 1983 679 2014; x_wconf 91' lang='lat' dir='ltr'><strong>hac</strong></span> <span class='ocrx_word' id='word_1_302' title='bbox 703 1984 778 2013; x_wconf 86' lang='lat' dir='ltr'><strong>vita.</strong></span> 
     </span>
    </p>

    <p class='ocr_par' dir='ltr' id='par_1_6' title="bbox 129 2024 1105 2277">
     <span class='ocr_line' id='line_1_45' title="bbox 178 2024 1105 2068; baseline 0.001 -13"><span class='ocrx_word' id='word_1_303' title='bbox 178 2065 182 2068; x_wconf 22' lang='lat'>⁵</span> <span class='ocrx_word' id='word_1_304' title='bbox 215 2024 266 2055; x_wconf 87' lang='lat' dir='ltr'><strong>Ac</strong></span> <span class='ocrx_word' id='word_1_305' title='bbox 289 2026 425 2065; x_wconf 89' lang='lat' dir='ltr'><strong>prodest</strong></span> <span class='ocrx_word' id='word_1_306' title='bbox 444 2027 476 2055; x_wconf 90' lang='lat' dir='ltr'><strong>in</strong></span> <span class='ocrx_word' id='word_1_307' title='bbox 491 2025 642 2056; x_wconf 81' lang='lat' dir='ltr'><strong>Ecclesia</strong></span> <span class='ocrx_word' id='word_1_308' title='bbox 665 2026 787 2056; x_wconf 89' lang='lat' dir='ltr'><strong>docere</strong></span> <span class='ocrx_word' id='word_1_309' title='bbox 809 2032 993 2066; x_wconf 90' lang='lat' dir='ltr'><strong>utrumque,</strong></span> <span class='ocrx_word' id='word_1_310' title='bbox 1017 2026 1105 2066; x_wconf 90' lang='lat' dir='ltr'><strong>quod</strong></span> 
     </span>
     <span class='ocr_line' id='line_1_46' title="bbox 130 2067 1105 2109; baseline 0 -11"><span class='ocrx_word' id='word_1_311' title='bbox 130 2076 256 2107; x_wconf 86' lang='lat' dir='ltr'><strong>poenae</strong></span> <span class='ocrx_word' id='word_1_312' title='bbox 279 2073 310 2097; x_wconf 88' lang='lat' dir='ltr'><strong>et</strong></span> <span class='ocrx_word' id='word_1_313' title='bbox 332 2068 521 2107; x_wconf 85' lang='lat' dir='ltr'><strong>propositae</strong></span> <span class='ocrx_word' id='word_1_314' title='bbox 544 2069 607 2098; x_wconf 84' lang='lat' dir='ltr'><strong>sint</strong></span> <span class='ocrx_word' id='word_1_315' title='bbox 629 2078 689 2107; x_wconf 90' lang='lat' dir='ltr'><strong>pro</strong></span> <span class='ocrx_word' id='word_1_316' title='bbox 710 2067 847 2105; x_wconf 81' lang='lat' dir='ltr'><strong>delictis,</strong></span> <span class='ocrx_word' id='word_1_317' title='bbox 871 2074 901 2098; x_wconf 91' lang='lat' dir='ltr'><strong>et</strong></span> <span class='ocrx_word' id='word_1_318' title='bbox 920 2069 1105 2109; x_wconf 82' lang='lat' dir='ltr'><strong>mitigentur</strong></span> 
     </span>
     <span class='ocr_line' id='line_1_47' title="bbox 131 2109 1104 2151; baseline 0.002 -12"><span class='ocrx_word' id='word_1_319' title='bbox 131 2115 245 2139; x_wconf 87' lang='lat' dir='ltr'><strong>nostra</strong></span> <span class='ocrx_word' id='word_1_320' title='bbox 267 2110 480 2148; x_wconf 72' lang='lat' dir='ltr'><strong>poenitentia3</strong></span> <span class='ocrx_word' id='word_1_321' title='bbox 504 2109 667 2150; x_wconf 90' lang='lat' dir='ltr'><strong>loquimur</strong></span> <span class='ocrx_word' id='word_1_322' title='bbox 687 2111 772 2140; x_wconf 89' lang='lat' dir='ltr'><strong>enim</strong></span> <span class='ocrx_word' id='word_1_323' title='bbox 792 2111 832 2141; x_wconf 89' lang='lat' dir='ltr'><strong>de</strong></span> <span class='ocrx_word' id='word_1_324' title='bbox 851 2116 918 2141; x_wconf 87' lang='lat' dir='ltr'><strong>tota</strong></span> <span class='ocrx_word' id='word_1_325' title='bbox 936 2111 1104 2151; x_wconf 87' lang='lat' dir='ltr'><strong>poeniten·</strong></span> 
     </span>
     <span class='ocr_line' id='line_1_48' title="bbox 129 2150 1104 2193; baseline 0.002 -12"><span class='ocrx_word' id='word_1_326' title='bbox 129 2151 184 2188; x_wconf 89' lang='lat' dir='ltr'><strong>tia,</strong></span> <span class='ocrx_word' id='word_1_327' title='bbox 207 2161 273 2181; x_wconf 89' lang='lat' dir='ltr'><strong>non</strong></span> <span class='ocrx_word' id='word_1_328' title='bbox 297 2152 338 2181; x_wconf 91' lang='lat' dir='ltr'><strong>de</strong></span> <span class='ocrx_word' id='word_1_329' title='bbox 361 2150 425 2181; x_wconf 89' lang='lat' dir='ltr'><strong>illis</strong></span> <span class='ocrx_word' id='word_1_330' title='bbox 448 2152 593 2182; x_wconf 82' lang='lat' dir='ltr'><strong>ridiculis</strong></span> <span class='ocrx_word' id='word_1_331' title='bbox 617 2151 913 2189; x_wconf 69' lang='lat' dir='ltr'><strong>satisfactionibus,</strong></span> <span class='ocrx_word' id='word_1_332' title='bbox 941 2163 1023 2193; x_wconf 86' lang='lat' dir='ltr'><strong>quas</strong></span> <span class='ocrx_word' id='word_1_333' title='bbox 1047 2153 1104 2183; x_wconf 87' lang='lat' dir='ltr'><strong>fin-</strong></span> 
     </span>
     <span class='ocr_line' id='line_1_49' title="bbox 130 2192 1103 2235; baseline 0.002 -12"><span class='ocrx_word' id='word_1_334' title='bbox 130 2199 209 2234; x_wconf 80' lang='lat' dir='ltr'><strong>gunt</strong></span> <span class='ocrx_word' id='word_1_335' title='bbox 238 2192 366 2231; x_wconf 80' lang='lat' dir='ltr'><strong>valere,</strong></span> <span class='ocrx_word' id='word_1_336' title='bbox 397 2194 493 2224; x_wconf 88' lang='lat' dir='ltr'><strong>etiam</strong></span> <span class='ocrx_word' id='word_1_337' title='bbox 523 2204 597 2224; x_wconf 89' lang='lat' dir='ltr'><strong>cum</strong></span> <span class='ocrx_word' id='word_1_338' title='bbox 626 2195 708 2225; x_wconf 86' lang='lat' dir='ltr'><strong>fiunt</strong></span> <span class='ocrx_word' id='word_1_339' title='bbox 736 2195 767 2225; x_wconf 92' lang='lat' dir='ltr'><strong>in</strong></span> <span class='ocrx_word' id='word_1_340' title='bbox 797 2201 933 2235; x_wconf 89' lang='lat' dir='ltr'><strong>peccato</strong></span> <span class='ocrx_word' id='word_1_341' title='bbox 957 2195 1103 2231; x_wconf 79' lang='lat' dir='ltr'><strong>mortali3</strong></span> 
     </span>
     <span class='ocr_line' id='line_1_50' title="bbox 130 2235 1103 2277; baseline 0.001 -10"><span class='ocrx_word' id='word_1_342' title='bbox 130 2236 216 2276; x_wconf 88' lang='lat' dir='ltr'><strong>quod</strong></span> <span class='ocrx_word' id='word_1_343' title='bbox 235 2246 331 2277; x_wconf 88' lang='lat' dir='ltr'><strong>quam</strong></span> <span class='ocrx_word' id='word_1_344' title='bbox 351 2236 393 2266; x_wconf 92' lang='lat' dir='ltr'><strong>sit</strong></span> <span class='ocrx_word' id='word_1_345' title='bbox 410 2236 598 2274; x_wconf 72' lang='lat' dir='ltr'><strong>absin-dum,</strong></span> <span class='ocrx_word' id='word_1_346' title='bbox 615 2235 712 2267; x_wconf 86' lang='lat' dir='ltr'><strong>facile</strong></span> <span class='ocrx_word' id='word_1_347' title='bbox 728 2243 838 2276; x_wconf 86' lang='lat' dir='ltr'><strong>potest</strong></span> <span class='ocrx_word' id='word_1_348' title='bbox 855 2238 1000 2268; x_wconf 88' lang='lat' dir='ltr'><strong>iudicari.</strong></span> <span class='ocrx_word' id='word_1_349' title='bbox 1029 2237 1103 2268; x_wconf 92' lang='lat' dir='ltr'><strong>Non</strong></span> 
     </span>
    </p>
   </div>
   <div class='ocr_carea' id='block_1_3' title="bbox 130 2371 1101 2470">
    <p class='ocr_par' dir='ltr' id='par_1_7' title="bbox 130 2371 1101 2470">
     <span class='ocr_line' id='line_1_51' title="bbox 130 2371 1101 2404; baseline 0.001 -8"><span class='ocrx_word' id='word_1_350' title='bbox 130 2371 174 2402; x_wconf 78' lang='lat'><strong>43]</strong></span> <span class='ocrx_word' id='word_1_351' title='bbox 201 2373 289 2402; x_wconf 84' lang='lat' dir='ltr'><strong>postea</strong></span> <span class='ocrx_word' id='word_1_352' title='bbox 307 2378 416 2401; x_wconf 78' lang='lat' dir='ltr'><strong>regnum</strong></span> <span class='ocrx_word' id='word_1_353' title='bbox 436 2385 468 2388; x_wconf 82' lang='lat'><strong>—</strong></span> <span class='ocrx_word' id='word_1_354' title='bbox 487 2372 574 2403; x_wconf 65' lang='lat' dir='ltr'><strong>bella]</strong></span> <span class='ocrx_word' id='word_1_355' title='bbox 596 2373 667 2397; x_wconf 88' lang='lat' dir='ltr'><strong>Editt.</strong></span> <span class='ocrx_word' id='word_1_356' title='bbox 686 2373 708 2396; x_wconf 86' lang='lat'><strong>8.</strong></span> <span class='ocrx_word' id='word_1_357' title='bbox 726 2373 831 2398; x_wconf 85' lang='lat'><strong>11—13.</strong></span> <span class='ocrx_word' id='word_1_358' title='bbox 850 2376 875 2397; x_wconf 86' lang='lat' dir='ltr'><strong>et</strong></span> <span class='ocrx_word' id='word_1_359' title='bbox 894 2374 969 2404; x_wconf 58' lang='lat' dir='ltr'><strong>opu:</strong></span> <span class='ocrx_word' id='word_1_360' title='bbox 990 2373 1101 2398; x_wconf 79' lang='lat' dir='ltr'><strong>Absalon</strong></span> 
     </span>
     <span class='ocr_line' id='line_1_52' title="bbox 198 2406 1101 2438; baseline 0.002 -8"><span class='ocrx_word' id='word_1_361' title='bbox 198 2406 252 2436; x_wconf 82' lang='lat' dir='ltr'><strong>(Ed.</strong></span> <span class='ocrx_word' id='word_1_362' title='bbox 272 2407 311 2428; x_wconf 82' lang='grc'><strong>11.</strong></span> <span class='ocrx_word' id='word_1_363' title='bbox 331 2409 357 2430; x_wconf 88' lang='lat' dir='ltr'><strong>et</strong></span> <span class='ocrx_word' id='word_1_364' title='bbox 375 2406 447 2436; x_wconf 66' lang='lat' dir='ltr'><strong>opu:</strong></span> <span class='ocrx_word' id='word_1_365' title='bbox 474 2407 598 2434; x_wconf 73' lang='lat' dir='ltr'><strong>Absolon)</strong></span> <span class='ocrx_word' id='word_1_366' title='bbox 623 2407 689 2431; x_wconf 80' lang='lat' dir='ltr'><strong>filius</strong></span> <span class='ocrx_word' id='word_1_367' title='bbox 715 2407 868 2432; x_wconf 83' lang='lat' dir='ltr'><strong>horribiliter</strong></span> <span class='ocrx_word' id='word_1_368' title='bbox 887 2407 975 2438; x_wconf 86' lang='lat' dir='ltr'><strong>periit,</strong></span> <span class='ocrx_word' id='word_1_369' title='bbox 1000 2410 1101 2432; x_wconf 88' lang='lat' dir='ltr'><strong>constu-</strong></span> 
     </span>
     <span class='ocr_line' id='line_1_53' title="bbox 196 2440 628 2470; baseline 0.002 -6"><span class='ocrx_word' id='word_1_370' title='bbox 196 2441 284 2470; x_wconf 83' lang='lat' dir='ltr'><strong>pratae</strong></span> <span class='ocrx_word' id='word_1_371' title='bbox 303 2442 362 2464; x_wconf 81' lang='lat' dir='ltr'><strong>sunt</strong></span> <span class='ocrx_word' id='word_1_372' title='bbox 380 2440 500 2469; x_wconf 79' lang='lat' dir='ltr'><strong>coniuges</strong></span> <span class='ocrx_word' id='word_1_373' title='bbox 519 2440 628 2465; x_wconf 76' lang='lat' dir='ltr'><strong>navidis.</strong></span> 
     </span>
    </p>
   </div>
   <div class='ocr_carea' id='block_1_4' title="bbox 130 2490 1064 2618">
    <p class='ocr_par' dir='ltr' id='par_1_8' title="bbox 130 2490 1064 2618">
     <span class='ocr_line' id='line_1_54' title="bbox 130 2490 841 2520; baseline 0.003 -6"><span class='ocrx_word' id='word_1_374' title='bbox 130 2490 175 2519; x_wconf 72' lang='lat'><strong>44)</strong></span> <span class='ocrx_word' id='word_1_375' title='bbox 197 2490 298 2515; x_wconf 82' lang='lat' dir='ltr'><strong>Davidis</strong></span> <span class='ocrx_word' id='word_1_376' title='bbox 316 2491 457 2514; x_wconf 78' lang='lat' dir='ltr'><strong>omittunt</strong></span> <span class='ocrx_word' id='word_1_377' title='bbox 474 2491 546 2515; x_wconf 85' lang='lat' dir='ltr'><strong>Editt.</strong></span> <span class='ocrx_word' id='word_1_378' title='bbox 566 2491 588 2514; x_wconf 87' lang='lat'><strong>8.</strong></span> <span class='ocrx_word' id='word_1_379' title='bbox 610 2490 719 2513; x_wconf 85' lang='grc'><strong>11-13.</strong></span> <span class='ocrx_word' id='word_1_380' title='bbox 739 2492 764 2515; x_wconf 85' lang='lat' dir='ltr'><strong>et</strong></span> <span class='ocrx_word' id='word_1_381' title='bbox 782 2490 841 2520; x_wconf 78' lang='lat' dir='ltr'><strong>Opp.</strong></span> 
     </span>
     <span class='ocr_line' id='line_1_55' title="bbox 130 2540 1064 2571; baseline 0 -7"><span class='ocrx_word' id='word_1_382' title='bbox 130 2540 175 2569; x_wconf 78' lang='lat'><strong>45)</strong></span> <span class='ocrx_word' id='word_1_383' title='bbox 200 2540 325 2570; x_wconf 81' lang='lat' dir='ltr'><strong>pertinent</strong></span> <span class='ocrx_word' id='word_1_384' title='bbox 343 2544 369 2565; x_wconf 84' lang='lat' dir='ltr'><strong>et</strong></span> <span class='ocrx_word' id='word_1_385' title='bbox 387 2541 440 2571; x_wconf 77' lang='lat' dir='ltr'><strong>illa]</strong></span> <span class='ocrx_word' id='word_1_386' title='bbox 459 2541 502 2566; x_wconf 83' lang='lat' dir='ltr'><strong>Ed.</strong></span> <span class='ocrx_word' id='word_1_387' title='bbox 526 2542 563 2565; x_wconf 81' lang='lat'><strong>11.</strong></span> <span class='ocrx_word' id='word_1_388' title='bbox 583 2543 608 2565; x_wconf 84' lang='lat' dir='ltr'><strong>et</strong></span> <span class='ocrx_word' id='word_1_389' title='bbox 627 2541 686 2571; x_wconf 78' lang='lat' dir='ltr'><strong>Opp,</strong></span> <span class='ocrx_word' id='word_1_390' title='bbox 705 2543 753 2570; x_wconf 84' lang='lat' dir='ltr'><strong>typ.</strong></span> <span class='ocrx_word' id='word_1_391' title='bbox 773 2545 874 2564; x_wconf 85' lang='lat' dir='ltr'><strong>errore:</strong></span> <span class='ocrx_word' id='word_1_392' title='bbox 896 2540 1005 2570; x_wconf 77' lang='lat' dir='ltr'><strong>pertinet</strong></span> <span class='ocrx_word' id='word_1_393' title='bbox 1022 2540 1064 2564; x_wconf 88' lang='lat' dir='ltr'><strong>illa</strong></span> 
     </span>
     <span class='ocr_line' id='line_1_56' title="bbox 281 2598 622 2618; baseline -0.003 -1"><span class='ocrx_word' id='word_1_394' title='bbox 281 2598 400 2618; x_wconf 68' lang='grc'><strong>1111111111.</strong></span> <span class='ocrx_word' id='word_1_395' title='bbox 421 2599 486 2618; x_wconf 70' lang='lat' dir='ltr'><strong>orm</strong></span> <span class='ocrx_word' id='word_1_396' title='bbox 506 2598 555 2617; x_wconf 75' lang='lat' dir='ltr'><strong>vat.</strong></span> <span class='ocrx_word' id='word_1_397' title='bbox 576 2598 622 2617; x_wconf 73' lang='lat' dir='ltr'><strong>us.</strong></span> 
     </span>
    </p>
   </div>
   <div class='ocr_carea' id='block_1_5' title="bbox 585 117 1677 154">
    <p class='ocr_par' dir='ltr' id='par_1_9' title="bbox 585 117 1677 154">
     <span class='ocr_line' id='line_1_57' title="bbox 585 117 1677 154; baseline -0.005 -1"><span class='ocrx_word' id='word_1_398' title='bbox 585 124 607 153; x_wconf 88' lang='lat'><strong>1.</strong></span> <span class='ocrx_word' id='word_1_399' title='bbox 630 123 731 154; x_wconf 83' lang='lat' dir='ltr'><strong>LOCI</strong></span> <span class='ocrx_word' id='word_1_400' title='bbox 753 120 1027 153; x_wconf 75' lang='lat' dir='ltr'><strong>TffEOLOGICl:</strong></span> <span class='ocrx_word' id='word_1_401' title='bbox 1051 120 1088 152; x_wconf 89' lang='lat' dir='ltr'><strong>C.</strong></span> <span class='ocrx_word' id='word_1_402' title='bbox 1111 120 1322 154; x_wconf 89' lang='lat' dir='ltr'><strong>SECUNDA</strong></span> <span class='ocrx_word' id='word_1_403' title='bbox 1344 119 1499 152; x_wconf 86' lang='lat' dir='ltr'><strong>EORUM</strong></span> <span class='ocrx_word' id='word_1_404' title='bbox 1521 117 1677 150; x_wconf 83' lang='lat' dir='ltr'>AETAS.</span> 
     </span>
    </p>
   </div>
   <div class='ocr_carea' id='block_1_6' title="bbox 513 1772 1129 1814">
    <p class='ocr_par' dir='ltr' id='par_1_10' title="bbox 513 1772 1129 1814">
     <span class='ocr_line' id='line_1_58' title="bbox 513 1772 1129 1814; baseline -0.003 -11"><span class='ocrx_word' id='word_1_405' title='bbox 513 1772 571 1803; x_wconf 79' lang='lat' dir='ltr'><strong>Est</strong></span> <span class='ocrx_word' id='word_1_406' title='bbox 596 1774 680 1803; x_wconf 87' lang='lat' dir='ltr'><strong>enim</strong></span> <span class='ocrx_word' id='word_1_407' title='bbox 705 1774 882 1803; x_wconf 76' lang='lat' dir='ltr'><strong>sentemia:</strong></span> <span class='ocrx_word' id='word_1_408' title='bbox 913 1773 947 1803; x_wconf 86' lang='lat' dir='ltr'><strong>Si</strong></span> <span class='ocrx_word' id='word_1_409' title='bbox 973 1773 1105 1814; x_wconf 86' lang='lat' dir='ltr'><strong>egeritis</strong></span> <span class='ocrx_word' id='word_1_410' title='bbox 1127 1780 1129 1801; x_wconf 66' lang='lat'>1</span> 
     </span>
    </p>
   </div>
   <div class='ocr_carea' id='block_1_7' title="bbox 320 1856 1128 1897">
    <p class='ocr_par' dir='ltr' id='par_1_11' title="bbox 320 1856 1128 1897">
     <span class='ocr_line' id='line_1_59' title="bbox 320 1856 1128 1897; baseline 0.001 -11"><span class='ocrx_word' id='word_1_411' title='bbox 320 1856 392 1886; x_wconf 90' lang='lat' dir='ltr'><strong>Huc</strong></span> <span class='ocrx_word' id='word_1_412' title='bbox 415 1858 577 1897; x_wconf 89' lang='lat' dir='ltr'><strong>pertinent</strong></span> <span class='ocrx_word' id='word_1_413' title='bbox 602 1864 633 1888; x_wconf 86' lang='lat' dir='ltr'><strong>et</strong></span> <span class='ocrx_word' id='word_1_414' title='bbox 654 1856 711 1887; x_wconf 89' lang='lat' dir='ltr'><strong>illa</strong></span> <span class='ocrx_word' id='word_1_415' title='bbox 725 1859 770 1890; x_wconf 67' lang='grc' dir='ltr'><strong>4ὁ)</strong></span> <span class='ocrx_word' id='word_1_416' title='bbox 798 1857 987 1897; x_wconf 83' lang='lat' dir='ltr'><strong>praeconia,</strong></span> <span class='ocrx_word' id='word_1_417' title='bbox 1010 1856 1105 1887; x_wconf 88' lang='lat' dir='ltr'><strong>Elee-</strong></span> <span class='ocrx_word' id='word_1_418' title='bbox 1126 1889 1128 1894; x_wconf 63' lang='grc'><em>,</em></span> 
     </span>
    </p>
   </div>
   <div class='ocr_carea' id='block_1_8' title="bbox 1123 1117 1135 2530">
    <p class='ocr_par' dir='ltr' id='par_1_12' title="bbox 1123 1117 1135 2530">
     <span class='ocr_line' id='line_1_60' title="bbox 1123 1117 1135 2530; baseline 0 0"><span class='ocrx_word' id='word_1_419' title='bbox 1123 1117 1135 2530; x_wconf 95' lang='lat' dir='ltr'><strong> </strong></span> 
     </span>
    </p>
   </div>
   <div class='ocr_carea' id='block_1_9' title="bbox 2067 114 2129 145">
    <p class='ocr_par' dir='ltr' id='par_1_13' title="bbox 2067 114 2129 145">
     <span class='ocr_line' id='line_1_61' title="bbox 2067 114 2129 145; baseline 0.016 -1"><span class='ocrx_word' id='word_1_420' title='bbox 2067 114 2129 145; x_wconf 81' lang='grc'><strong>498</strong></span> 
     </span>
    </p>
   </div>
   <div class='ocr_carea' id='block_1_10' title="bbox 1144 205 2131 2569">
    <p class='ocr_par' dir='ltr' id='par_1_14' title="bbox 1152 205 2127 296">
     <span class='ocr_line' id='line_1_62' title="bbox 1153 205 2127 254; baseline -0.01 -8"><span class='ocrx_word' id='word_1_421' title='bbox 1153 216 1239 245; x_wconf 89' lang='lat' dir='ltr'><strong>enim</strong></span> <span class='ocrx_word' id='word_1_422' title='bbox 1260 214 1394 254; x_wconf 87' lang='lat' dir='ltr'><strong>placent</strong></span> <span class='ocrx_word' id='word_1_423' title='bbox 1415 213 1489 243; x_wconf 93' lang='lat' dir='ltr'><strong>Deo</strong></span> <span class='ocrx_word' id='word_1_424' title='bbox 1519 210 1625 242; x_wconf 84' lang='lat' dir='ltr'><strong>cultus</strong></span> <span class='ocrx_word' id='word_1_425' title='bbox 1649 210 1817 249; x_wconf 90' lang='lat' dir='ltr'><strong>impiorum</strong></span> <span class='ocrx_word' id='word_1_426' title='bbox 1846 208 1936 238; x_wconf 67' lang='lat' dir='ltr'><strong>iuxta</strong></span> <span class='ocrx_word' id='word_1_427' title='bbox 1957 205 2037 237; x_wconf 87' lang='lat' dir='ltr'><strong>illud</strong></span> <span class='ocrx_word' id='word_1_428' title='bbox 2060 206 2127 244; x_wconf 87' lang='lat' dir='ltr'><strong>[Ps.</strong></span> 
     </span>
     <span class='ocr_line' id='line_1_63' title="bbox 1152 252 1959 296; baseline -0.01 -9"><span class='ocrx_word' id='word_1_429' title='bbox 1152 257 1184 295; x_wconf 83' lang='lat'><strong>5,</strong></span> <span class='ocrx_word' id='word_1_430' title='bbox 1209 257 1268 296; x_wconf 84' lang='lat'><strong>5.]:</strong></span> <span class='ocrx_word' id='word_1_431' title='bbox 1292 256 1386 287; x_wconf 88' lang='lat' dir='ltr'><strong>Deus</strong></span> <span class='ocrx_word' id='word_1_432' title='bbox 1408 265 1475 286; x_wconf 92' lang='lat' dir='ltr'><strong>non</strong></span> <span class='ocrx_word' id='word_1_433' title='bbox 1497 253 1614 285; x_wconf 83' lang='lat' dir='ltr'><strong>volens</strong></span> <span class='ocrx_word' id='word_1_434' title='bbox 1637 252 1833 292; x_wconf 78' lang='lat' dir='ltr'><strong>impietatem</strong></span> <span class='ocrx_word' id='word_1_435' title='bbox 1854 255 1889 280; x_wconf 91' lang='lat' dir='ltr'><strong>tu</strong></span> <span class='ocrx_word' id='word_1_436' title='bbox 1913 259 1959 279; x_wconf 86' lang='lat' dir='ltr'><strong>es.</strong></span> 
     </span>
    </p>

    <p class='ocr_par' dir='ltr' id='par_1_15' title="bbox 1152 291 2131 1134">
     <span class='ocr_line' id='line_1_64' title="bbox 1239 291 2126 333; baseline -0.011 -4"><span class='ocrx_word' id='word_1_437' title='bbox 1239 298 1376 333; x_wconf 87' lang='lat' dir='ltr'><strong>Quarto.</strong></span> <span class='ocrx_word' id='word_1_438' title='bbox 1422 295 1672 327; x_wconf 88' lang='lat' dir='ltr'><strong>Satisfactiones</strong></span> <span class='ocrx_word' id='word_1_439' title='bbox 1697 291 1924 324; x_wconf 78' lang='lat' dir='ltr'><strong>scholasticae</strong></span> <span class='ocrx_word' id='word_1_440' title='bbox 1951 291 2126 321; x_wconf 85' lang='lat' dir='ltr'><strong>obscuram</strong></span> 
     </span>
     <span class='ocr_line' id='line_1_65' title="bbox 1153 333 2130 381; baseline -0.01 -10"><span class='ocrx_word' id='word_1_441' title='bbox 1153 340 1276 381; x_wconf 85' lang='lat' dir='ltr'><strong>Legem</strong></span> <span class='ocrx_word' id='word_1_442' title='bbox 1311 346 1341 370; x_wconf 90' lang='lat' dir='ltr'><strong>et</strong></span> <span class='ocrx_word' id='word_1_443' title='bbox 1374 337 1608 379; x_wconf 82' lang='lat' dir='ltr'><strong>Evangelium,</strong></span> <span class='ocrx_word' id='word_1_444' title='bbox 1643 342 1675 367; x_wconf 87' lang='lat' dir='ltr'><strong>et</strong></span> <span class='ocrx_word' id='word_1_445' title='bbox 1708 333 1907 375; x_wconf 87' lang='lat' dir='ltr'><strong>amplificant</strong></span> <span class='ocrx_word' id='word_1_446' title='bbox 1941 333 2130 373; x_wconf 83' lang='lat' dir='ltr'><strong>dignitatem</strong></span> 
     </span>
     <span class='ocr_line' id='line_1_66' title="bbox 1154 374 2129 418; baseline -0.01 -5"><span class='ocrx_word' id='word_1_447' title='bbox 1154 383 1361 413; x_wconf 87' lang='lat' dir='ltr'><strong>traditionum</strong></span> <span class='ocrx_word' id='word_1_448' title='bbox 1384 380 1609 415; x_wconf 85' lang='lat' dir='ltr'><strong>humanarum,</strong></span> <span class='ocrx_word' id='word_1_449' title='bbox 1634 378 1760 418; x_wconf 82' lang='lat' dir='ltr'><strong>fingunt</strong></span> <span class='ocrx_word' id='word_1_450' title='bbox 1779 376 1863 407; x_wconf 89' lang='lat' dir='ltr'><strong>enim</strong></span> <span class='ocrx_word' id='word_1_451' title='bbox 1882 376 1914 405; x_wconf 91' lang='lat' dir='ltr'><strong>in</strong></span> <span class='ocrx_word' id='word_1_452' title='bbox 1933 374 2129 405; x_wconf 84' lang='lat' dir='ltr'><strong>satisfactio-</strong></span> 
     </span>
     <span class='ocr_line' id='line_1_67' title="bbox 1154 416 2128 462; baseline -0.009 -7"><span class='ocrx_word' id='word_1_453' title='bbox 1154 426 1249 455; x_wconf 90' lang='lat' dir='ltr'><strong>nibus</strong></span> <span class='ocrx_word' id='word_1_454' title='bbox 1269 423 1310 454; x_wconf 86' lang='lat' dir='ltr'><strong>ali</strong></span> <span class='ocrx_word' id='word_1_455' title='bbox 1335 423 1389 454; x_wconf 90' lang='lat' dir='ltr'><strong>uid</strong></span> <span class='ocrx_word' id='word_1_456' title='bbox 1407 421 1546 462; x_wconf 85' lang='lat' dir='ltr'><strong>amplius</strong></span> <span class='ocrx_word' id='word_1_457' title='bbox 1564 420 1639 461; x_wconf 82' lang='lat' dir='ltr'><strong>lege</strong></span> <span class='ocrx_word' id='word_1_458' title='bbox 1658 420 1739 456; x_wconf 87' lang='lat' dir='ltr'><strong>fieri,</strong></span> <span class='ocrx_word' id='word_1_459' title='bbox 1761 424 1792 449; x_wconf 90' lang='lat' dir='ltr'><strong>et</strong></span> <span class='ocrx_word' id='word_1_460' title='bbox 1811 418 1974 448; x_wconf 90' lang='lat' dir='ltr'><strong>somniant</strong></span> <span class='ocrx_word' id='word_1_461' title='bbox 1994 416 2128 457; x_wconf 90' lang='lat' dir='ltr'><strong>reliquis</strong></span> 
     </span>
     <span class='ocr_line' id='line_1_68' title="bbox 1155 461 2129 507; baseline -0.009 -10"><span class='ocrx_word' id='word_1_462' title='bbox 1155 467 1308 507; x_wconf 89' lang='lat' dir='ltr'><strong>operibus</strong></span> <span class='ocrx_word' id='word_1_463' title='bbox 1345 475 1439 506; x_wconf 83' lang='lat' dir='ltr'><strong>egem</strong></span> <span class='ocrx_word' id='word_1_464' title='bbox 1462 463 1626 503; x_wconf 86' lang='lat' dir='ltr'><strong>impletam</strong></span> <span class='ocrx_word' id='word_1_465' title='bbox 1650 471 1736 492; x_wconf 92' lang='lat' dir='ltr'><strong>esse.</strong></span> <span class='ocrx_word' id='word_1_466' title='bbox 1775 461 1923 491; x_wconf 89' lang='lat' dir='ltr'><strong>Necesse</strong></span> <span class='ocrx_word' id='word_1_467' title='bbox 1948 466 1999 490; x_wconf 87' lang='lat' dir='ltr'><strong>est</strong></span> <span class='ocrx_word' id='word_1_468' title='bbox 2021 465 2129 490; x_wconf 90' lang='lat' dir='ltr'><strong>autem</strong></span> 
     </span>
     <span class='ocr_line' id='line_1_69' title="bbox 1154 499 2130 542; baseline -0.009 -3"><span class='ocrx_word' id='word_1_469' title='bbox 1154 509 1186 539; x_wconf 91' lang='lat' dir='ltr'><strong>in</strong></span> <span class='ocrx_word' id='word_1_470' title='bbox 1214 507 1366 539; x_wconf 75' lang='lat' dir='ltr'><strong>Ecclesia</strong></span> <span class='ocrx_word' id='word_1_471' title='bbox 1393 513 1505 537; x_wconf 83' lang='lat' dir='ltr'><strong>extare</strong></span> <span class='ocrx_word' id='word_1_472' title='bbox 1538 505 1624 535; x_wconf 90' lang='lat' dir='ltr'><strong>hanc</strong></span> <span class='ocrx_word' id='word_1_473' title='bbox 1659 503 1859 539; x_wconf 78' lang='lat' dir='ltr'><strong>doctrinam,</strong></span> <span class='ocrx_word' id='word_1_474' title='bbox 1892 501 1980 542; x_wconf 87' lang='lat' dir='ltr'><strong>quod</strong></span> <span class='ocrx_word' id='word_1_475' title='bbox 2013 499 2130 541; x_wconf 82' lang='lat' dir='ltr'><strong>procul</strong></span> 
     </span>
     <span class='ocr_line' id='line_1_70' title="bbox 1154 542 2129 586; baseline -0.009 -5"><span class='ocrx_word' id='word_1_476' title='bbox 1154 552 1264 581; x_wconf 88' lang='lat' dir='ltr'><strong>absint</strong></span> <span class='ocrx_word' id='word_1_477' title='bbox 1298 550 1395 580; x_wconf 87' lang='lat' dir='ltr'><strong>etiam</strong></span> <span class='ocrx_word' id='word_1_478' title='bbox 1428 548 1532 578; x_wconf 87' lang='lat' dir='ltr'><strong>sancti</strong></span> <span class='ocrx_word' id='word_1_479' title='bbox 1567 557 1586 577; x_wconf 90' lang='lat' dir='ltr'><strong>a</strong></span> <span class='ocrx_word' id='word_1_480' title='bbox 1618 544 1820 586; x_wconf 89' lang='lat' dir='ltr'><strong>perfectione</strong></span> <span class='ocrx_word' id='word_1_481' title='bbox 1852 543 1948 585; x_wconf 85' lang='lat' dir='ltr'><strong>legis.</strong></span> <span class='ocrx_word' id='word_1_482' title='bbox 1999 542 2129 573; x_wconf 90' lang='lat' dir='ltr'><strong>Deinde</strong></span> 
     </span>
     <span class='ocr_line' id='line_1_71' title="bbox 1155 587 2128 632; baseline -0.009 -9"><span class='ocrx_word' id='word_1_483' title='bbox 1155 590 1371 632; x_wconf 84' lang='lat' dir='ltr'><strong>Evangelium</strong></span> <span class='ocrx_word' id='word_1_484' title='bbox 1395 591 1588 626; x_wconf 86' lang='lat' dir='ltr'><strong>obscurant,</strong></span> <span class='ocrx_word' id='word_1_485' title='bbox 1619 588 1695 628; x_wconf 89' lang='lat' dir='ltr'><strong>quia</strong></span> <span class='ocrx_word' id='word_1_486' title='bbox 1717 587 1845 627; x_wconf 82' lang='lat' dir='ltr'><strong>fingunt</strong></span> <span class='ocrx_word' id='word_1_487' title='bbox 1866 591 2001 616; x_wconf 90' lang='lat' dir='ltr'><strong>mortem</strong></span> <span class='ocrx_word' id='word_1_488' title='bbox 2024 591 2128 615; x_wconf 87' lang='lat' dir='ltr'><strong>aeter·</strong></span> 
     </span>
     <span class='ocr_line' id='line_1_72' title="bbox 1154 627 2129 672; baseline -0.008 -7"><span class='ocrx_word' id='word_1_489' title='bbox 1154 645 1229 664; x_wconf 89' lang='lat' dir='ltr'><strong>nam</strong></span> <span class='ocrx_word' id='word_1_490' title='bbox 1256 640 1373 664; x_wconf 87' lang='lat' dir='ltr'><strong>nostra</strong></span> <span class='ocrx_word' id='word_1_491' title='bbox 1402 631 1670 672; x_wconf 85' lang='lat' dir='ltr'><strong>compensatione</strong></span> <span class='ocrx_word' id='word_1_492' title='bbox 1699 628 1836 659; x_wconf 82' lang='lat' dir='ltr'><strong>aboleri.</strong></span> <span class='ocrx_word' id='word_1_493' title='bbox 1881 627 1978 665; x_wconf 88' lang='lat' dir='ltr'><strong>Item,</strong></span> <span class='ocrx_word' id='word_1_494' title='bbox 2008 627 2129 658; x_wconf 86' lang='lat' dir='ltr'><strong>indocti</strong></span> 
     </span>
     <span class='ocr_line' id='line_1_73' title="bbox 1154 670 2128 707; baseline -0.007 -1"><span class='ocrx_word' id='word_1_495' title='bbox 1154 675 1252 707; x_wconf 87' lang='lat' dir='ltr'><strong>facile</strong></span> <span class='ocrx_word' id='word_1_496' title='bbox 1282 673 1485 705; x_wconf 90' lang='lat' dir='ltr'><strong>transferunt</strong></span> <span class='ocrx_word' id='word_1_497' title='bbox 1513 675 1545 704; x_wconf 91' lang='lat' dir='ltr'><strong>in</strong></span> <span class='ocrx_word' id='word_1_498' title='bbox 1574 671 1819 703; x_wconf 84' lang='lat' dir='ltr'><strong>satisfactiones</strong></span> <span class='ocrx_word' id='word_1_499' title='bbox 1849 671 1944 700; x_wconf 85' lang='lat' dir='ltr'><strong>etiam</strong></span> <span class='ocrx_word' id='word_1_500' title='bbox 1966 670 2128 700; x_wconf 88' lang='lat' dir='ltr'><strong>remissio-</strong></span> 
     </span>
     <span class='ocr_line' id='line_1_74' title="bbox 1153 711 2128 758; baseline -0.008 -9"><span class='ocrx_word' id='word_1_501' title='bbox 1153 729 1226 749; x_wconf 91' lang='lat' dir='ltr'><strong>nem</strong></span> <span class='ocrx_word' id='word_1_502' title='bbox 1246 717 1373 758; x_wconf 88' lang='lat' dir='ltr'><strong>culpae.</strong></span> <span class='ocrx_word' id='word_1_503' title='bbox 1408 716 1518 747; x_wconf 89' lang='lat' dir='ltr'><strong>Tertio</strong></span> <span class='ocrx_word' id='word_1_504' title='bbox 1537 714 1738 755; x_wconf 85' lang='lat' dir='ltr'><strong>amplificant</strong></span> <span class='ocrx_word' id='word_1_505' title='bbox 1756 713 1947 743; x_wconf 83' lang='lat' dir='ltr'><strong>traditiones</strong></span> <span class='ocrx_word' id='word_1_506' title='bbox 1958 711 2128 748; x_wconf 90' lang='lat' dir='ltr'><strong>humanas,</strong></span> 
     </span>
     <span class='ocr_line' id='line_1_75' title="bbox 1153 754 2127 795; baseline -0.008 -4"><span class='ocrx_word' id='word_1_507' title='bbox 1153 760 1296 791; x_wconf 90' lang='lat' dir='ltr'><strong>fatentur</strong></span> <span class='ocrx_word' id='word_1_508' title='bbox 1319 760 1404 790; x_wconf 88' lang='lat' dir='ltr'><strong>enim</strong></span> <span class='ocrx_word' id='word_1_509' title='bbox 1427 756 1671 789; x_wconf 85' lang='lat' dir='ltr'><strong>satisfactiones</strong></span> <span class='ocrx_word' id='word_1_510' title='bbox 1698 765 1774 786; x_wconf 89' lang='lat' dir='ltr'><strong>esse</strong></span> <span class='ocrx_word' id='word_1_511' title='bbox 1797 765 1897 795; x_wconf 88' lang='lat' dir='ltr'><strong>opera</strong></span> <span class='ocrx_word' id='word_1_512' title='bbox 1919 764 1985 784; x_wconf 88' lang='lat' dir='ltr'><strong>non</strong></span> <span class='ocrx_word' id='word_1_513' title='bbox 2009 754 2127 791; x_wconf 87' lang='lat' dir='ltr'><strong>debita,</strong></span> 
     </span>
     <span class='ocr_line' id='line_1_76' title="bbox 1152 797 2127 840; baseline -0.008 -7"><span class='ocrx_word' id='word_1_514' title='bbox 1152 803 1217 833; x_wconf 89' lang='grc'><strong>1106</strong></span> <span class='ocrx_word' id='word_1_515' title='bbox 1241 809 1302 840; x_wconf 85' lang='lat' dir='ltr'><strong>est,</strong></span> <span class='ocrx_word' id='word_1_516' title='bbox 1325 802 1515 832; x_wconf 85' lang='lat' dir='ltr'><strong>traditiones</strong></span> <span class='ocrx_word' id='word_1_517' title='bbox 1539 799 1700 830; x_wconf 86' lang='lat' dir='ltr'><strong>humanas</strong></span> <span class='ocrx_word' id='word_1_518' title='bbox 1724 803 1887 828; x_wconf 91' lang='lat' dir='ltr'><strong>certorum</strong></span> <span class='ocrx_word' id='word_1_519' title='bbox 1907 797 2030 827; x_wconf 90' lang='lat' dir='ltr'><strong>dierum</strong></span> <span class='ocrx_word' id='word_1_520' title='bbox 2051 797 2127 826; x_wconf 91' lang='lat' dir='ltr'><strong>ieiu-</strong></span> 
     </span>
     <span class='ocr_line' id='line_1_77' title="bbox 1153 841 2126 882; baseline -0.006 -7"><span class='ocrx_word' id='word_1_521' title='bbox 1153 847 1221 882; x_wconf 86' lang='lat' dir='ltr'><strong>nia,</strong></span> <span class='ocrx_word' id='word_1_522' title='bbox 1245 850 1409 875; x_wconf 88' lang='lat' dir='ltr'><strong>certorum</strong></span> <span class='ocrx_word' id='word_1_523' title='bbox 1433 844 1579 874; x_wconf 88' lang='lat' dir='ltr'><strong>ciborum</strong></span> <span class='ocrx_word' id='word_1_524' title='bbox 1601 841 1848 877; x_wconf 83' lang='lat' dir='ltr'><strong>abstinentiam,</strong></span> <span class='ocrx_word' id='word_1_525' title='bbox 1872 845 2033 870; x_wconf 89' lang='lat' dir='ltr'><strong>certarum</strong></span> <span class='ocrx_word' id='word_1_526' title='bbox 2056 848 2126 880; x_wconf 89' lang='lat' dir='ltr'><strong>pre-</strong></span> 
     </span>
     <span class='ocr_line' id='line_1_78' title="bbox 1153 881 2125 918; baseline -0.006 -1"><span class='ocrx_word' id='word_1_527' title='bbox 1153 898 1226 918; x_wconf 87' lang='lat' dir='ltr'><strong>cum</strong></span> <span class='ocrx_word' id='word_1_528' title='bbox 1260 886 1421 917; x_wconf 89' lang='lat' dir='ltr'><strong>lectiones</strong></span> <span class='ocrx_word' id='word_1_529' title='bbox 1457 890 1519 915; x_wconf 91' lang='lat' dir='ltr'><strong>etc.</strong></span> <span class='ocrx_word' id='word_1_530' title='bbox 1576 884 1665 914; x_wconf 85' lang='lat' dir='ltr'><strong>Haec</strong></span> <span class='ocrx_word' id='word_1_531' title='bbox 1701 883 1728 913; x_wconf 90' lang='lat' dir='ltr'><strong>si</strong></span> <span class='ocrx_word' id='word_1_532' title='bbox 1763 888 1838 912; x_wconf 91' lang='lat' dir='ltr'><strong>sunt</strong></span> <span class='ocrx_word' id='word_1_533' title='bbox 1872 881 2125 917; x_wconf 74' lang='lat' dir='ltr'><strong>satisfactiones,</strong></span> 
     </span>
     <span class='ocr_line' id='line_1_79' title="bbox 1153 924 2129 970; baseline -0.007 -10"><span class='ocrx_word' id='word_1_534' title='bbox 1153 939 1273 970; x_wconf 82' lang='lat' dir='ltr'><strong>magna</strong></span> <span class='ocrx_word' id='word_1_535' title='bbox 1295 929 1356 959; x_wconf 92' lang='lat' dir='ltr'><strong>erit</strong></span> <span class='ocrx_word' id='word_1_536' title='bbox 1374 928 1516 968; x_wconf 82' lang='lat' dir='ltr'><strong>dignitas</strong></span> <span class='ocrx_word' id='word_1_537' title='bbox 1536 927 1745 957; x_wconf 85' lang='lat' dir='ltr'><strong>traditionum</strong></span> <span class='ocrx_word' id='word_1_538' title='bbox 1765 930 1797 955; x_wconf 89' lang='lat' dir='ltr'><strong>et</strong></span> <span class='ocrx_word' id='word_1_539' title='bbox 1815 924 1902 955; x_wconf 76' lang='lat' dir='ltr'><strong>vitae</strong></span> <span class='ocrx_word' id='word_1_540' title='bbox 1920 924 2129 954; x_wconf 78' lang='lat' dir='ltr'><strong>monasticae.</strong></span> 
     </span>
     <span class='ocr_line' id='line_1_80' title="bbox 1153 966 2131 1002; baseline -0.006 0"><span class='ocrx_word' id='word_1_541' title='bbox 1153 972 1197 1001; x_wconf 89' lang='lat' dir='ltr'><strong>At</strong></span> <span class='ocrx_word' id='word_1_542' title='bbox 1225 973 1258 1002; x_wconf 91' lang='lat' dir='ltr'><strong>in</strong></span> <span class='ocrx_word' id='word_1_543' title='bbox 1281 969 1435 1001; x_wconf 84' lang='lat' dir='ltr'><strong>Ecclesia</strong></span> <span class='ocrx_word' id='word_1_544' title='bbox 1464 979 1601 999; x_wconf 87' lang='lat' dir='ltr'><strong>necesse</strong></span> <span class='ocrx_word' id='word_1_545' title='bbox 1632 974 1683 998; x_wconf 85' lang='lat' dir='ltr'><strong>est.</strong></span> <span class='ocrx_word' id='word_1_546' title='bbox 1706 973 1818 997; x_wconf 82' lang='lat' dir='ltr'><strong>extare</strong></span> <span class='ocrx_word' id='word_1_547' title='bbox 1840 966 1926 997; x_wconf 84' lang='lat' dir='ltr'><strong>hanc</strong></span> <span class='ocrx_word' id='word_1_548' title='bbox 1950 966 2131 997; x_wconf 89' lang='lat' dir='ltr'><strong>doctrinam</strong></span> 
     </span>
     <span class='ocr_line' id='line_1_81' title="bbox 1154 1008 2130 1050; baseline -0.007 -6"><span class='ocrx_word' id='word_1_549' title='bbox 1154 1013 1276 1044; x_wconf 82' lang='lat' dir='ltr'><strong>Christi</strong></span> <span class='ocrx_word' id='word_1_550' title='bbox 1301 1011 1429 1050; x_wconf 81' lang='lat' dir='ltr'><strong>[Matth.</strong></span> <span class='ocrx_word' id='word_1_551' title='bbox 1445 1012 1495 1049; x_wconf 77' lang='lat'><strong>15,</strong></span> <span class='ocrx_word' id='word_1_552' title='bbox 1514 1011 1576 1048; x_wconf 76' lang='lat'><strong>9.]:</strong></span> <span class='ocrx_word' id='word_1_553' title='bbox 1601 1010 1739 1040; x_wconf 89' lang='lat' dir='ltr'><strong>Frustra</strong></span> <span class='ocrx_word' id='word_1_554' title='bbox 1762 1010 1873 1040; x_wconf 88' lang='lat' dir='ltr'><strong>colunt</strong></span> <span class='ocrx_word' id='word_1_555' title='bbox 1895 1018 1947 1039; x_wconf 91' lang='lat' dir='ltr'><strong>me</strong></span> <span class='ocrx_word' id='word_1_556' title='bbox 1970 1008 2130 1038; x_wconf 87' lang='lat' dir='ltr'><strong>mandatis</strong></span> 
     </span>
     <span class='ocr_line' id='line_1_82' title="bbox 1154 1050 2131 1089; baseline -0.006 -3"><span class='ocrx_word' id='word_1_557' title='bbox 1154 1055 1330 1086; x_wconf 90' lang='lat' dir='ltr'><strong>hominum.</strong></span> <span class='ocrx_word' id='word_1_558' title='bbox 1365 1054 1514 1084; x_wconf 88' lang='lat' dir='ltr'><strong>Necesse</strong></span> <span class='ocrx_word' id='word_1_559' title='bbox 1534 1058 1585 1083; x_wconf 91' lang='lat' dir='ltr'><strong>est</strong></span> <span class='ocrx_word' id='word_1_560' title='bbox 1605 1062 1734 1089; x_wconf 65' lang='lat' dir='ltr'><strong>cavere,</strong></span> <span class='ocrx_word' id='word_1_561' title='bbox 1758 1061 1800 1082; x_wconf 94' lang='lat' dir='ltr'><strong>ne</strong></span> <span class='ocrx_word' id='word_1_562' title='bbox 1819 1050 1970 1081; x_wconf 89' lang='lat' dir='ltr'><strong>laudibus</strong></span> <span class='ocrx_word' id='word_1_563' title='bbox 1989 1050 2131 1081; x_wconf 85' lang='lat' dir='ltr'><strong>traditio-</strong></span> 
     </span>
     <span class='ocr_line' id='line_1_83' title="bbox 1154 1096 1781 1134; baseline -0.005 -7"><span class='ocrx_word' id='word_1_564' title='bbox 1154 1108 1231 1128; x_wconf 90' lang='lat' dir='ltr'><strong>num</strong></span> <span class='ocrx_word' id='word_1_565' title='bbox 1254 1098 1435 1127; x_wconf 86' lang='lat' dir='ltr'><strong>obruantur</strong></span> <span class='ocrx_word' id='word_1_566' title='bbox 1457 1105 1536 1126; x_wconf 76' lang='lat' dir='ltr'><strong>vere</strong></span> <span class='ocrx_word' id='word_1_567' title='bbox 1559 1096 1647 1125; x_wconf 86' lang='lat' dir='ltr'><strong>bona</strong></span> <span class='ocrx_word' id='word_1_568' title='bbox 1671 1104 1781 1134; x_wconf 87' lang='lat' dir='ltr'><strong>opera.</strong></span> 
     </span>
    </p>

    <p class='ocr_par' dir='ltr' id='par_1_16' title="bbox 1151 1135 2131 1687">
     <span class='ocr_line' id='line_1_84' title="bbox 1240 1135 2131 1177; baseline -0.002 -8"><span class='ocrx_word' id='word_1_569' title='bbox 1240 1139 1290 1169; x_wconf 82' lang='lat' dir='ltr'><strong>Ex</strong></span> <span class='ocrx_word' id='word_1_570' title='bbox 1312 1138 1363 1168; x_wconf 89' lang='lat' dir='ltr'><strong>his</strong></span> <span class='ocrx_word' id='word_1_571' title='bbox 1388 1138 1537 1168; x_wconf 84' lang='lat' dir='ltr'><strong>omnibus</strong></span> <span class='ocrx_word' id='word_1_572' title='bbox 1562 1137 1644 1167; x_wconf 90' lang='lat' dir='ltr'><strong>satis</strong></span> <span class='ocrx_word' id='word_1_573' title='bbox 1668 1135 1780 1177; x_wconf 91' lang='lat' dir='ltr'><strong>liquet,</strong></span> <span class='ocrx_word' id='word_1_574' title='bbox 1804 1146 1870 1167; x_wconf 94' lang='lat' dir='ltr'><strong>non</strong></span> <span class='ocrx_word' id='word_1_575' title='bbox 1894 1147 1972 1168; x_wconf 85' lang='lat' dir='ltr'><strong>esse</strong></span> <span class='ocrx_word' id='word_1_576' title='bbox 1995 1147 2131 1167; x_wconf 88' lang='lat' dir='ltr'><strong>oneran-</strong></span> 
     </span>
     <span class='ocr_line' id='line_1_85' title="bbox 1154 1177 2131 1212; baseline -0.002 -1"><span class='ocrx_word' id='word_1_577' title='bbox 1154 1182 1214 1212; x_wconf 89' lang='lat' dir='ltr'><strong>das</strong></span> <span class='ocrx_word' id='word_1_578' title='bbox 1240 1181 1461 1212; x_wconf 68' lang='lat' dir='ltr'><strong>conscientias·</strong></span> <span class='ocrx_word' id='word_1_579' title='bbox 1485 1178 1768 1210; x_wconf 89' lang='lat' dir='ltr'><strong>satisfactionibus</strong></span> <span class='ocrx_word' id='word_1_580' title='bbox 1792 1177 1854 1209; x_wconf 89' lang='lat' dir='ltr'><strong>illis</strong></span> <span class='ocrx_word' id='word_1_581' title='bbox 1879 1180 2017 1210; x_wconf 89' lang='lat' dir='ltr'><strong>usitatis.</strong></span> <span class='ocrx_word' id='word_1_582' title='bbox 2062 1178 2131 1209; x_wconf 91' lang='lat' dir='ltr'><strong>Pri-</strong></span> 
     </span>
     <span class='ocr_line' id='line_1_86' title="bbox 1154 1221 2131 1262; baseline -0.002 -9"><span class='ocrx_word' id='word_1_583' title='bbox 1154 1234 1239 1253; x_wconf 90' lang='lat' dir='ltr'><strong>mum</strong></span> <span class='ocrx_word' id='word_1_584' title='bbox 1263 1224 1348 1253; x_wconf 90' lang='lat' dir='ltr'><strong>enim</strong></span> <span class='ocrx_word' id='word_1_585' title='bbox 1367 1222 1479 1253; x_wconf 82' lang='lat' dir='ltr'><strong>claves</strong></span> <span class='ocrx_word' id='word_1_586' title='bbox 1498 1221 1621 1252; x_wconf 90' lang='lat' dir='ltr'><strong>habent</strong></span> <span class='ocrx_word' id='word_1_587' title='bbox 1640 1221 1825 1251; x_wconf 84' lang='lat' dir='ltr'><strong>mandatum</strong></span> <span class='ocrx_word' id='word_1_588' title='bbox 1844 1221 2027 1251; x_wconf 84' lang='lat' dir='ltr'><strong>remittendi</strong></span> <span class='ocrx_word' id='word_1_589' title='bbox 2056 1231 2131 1262; x_wconf 88' lang='lat' dir='ltr'><strong>pec-</strong></span> 
     </span>
     <span class='ocr_line' id='line_1_87' title="bbox 1155 1264 2129 1305; baseline 0 -10"><span class='ocrx_word' id='word_1_590' title='bbox 1155 1272 1240 1303; x_wconf 88' lang='lat' dir='ltr'><strong>cata,</strong></span> <span class='ocrx_word' id='word_1_591' title='bbox 1264 1271 1294 1295; x_wconf 90' lang='lat' dir='ltr'><strong>et</strong></span> <span class='ocrx_word' id='word_1_592' title='bbox 1319 1265 1440 1295; x_wconf 87' lang='lat' dir='ltr'><strong>docent</strong></span> <span class='ocrx_word' id='word_1_593' title='bbox 1463 1265 1502 1294; x_wconf 92' lang='lat' dir='ltr'><strong>de</strong></span> <span class='ocrx_word' id='word_1_594' title='bbox 1527 1264 1668 1305; x_wconf 82' lang='lat' dir='ltr'><strong>gratuita</strong></span> <span class='ocrx_word' id='word_1_595' title='bbox 1690 1264 1885 1294; x_wconf 89' lang='lat' dir='ltr'><strong>remissione</strong></span> <span class='ocrx_word' id='word_1_596' title='bbox 1908 1270 2129 1304; x_wconf 79' lang='lat' dir='ltr'><strong>peccatorum,</strong></span> 
     </span>
     <span class='ocr_line' id='line_1_88' title="bbox 1154 1306 2128 1346; baseline -0.003 -9"><span class='ocrx_word' id='word_1_597' title='bbox 1154 1318 1218 1338; x_wconf 91' lang='lat' dir='ltr'><strong>non</strong></span> <span class='ocrx_word' id='word_1_598' title='bbox 1241 1307 1364 1337; x_wconf 88' lang='lat' dir='ltr'><strong>habent</strong></span> <span class='ocrx_word' id='word_1_599' title='bbox 1386 1307 1573 1337; x_wconf 87' lang='lat' dir='ltr'><strong>mandatum</strong></span> <span class='ocrx_word' id='word_1_600' title='bbox 1592 1306 1778 1346; x_wconf 86' lang='lat' dir='ltr'><strong>imponendi</strong></span> <span class='ocrx_word' id='word_1_601' title='bbox 1797 1316 1944 1346; x_wconf 87' lang='lat' dir='ltr'><strong>poenam.</strong></span> <span class='ocrx_word' id='word_1_602' title='bbox 1976 1306 2128 1337; x_wconf 82' lang='lat' dir='ltr'><strong>Secundo</strong></span> 
     </span>
     <span class='ocr_line' id='line_1_89' title="bbox 1153 1347 2129 1386; baseline -0.001 -6"><span class='ocrx_word' id='word_1_603' title='bbox 1153 1349 1271 1381; x_wconf 86' lang='lat' dir='ltr'><strong>salsum</strong></span> <span class='ocrx_word' id='word_1_604' title='bbox 1299 1356 1367 1386; x_wconf 79' lang='lat' dir='ltr'><strong>est,</strong></span> <span class='ocrx_word' id='word_1_605' title='bbox 1395 1356 1531 1379; x_wconf 88' lang='lat' dir='ltr'><strong>mortem</strong></span> <span class='ocrx_word' id='word_1_606' title='bbox 1560 1354 1727 1378; x_wconf 84' lang='lat' dir='ltr'><strong>aeternam</strong></span> <span class='ocrx_word' id='word_1_607' title='bbox 1757 1347 1881 1379; x_wconf 90' lang='lat' dir='ltr'><strong>aboleri</strong></span> <span class='ocrx_word' id='word_1_608' title='bbox 1904 1354 2018 1379; x_wconf 87' lang='lat' dir='ltr'><strong>nostra</strong></span> <span class='ocrx_word' id='word_1_609' title='bbox 2043 1359 2129 1379; x_wconf 91' lang='lat' dir='ltr'><strong>com-</strong></span> 
     </span>
     <span class='ocr_line' id='line_1_90' title="bbox 1152 1389 2127 1433; baseline -0.002 -10"><span class='ocrx_word' id='word_1_610' title='bbox 1152 1393 1356 1433; x_wconf 76' lang='lat' dir='ltr'><strong>pensatione.</strong></span> <span class='ocrx_word' id='word_1_611' title='bbox 1389 1391 1512 1429; x_wconf 92' lang='lat' dir='ltr'><strong>Tertio,</strong></span> <span class='ocrx_word' id='word_1_612' title='bbox 1537 1391 1644 1430; x_wconf 87' lang='lat' dir='ltr'><strong>opinio</strong></span> <span class='ocrx_word' id='word_1_613' title='bbox 1664 1391 1704 1420; x_wconf 90' lang='lat' dir='ltr'><strong>de</strong></span> <span class='ocrx_word' id='word_1_614' title='bbox 1723 1389 2003 1421; x_wconf 87' lang='lat' dir='ltr'><strong>satisfactionibus</strong></span> <span class='ocrx_word' id='word_1_615' title='bbox 2022 1389 2127 1432; x_wconf 83' lang='lat' dir='ltr'><strong>legem</strong></span> 
     </span>
     <span class='ocr_line' id='line_1_91' title="bbox 1154 1431 2129 1475; baseline -0.001 -10"><span class='ocrx_word' id='word_1_616' title='bbox 1154 1441 1186 1465; x_wconf 87' lang='lat' dir='ltr'><strong>et</strong></span> <span class='ocrx_word' id='word_1_617' title='bbox 1208 1433 1423 1475; x_wconf 84' lang='lat' dir='ltr'><strong>Evangelium</strong></span> <span class='ocrx_word' id='word_1_618' title='bbox 1453 1435 1628 1470; x_wconf 87' lang='lat' dir='ltr'><strong>obscurat,</strong></span> <span class='ocrx_word' id='word_1_619' title='bbox 1659 1439 1690 1463; x_wconf 90' lang='lat' dir='ltr'><strong>et</strong></span> <span class='ocrx_word' id='word_1_620' title='bbox 1717 1431 1803 1463; x_wconf 88' lang='lat' dir='ltr'><strong>falso</strong></span> <span class='ocrx_word' id='word_1_621' title='bbox 1832 1431 2009 1472; x_wconf 87' lang='lat' dir='ltr'><strong>amplificat</strong></span> <span class='ocrx_word' id='word_1_622' title='bbox 2032 1434 2129 1464; x_wconf 86' lang='lat' dir='ltr'><strong>tradi-</strong></span> 
     </span>
     <span class='ocr_line' id='line_1_92' title="bbox 1152 1475 2126 1508; baseline -0.002 -1"><span class='ocrx_word' id='word_1_623' title='bbox 1152 1478 1259 1508; x_wconf 85' lang='lat' dir='ltr'><strong>tiones</strong></span> <span class='ocrx_word' id='word_1_624' title='bbox 1293 1476 1465 1506; x_wconf 86' lang='lat' dir='ltr'><strong>humanas.</strong></span> <span class='ocrx_word' id='word_1_625' title='bbox 1520 1475 1562 1505; x_wconf 81' lang='lat' dir='ltr'><strong>Et</strong></span> <span class='ocrx_word' id='word_1_626' title='bbox 1595 1481 1703 1505; x_wconf 89' lang='lat' dir='ltr'><strong>tamen</strong></span> <span class='ocrx_word' id='word_1_627' title='bbox 1737 1475 1941 1505; x_wconf 90' lang='lat' dir='ltr'><strong>sentiendum</strong></span> <span class='ocrx_word' id='word_1_628' title='bbox 1975 1481 2024 1505; x_wconf 89' lang='lat' dir='ltr'><strong>est</strong></span> <span class='ocrx_word' id='word_1_629' title='bbox 2057 1481 2126 1505; x_wconf 86' lang='lat' dir='ltr'><strong>tota</strong></span> 
     </span>
     <span class='ocr_line' id='line_1_93' title="bbox 1152 1518 2126 1559; baseline -0.003 -9"><span class='ocrx_word' id='word_1_630' title='bbox 1152 1526 1267 1550; x_wconf 87' lang='lat' dir='ltr'><strong>nostra</strong></span> <span class='ocrx_word' id='word_1_631' title='bbox 1290 1518 1489 1559; x_wconf 88' lang='lat' dir='ltr'><strong>poenitentia</strong></span> <span class='ocrx_word' id='word_1_632' title='bbox 1508 1528 1547 1548; x_wconf 88' lang='lat' dir='ltr'><strong>ac</strong></span> <span class='ocrx_word' id='word_1_633' title='bbox 1568 1518 1686 1548; x_wconf 87' lang='lat' dir='ltr'><strong>debitis</strong></span> <span class='ocrx_word' id='word_1_634' title='bbox 1711 1519 1865 1557; x_wconf 88' lang='lat' dir='ltr'><strong>operibus</strong></span> <span class='ocrx_word' id='word_1_635' title='bbox 1888 1518 2028 1559; x_wconf 82' lang='lat' dir='ltr'><strong>mitigari</strong></span> <span class='ocrx_word' id='word_1_636' title='bbox 2049 1527 2126 1558; x_wconf 92' lang='lat' dir='ltr'><strong>poe-</strong></span> 
     </span>
     <span class='ocr_line' id='line_1_94' title="bbox 1152 1559 2126 1601; baseline -0.002 -9"><span class='ocrx_word' id='word_1_637' title='bbox 1152 1572 1212 1592; x_wconf 88' lang='lat' dir='ltr'><strong>nas</strong></span> <span class='ocrx_word' id='word_1_638' title='bbox 1237 1560 1446 1601; x_wconf 86' lang='lat' dir='ltr'><strong>temporales.</strong></span> <span class='ocrx_word' id='word_1_639' title='bbox 1483 1559 1572 1601; x_wconf 80' lang='lat' dir='ltr'><strong>Ergo</strong></span> <span class='ocrx_word' id='word_1_640' title='bbox 1597 1561 1782 1601; x_wconf 79' lang='lat' dir='ltr'><strong>augendum</strong></span> <span class='ocrx_word' id='word_1_641' title='bbox 1806 1566 1856 1590; x_wconf 80' lang='lat' dir='ltr'><strong>est</strong></span> <span class='ocrx_word' id='word_1_642' title='bbox 1879 1560 2019 1590; x_wconf 85' lang='lat' dir='ltr'><strong>studium</strong></span> <span class='ocrx_word' id='word_1_643' title='bbox 2043 1561 2126 1590; x_wconf 89' lang='lat' dir='ltr'><strong>bene</strong></span> 
     </span>
     <span class='ocr_line' id='line_1_95' title="bbox 1152 1600 2127 1644; baseline -0.003 -10"><span class='ocrx_word' id='word_1_644' title='bbox 1152 1603 1309 1644; x_wconf 90' lang='lat' dir='ltr'><strong>operandi</strong></span> <span class='ocrx_word' id='word_1_645' title='bbox 1337 1604 1433 1633; x_wconf 87' lang='lat' dir='ltr'><strong>etiam</strong></span> <span class='ocrx_word' id='word_1_646' title='bbox 1461 1602 1524 1633; x_wconf 88' lang='lat' dir='ltr'><strong>hac</strong></span> <span class='ocrx_word' id='word_1_647' title='bbox 1553 1601 1796 1633; x_wconf 89' lang='lat' dir='ltr'><strong>adhortatione:</strong></span> <span class='ocrx_word' id='word_1_648' title='bbox 1831 1603 1906 1643; x_wconf 77' lang='lat' dir='ltr'><strong>quia.</strong></span> <span class='ocrx_word' id='word_1_649' title='bbox 1928 1600 2127 1633; x_wconf 85' lang='lat' dir='ltr'><strong>calamitates</strong></span> 
     </span>
     <span class='ocr_line' id='line_1_96' title="bbox 1151 1645 1710 1687; baseline -0.005 -10"><span class='ocrx_word' id='word_1_650' title='bbox 1151 1647 1338 1687; x_wconf 86' lang='lat' dir='ltr'><strong>mitigentur</strong></span> <span class='ocrx_word' id='word_1_651' title='bbox 1362 1651 1475 1675; x_wconf 89' lang='lat' dir='ltr'><strong>nostra</strong></span> <span class='ocrx_word' id='word_1_652' title='bbox 1498 1645 1710 1685; x_wconf 89' lang='lat' dir='ltr'><strong>poenitentia.</strong></span> 
     </span>
    </p>

    <p class='ocr_par' dir='ltr' id='par_1_17' title="bbox 1144 1685 2127 2569">
     <span class='ocr_line' id='line_1_97' title="bbox 1238 1685 2127 1728; baseline -0.002 -10"><span class='ocrx_word' id='word_1_653' title='bbox 1238 1688 1272 1718; x_wconf 86' lang='lat' dir='ltr'><strong>Si</strong></span> <span class='ocrx_word' id='word_1_654' title='bbox 1303 1688 1375 1728; x_wconf 85' lang='lat' dir='ltr'><strong>quis</strong></span> <span class='ocrx_word' id='word_1_655' title='bbox 1400 1692 1552 1727; x_wconf 86' lang='lat' dir='ltr'><strong>quaerat:</strong></span> <span class='ocrx_word' id='word_1_656' title='bbox 1582 1687 1635 1716; x_wconf 84' lang='lat' dir='ltr'><strong>An</strong></span> <span class='ocrx_word' id='word_1_657' title='bbox 1661 1697 1726 1716; x_wconf 89' lang='lat' dir='ltr'><strong>ncn</strong></span> <span class='ocrx_word' id='word_1_658' title='bbox 1757 1693 1806 1717; x_wconf 74' lang='lat' dir='ltr'><strong>est</strong></span> <span class='ocrx_word' id='word_1_659' title='bbox 1832 1685 2029 1726; x_wconf 72' lang='lat' dir='ltr'><strong>postulanda</strong></span> <span class='ocrx_word' id='word_1_660' title='bbox 2059 1685 2127 1716; x_wconf 88' lang='lat' dir='ltr'><strong>dili-</strong></span> 
     </span>
     <span class='ocr_line' id='line_1_98' title="bbox 1151 1728 2127 1771; baseline -0.001 -11"><span class='ocrx_word' id='word_1_661' title='bbox 1151 1731 1263 1771; x_wconf 82' lang='lat' dir='ltr'><strong>gentia</strong></span> <span class='ocrx_word' id='word_1_662' title='bbox 1293 1729 1492 1760; x_wconf 88' lang='lat' dir='ltr'><strong>cohercendi</strong></span> <span class='ocrx_word' id='word_1_663' title='bbox 1522 1739 1654 1759; x_wconf 84' lang='lat' dir='ltr'><strong>carnem</strong></span> <span class='ocrx_word' id='word_1_664' title='bbox 1685 1735 1716 1759; x_wconf 87' lang='lat' dir='ltr'><strong>et</strong></span> <span class='ocrx_word' id='word_1_665' title='bbox 1744 1730 1861 1759; x_wconf 81' lang='lat' dir='ltr'><strong>ieiunia</strong></span> <span class='ocrx_word' id='word_1_666' title='bbox 1892 1735 1922 1759; x_wconf 81' lang='lat' dir='ltr'><strong>et</strong></span> <span class='ocrx_word' id='word_1_667' title='bbox 1950 1728 2012 1760; x_wconf 77' lang='lat' dir='ltr'><strong>alia</strong></span> <span class='ocrx_word' id='word_1_668' title='bbox 2036 1739 2127 1760; x_wconf 71' lang='lat' dir='ltr'><strong>exer-</strong></span> 
     </span>
     <span class='ocr_line' id='line_1_99' title="bbox 1151 1771 2126 1814; baseline 0.001 -11"><span class='ocrx_word' id='word_1_669' title='bbox 1151 1774 1248 1803; x_wconf 65' lang='lat' dir='ltr'><strong>uitia?</strong></span> <span class='ocrx_word' id='word_1_670' title='bbox 1289 1772 1491 1812; x_wconf 88' lang='lat' dir='ltr'><strong>respondeo:</strong></span> <span class='ocrx_word' id='word_1_671' title='bbox 1515 1771 1606 1801; x_wconf 82' lang='lat' dir='ltr'><strong>Haec</strong></span> <span class='ocrx_word' id='word_1_672' title='bbox 1629 1771 1782 1802; x_wconf 66' lang='lat' dir='ltr'><strong>exercitia</strong></span> <span class='ocrx_word' id='word_1_673' title='bbox 1805 1772 1943 1803; x_wconf 73' lang='lat' dir='ltr'><strong>maxime</strong></span> <span class='ocrx_word' id='word_1_674' title='bbox 1966 1778 1997 1804; x_wconf 91' lang='lat' dir='ltr'><strong>et</strong></span> <span class='ocrx_word' id='word_1_675' title='bbox 2020 1774 2126 1814; x_wconf 88' lang='lat' dir='ltr'><strong>requi-</strong></span> 
     </span>
     <span class='ocr_line' id='line_1_100' title="bbox 1149 1813 2125 1854; baseline 0.001 -9"><span class='ocrx_word' id='word_1_676' title='bbox 1149 1815 1253 1845; x_wconf 80' lang='lat' dir='ltr'><strong>renda</strong></span> <span class='ocrx_word' id='word_1_677' title='bbox 1284 1820 1316 1844; x_wconf 89' lang='lat' dir='ltr'><strong>ct</strong></span> <span class='ocrx_word' id='word_1_678' title='bbox 1338 1813 1538 1854; x_wconf 84' lang='lat' dir='ltr'><strong>praestanda</strong></span> <span class='ocrx_word' id='word_1_679' title='bbox 1561 1820 1655 1849; x_wconf 79' lang='lat' dir='ltr'><strong>sunt3</strong></span> <span class='ocrx_word' id='word_1_680' title='bbox 1683 1815 1780 1854; x_wconf 90' lang='lat' dir='ltr'><strong>idque</strong></span> <span class='ocrx_word' id='word_1_681' title='bbox 1803 1815 1867 1845; x_wconf 90' lang='lat' dir='ltr'><strong>hoc</strong></span> <span class='ocrx_word' id='word_1_682' title='bbox 1891 1815 1973 1851; x_wconf 80' lang='lat' dir='ltr'><strong>fine,</strong></span> <span class='ocrx_word' id='word_1_683' title='bbox 2003 1826 2068 1846; x_wconf 92' lang='lat' dir='ltr'><strong>non</strong></span> <span class='ocrx_word' id='word_1_684' title='bbox 2092 1823 2125 1846; x_wconf 87' lang='lat' dir='ltr'><strong>ut</strong></span> 
     </span>
     <span class='ocr_line' id='line_1_101' title="bbox 1150 1855 2124 1897; baseline 0.003 -12"><span class='ocrx_word' id='word_1_685' title='bbox 1150 1857 1215 1886; x_wconf 77' lang='lat' dir='ltr'><strong>sint</strong></span> <span class='ocrx_word' id='word_1_686' title='bbox 1238 1857 1341 1897; x_wconf 79' lang='lat' dir='ltr'><strong>pretia</strong></span> <span class='ocrx_word' id='word_1_687' title='bbox 1364 1866 1424 1896; x_wconf 93' lang='lat' dir='ltr'><strong>pro</strong></span> <span class='ocrx_word' id='word_1_688' title='bbox 1452 1857 1637 1896; x_wconf 86' lang='lat' dir='ltr'><strong>praeteritis</strong></span> <span class='ocrx_word' id='word_1_689' title='bbox 1661 1855 1805 1895; x_wconf 76' lang='lat' dir='ltr'><strong>delictis,</strong></span> <span class='ocrx_word' id='word_1_690' title='bbox 1839 1858 1898 1887; x_wconf 88' lang='lat' dir='ltr'><strong>sed</strong></span> <span class='ocrx_word' id='word_1_691' title='bbox 1927 1864 1961 1888; x_wconf 90' lang='lat' dir='ltr'><strong>ut</strong></span> <span class='ocrx_word' id='word_1_692' title='bbox 1993 1868 2124 1888; x_wconf 86' lang='lat' dir='ltr'><strong>carnem</strong></span> 
     </span>
     <span class='ocr_line' id='line_1_102' title="bbox 1150 1899 2125 1940; baseline 0.001 -11"><span class='ocrx_word' id='word_1_693' title='bbox 1150 1899 1367 1935; x_wconf 85' lang='lat' dir='ltr'><strong>coherceant,</strong></span> <span class='ocrx_word' id='word_1_694' title='bbox 1397 1904 1433 1929; x_wconf 92' lang='lat' dir='ltr'><strong>ut</strong></span> <span class='ocrx_word' id='word_1_695' title='bbox 1461 1899 1491 1927; x_wconf 89' lang='lat' dir='ltr'><strong>in</strong></span> <span class='ocrx_word' id='word_1_696' title='bbox 1522 1904 1691 1938; x_wconf 87' lang='lat' dir='ltr'><strong>posterum</strong></span> <span class='ocrx_word' id='word_1_697' title='bbox 1714 1900 1821 1929; x_wconf 84' lang='lat' dir='ltr'><strong>minus</strong></span> <span class='ocrx_word' id='word_1_698' title='bbox 1843 1906 1970 1939; x_wconf 87' lang='lat' dir='ltr'><strong>peccet.</strong></span> <span class='ocrx_word' id='word_1_699' title='bbox 2016 1899 2125 1940; x_wconf 87' lang='lat' dir='ltr'><strong>Atque</strong></span> 
     </span>
     <span class='ocr_line' id='line_1_103' title="bbox 1149 1939 2124 1981; baseline 0.001 -10"><span class='ocrx_word' id='word_1_700' title='bbox 1149 1941 1231 1972; x_wconf 89' lang='lat' dir='ltr'><strong>haec</strong></span> <span class='ocrx_word' id='word_1_701' title='bbox 1251 1940 1418 1981; x_wconf 84' lang='lat' dir='ltr'><strong>diligentia</strong></span> <span class='ocrx_word' id='word_1_702' title='bbox 1437 1939 1635 1971; x_wconf 89' lang='lat' dir='ltr'><strong>cohercendi</strong></span> <span class='ocrx_word' id='word_1_703' title='bbox 1654 1950 1785 1971; x_wconf 90' lang='lat' dir='ltr'><strong>carnem</strong></span> <span class='ocrx_word' id='word_1_704' title='bbox 1805 1948 1855 1972; x_wconf 90' lang='lat' dir='ltr'><strong>est</strong></span> <span class='ocrx_word' id='word_1_705' title='bbox 1878 1952 1961 1981; x_wconf 85' lang='lat' dir='ltr'><strong>opus</strong></span> <span class='ocrx_word' id='word_1_706' title='bbox 1981 1942 2124 1973; x_wconf 86' lang='lat' dir='ltr'><strong>debitum</strong></span> 
     </span>
     <span class='ocr_line' id='line_1_104' title="bbox 1150 1982 2122 2023; baseline 0.001 -10"><span class='ocrx_word' id='word_1_707' title='bbox 1150 1990 1182 2013; x_wconf 91' lang='lat' dir='ltr'><strong>et</strong></span> <span class='ocrx_word' id='word_1_708' title='bbox 1215 1984 1402 2013; x_wconf 87' lang='lat' dir='ltr'><strong>mandatum</strong></span> <span class='ocrx_word' id='word_1_709' title='bbox 1436 1993 1456 2013; x_wconf 85' lang='lat' dir='ltr'><strong>a</strong></span> <span class='ocrx_word' id='word_1_710' title='bbox 1484 1982 1576 2020; x_wconf 90' lang='lat' dir='ltr'><strong>Deo,</strong></span> <span class='ocrx_word' id='word_1_711' title='bbox 1609 1992 1675 2012; x_wconf 91' lang='lat' dir='ltr'><strong>non</strong></span> <span class='ocrx_word' id='word_1_712' title='bbox 1709 1993 1791 2023; x_wconf 87' lang='lat' dir='ltr'><strong>opus</strong></span> <span class='ocrx_word' id='word_1_713' title='bbox 1828 1984 2015 2013; x_wconf 89' lang='lat' dir='ltr'><strong>indebitum.</strong></span> <span class='ocrx_word' id='word_1_714' title='bbox 2062 1983 2122 2018; x_wconf 85' lang='lat' dir='ltr'><strong>Qui</strong></span> 
     </span>
     <span class='ocr_line' id='line_1_105' title="bbox 1148 2024 2124 2066; baseline 0 -10"><span class='ocrx_word' id='word_1_715' title='bbox 1148 2026 1279 2056; x_wconf 88' lang='lat' dir='ltr'><strong>nimium</strong></span> <span class='ocrx_word' id='word_1_716' title='bbox 1309 2024 1477 2066; x_wconf 84' lang='lat' dir='ltr'><strong>indulgent</strong></span> <span class='ocrx_word' id='word_1_717' title='bbox 1501 2025 1607 2062; x_wconf 85' lang='lat' dir='ltr'><strong>carni,</strong></span> <span class='ocrx_word' id='word_1_718' title='bbox 1638 2026 1692 2065; x_wconf 90' lang='lat' dir='ltr'><strong>qui</strong></span> <span class='ocrx_word' id='word_1_719' title='bbox 1715 2035 1780 2055; x_wconf 91' lang='lat' dir='ltr'><strong>non</strong></span> <span class='ocrx_word' id='word_1_720' title='bbox 1804 2025 1924 2055; x_wconf 90' lang='lat' dir='ltr'><strong>habent</strong></span> <span class='ocrx_word' id='word_1_721' title='bbox 1947 2026 2124 2056; x_wconf 86' lang='lat' dir='ltr'><strong>mediocria</strong></span> 
     </span>
     <span class='ocr_line' id='line_1_106' title="bbox 1150 2067 2122 2108; baseline 0 -10"><span class='ocrx_word' id='word_1_722' title='bbox 1150 2068 1307 2099; x_wconf 82' lang='lat' dir='ltr'><strong>exercitia</strong></span> <span class='ocrx_word' id='word_1_723' title='bbox 1339 2067 1591 2108; x_wconf 87' lang='lat' dir='ltr'><strong>temperantiae,</strong></span> <span class='ocrx_word' id='word_1_724' title='bbox 1633 2067 1850 2097; x_wconf 88' lang='lat' dir='ltr'><strong>continentiae</strong></span> <span class='ocrx_word' id='word_1_725' title='bbox 1887 2073 1918 2097; x_wconf 88' lang='lat' dir='ltr'><strong>et</strong></span> <span class='ocrx_word' id='word_1_726' title='bbox 1953 2068 2122 2105; x_wconf 77' lang='lat' dir='ltr'><strong>orationis.</strong></span> 
     </span>
     <span class='ocr_line' id='line_1_107' title="bbox 1149 2108 2120 2150; baseline 0 -10"><span class='ocrx_word' id='word_1_727' title='bbox 1149 2120 1287 2150; x_wconf 87' lang='lat' dir='ltr'><strong>prorsus</strong></span> <span class='ocrx_word' id='word_1_728' title='bbox 1300 2116 1450 2149; x_wconf 85' lang='lat' dir='ltr'><strong>peccant.</strong></span> <span class='ocrx_word' id='word_1_729' title='bbox 1485 2108 1569 2144; x_wconf 86' lang='lat' dir='ltr'><strong>Quia</strong></span> <span class='ocrx_word' id='word_1_730' title='bbox 1581 2108 1733 2139; x_wconf 88' lang='lat' dir='ltr'><strong>Christus</strong></span> <span class='ocrx_word' id='word_1_731' title='bbox 1748 2110 1849 2149; x_wconf 88' lang='lat' dir='ltr'><strong>inquit</strong></span> <span class='ocrx_word' id='word_1_732' title='bbox 1867 2109 1960 2146; x_wconf 86' lang='lat' dir='ltr'><strong>[Luc.</strong></span> <span class='ocrx_word' id='word_1_733' title='bbox 1974 2110 2027 2147; x_wconf 74' lang='lat'><strong>21,</strong></span> <span class='ocrx_word' id='word_1_734' title='bbox 2039 2109 2120 2148; x_wconf 81' lang='lat'><strong>34.]:</strong></span> 
     </span>
     <span class='ocr_line' id='line_1_108' title="bbox 1148 2151 2121 2192; baseline 0 -10"><span class='ocrx_word' id='word_1_735' title='bbox 1148 2153 1327 2189; x_wconf 84' lang='lat' dir='ltr'><strong>Attendite,</strong></span> <span class='ocrx_word' id='word_1_736' title='bbox 1350 2162 1392 2181; x_wconf 90' lang='grc'><strong>116</strong></span> <span class='ocrx_word' id='word_1_737' title='bbox 1415 2151 1516 2182; x_wconf 90' lang='lat' dir='ltr'><strong>corda</strong></span> <span class='ocrx_word' id='word_1_738' title='bbox 1538 2158 1651 2181; x_wconf 79' lang='lat' dir='ltr'><strong>vestra</strong></span> <span class='ocrx_word' id='word_1_739' title='bbox 1671 2158 1848 2192; x_wconf 84' lang='lat' dir='ltr'><strong>graventur</strong></span> <span class='ocrx_word' id='word_1_740' title='bbox 1868 2151 2012 2190; x_wconf 88' lang='lat' dir='ltr'><strong>crapula.</strong></span> <span class='ocrx_word' id='word_1_741' title='bbox 2043 2152 2121 2182; x_wconf 86' lang='lat' dir='ltr'><strong>Item</strong></span> 
     </span>
     <span class='ocr_line' id='line_1_109' title="bbox 1149 2193 2120 2234; baseline -0.001 -9"><span class='ocrx_word' id='word_1_742' title='bbox 1149 2195 1265 2232; x_wconf 84' lang='lat' dir='ltr'><strong>[Marc.</strong></span> <span class='ocrx_word' id='word_1_743' title='bbox 1289 2193 1320 2231; x_wconf 87' lang='lat'><strong>9,</strong></span> <span class='ocrx_word' id='word_1_744' title='bbox 1344 2193 1427 2231; x_wconf 52' lang='lat'><strong>284:</strong></span> <span class='ocrx_word' id='word_1_745' title='bbox 1455 2193 1526 2223; x_wconf 89' lang='lat' dir='ltr'><strong>Hoc</strong></span> <span class='ocrx_word' id='word_1_746' title='bbox 1554 2203 1657 2234; x_wconf 77' lang='lat' dir='ltr'><strong>genus</strong></span> <span class='ocrx_word' id='word_1_747' title='bbox 1682 2194 1924 2223; x_wconf 86' lang='lat' dir='ltr'><strong>daemoniorum</strong></span> <span class='ocrx_word' id='word_1_748' title='bbox 1947 2203 2013 2223; x_wconf 93' lang='lat' dir='ltr'><strong>non</strong></span> <span class='ocrx_word' id='word_1_749' title='bbox 2037 2195 2120 2224; x_wconf 88' lang='lat' dir='ltr'><strong>eiici-</strong></span> 
     </span>
     <span class='ocr_line' id='line_1_110' title="bbox 1147 2234 2120 2274; baseline -0.001 -7"><span class='ocrx_word' id='word_1_750' title='bbox 1147 2243 1209 2273; x_wconf 82' lang='lat' dir='ltr'><strong>tur,</strong></span> <span class='ocrx_word' id='word_1_751' title='bbox 1233 2237 1293 2266; x_wconf 88' lang='lat' dir='ltr'><strong>nisi</strong></span> <span class='ocrx_word' id='word_1_752' title='bbox 1318 2237 1436 2267; x_wconf 91' lang='lat' dir='ltr'><strong>ieiunio</strong></span> <span class='ocrx_word' id='word_1_753' title='bbox 1460 2240 1492 2266; x_wconf 91' lang='lat' dir='ltr'><strong>et</strong></span> <span class='ocrx_word' id='word_1_754' title='bbox 1516 2236 1672 2266; x_wconf 87' lang='lat' dir='ltr'><strong>oratione.</strong></span> <span class='ocrx_word' id='word_1_755' title='bbox 1709 2235 1749 2265; x_wconf 88' lang='lat' dir='ltr'><strong>Et</strong></span> <span class='ocrx_word' id='word_1_756' title='bbox 1772 2234 1894 2265; x_wconf 89' lang='lat' dir='ltr'><strong>Paulus</strong></span> <span class='ocrx_word' id='word_1_757' title='bbox 1920 2234 2004 2271; x_wconf 83' lang='lat' dir='ltr'><strong>[Col.</strong></span> <span class='ocrx_word' id='word_1_758' title='bbox 2017 2236 2048 2273; x_wconf 79' lang='lat'><strong>3,</strong></span> <span class='ocrx_word' id='word_1_759' title='bbox 2060 2236 2120 2274; x_wconf 77' lang='lat'><strong>5.]:</strong></span> 
     </span>
     <span class='ocr_line' id='line_1_111' title="bbox 1146 2276 2118 2315; baseline -0.001 -6"><span class='ocrx_word' id='word_1_760' title='bbox 1146 2278 1345 2309; x_wconf 86' lang='lat' dir='ltr'><strong>Mortificate</strong></span> <span class='ocrx_word' id='word_1_761' title='bbox 1362 2279 1508 2308; x_wconf 90' lang='lat' dir='ltr'><strong>membra</strong></span> <span class='ocrx_word' id='word_1_762' title='bbox 1524 2283 1636 2308; x_wconf 88' lang='lat' dir='ltr'><strong>vestra</strong></span> <span class='ocrx_word' id='word_1_763' title='bbox 1655 2283 1715 2307; x_wconf 89' lang='lat' dir='ltr'><strong>etc.</strong></span> <span class='ocrx_word' id='word_1_764' title='bbox 1744 2277 1823 2307; x_wconf 88' lang='lat' dir='ltr'><strong>Item</strong></span> <span class='ocrx_word' id='word_1_765' title='bbox 1848 2277 1890 2314; x_wconf 92' lang='grc'><strong>[1.</strong></span> <span class='ocrx_word' id='word_1_766' title='bbox 1904 2276 1978 2307; x_wconf 84' lang='lat' dir='ltr'><strong>Cor.</strong></span> <span class='ocrx_word' id='word_1_767' title='bbox 1993 2277 2024 2315; x_wconf 90' lang='lat'><strong>9,</strong></span> <span class='ocrx_word' id='word_1_768' title='bbox 2038 2278 2118 2315; x_wconf 62' lang='lat'><strong>274:</strong></span> 
     </span>
     <span class='ocr_line' id='line_1_112' title="bbox 1148 2319 2119 2362; baseline -0.001 -11"><span class='ocrx_word' id='word_1_769' title='bbox 1148 2320 1283 2362; x_wconf 82' lang='lat' dir='ltr'><strong>Castigo</strong></span> <span class='ocrx_word' id='word_1_770' title='bbox 1304 2330 1424 2359; x_wconf 87' lang='lat' dir='ltr'><strong>corpus</strong></span> <span class='ocrx_word' id='word_1_771' title='bbox 1444 2329 1550 2349; x_wconf 90' lang='lat' dir='ltr'><strong>meum</strong></span> <span class='ocrx_word' id='word_1_772' title='bbox 1569 2325 1601 2349; x_wconf 91' lang='lat' dir='ltr'><strong>et</strong></span> <span class='ocrx_word' id='word_1_773' title='bbox 1618 2319 1650 2348; x_wconf 87' lang='lat' dir='ltr'><strong>in</strong></span> <span class='ocrx_word' id='word_1_774' title='bbox 1671 2320 1861 2349; x_wconf 87' lang='lat' dir='ltr'><strong>servitutem</strong></span> <span class='ocrx_word' id='word_1_775' title='bbox 1879 2319 2004 2360; x_wconf 83' lang='lat' dir='ltr'><strong>redigo.</strong></span> <span class='ocrx_word' id='word_1_776' title='bbox 2041 2320 2119 2350; x_wconf 90' lang='lat' dir='ltr'><strong>Item</strong></span> 
     </span>
     <span class='ocr_line' id='line_1_113' title="bbox 1148 2359 2118 2401; baseline 0 -9"><span class='ocrx_word' id='word_1_777' title='bbox 1148 2362 1221 2401; x_wconf 80' lang='lat' dir='ltr'><strong>[Ex.</strong></span> <span class='ocrx_word' id='word_1_778' title='bbox 1245 2362 1298 2399; x_wconf 75' lang='lat'><strong>32,</strong></span> <span class='ocrx_word' id='word_1_779' title='bbox 1321 2362 1383 2400; x_wconf 86' lang='lat'><strong>6.]:</strong></span> <span class='ocrx_word' id='word_1_780' title='bbox 1418 2362 1510 2392; x_wconf 86' lang='lat' dir='ltr'><strong>Sedit</strong></span> <span class='ocrx_word' id='word_1_781' title='bbox 1537 2359 1678 2400; x_wconf 85' lang='lat' dir='ltr'><strong>populus</strong></span> <span class='ocrx_word' id='word_1_782' title='bbox 1707 2361 1905 2391; x_wconf 87' lang='lat' dir='ltr'><strong>manducare</strong></span> <span class='ocrx_word' id='word_1_783' title='bbox 1934 2367 1963 2390; x_wconf 88' lang='lat' dir='ltr'><strong>et</strong></span> <span class='ocrx_word' id='word_1_784' title='bbox 1994 2362 2118 2397; x_wconf 85' lang='lat' dir='ltr'><strong>bibere,</strong></span> 
     </span>
     <span class='ocr_line' id='line_1_114' title="bbox 1147 2402 2117 2444; baseline -0.001 -9"><span class='ocrx_word' id='word_1_785' title='bbox 1147 2411 1178 2435; x_wconf 87' lang='lat' dir='ltr'><strong>et</strong></span> <span class='ocrx_word' id='word_1_786' title='bbox 1203 2405 1343 2434; x_wconf 84' lang='lat' dir='ltr'><strong>surrexit</strong></span> <span class='ocrx_word' id='word_1_787' title='bbox 1367 2404 1409 2433; x_wconf 91' lang='lat' dir='ltr'><strong>ad</strong></span> <span class='ocrx_word' id='word_1_788' title='bbox 1432 2402 1616 2433; x_wconf 88' lang='lat' dir='ltr'><strong>ludendum.</strong></span> <span class='ocrx_word' id='word_1_789' title='bbox 1663 2402 1836 2436; x_wconf 87' lang='lat' dir='ltr'><strong>Quomodo</strong></span> <span class='ocrx_word' id='word_1_790' title='bbox 1861 2409 1967 2432; x_wconf 88' lang='lat' dir='ltr'><strong>autem</strong></span> <span class='ocrx_word' id='word_1_791' title='bbox 1991 2413 2028 2433; x_wconf 88' lang='lat' dir='ltr'><strong>se</strong></span> <span class='ocrx_word' id='word_1_792' title='bbox 2051 2405 2117 2444; x_wconf 85' lang='lat' dir='ltr'><strong>qui-</strong></span> 
     </span>
     <span class='ocr_line' id='line_1_115' title="bbox 1144 2442 2117 2484; baseline -0.001 -8"><span class='ocrx_word' id='word_1_793' title='bbox 1144 2446 1224 2476; x_wconf 90' lang='lat' dir='ltr'><strong>libet</strong></span> <span class='ocrx_word' id='word_1_794' title='bbox 1242 2454 1396 2476; x_wconf 83' lang='lat' dir='ltr'><strong>exercere</strong></span> <span class='ocrx_word' id='word_1_795' title='bbox 1415 2445 1542 2481; x_wconf 89' lang='lat' dir='ltr'><strong>debeat,</strong></span> <span class='ocrx_word' id='word_1_796' title='bbox 1561 2442 1752 2484; x_wconf 89' lang='lat' dir='ltr'><strong>relinquitur</strong></span> <span class='ocrx_word' id='word_1_797' title='bbox 1771 2445 1928 2484; x_wconf 88' lang='lat' dir='ltr'><strong>cuiusque</strong></span> <span class='ocrx_word' id='word_1_798' title='bbox 1947 2446 2117 2476; x_wconf 88' lang='lat' dir='ltr'><strong>conscien-</strong></span> 
     </span>
     <span class='ocr_line' id='line_1_116' title="bbox 1144 2484 2115 2526; baseline -0.001 -8"><span class='ocrx_word' id='word_1_799' title='bbox 1144 2489 1218 2518; x_wconf 89' lang='lat' dir='ltr'><strong>tiae.</strong></span> <span class='ocrx_word' id='word_1_800' title='bbox 1274 2487 1348 2517; x_wconf 93' lang='lat' dir='ltr'><strong>Non</strong></span> <span class='ocrx_word' id='word_1_801' title='bbox 1389 2487 1474 2516; x_wconf 91' lang='lat' dir='ltr'><strong>enim</strong></span> <span class='ocrx_word' id='word_1_802' title='bbox 1507 2491 1618 2525; x_wconf 89' lang='lat' dir='ltr'><strong>potest</strong></span> <span class='ocrx_word' id='word_1_803' title='bbox 1651 2484 1764 2515; x_wconf 87' lang='lat' dir='ltr'><strong>similis</strong></span> <span class='ocrx_word' id='word_1_804' title='bbox 1798 2485 1902 2516; x_wconf 78' lang='lat' dir='ltr'><strong>somna</strong></span> <span class='ocrx_word' id='word_1_805' title='bbox 1935 2488 2115 2526; x_wconf 87' lang='lat' dir='ltr'><strong>praescribi</strong></span> 
     </span>
     <span class='ocr_line' id='line_1_117' title="bbox 1145 2528 2115 2569; baseline -0.002 -9"><span class='ocrx_word' id='word_1_806' title='bbox 1145 2530 1294 2560; x_wconf 88' lang='lat' dir='ltr'><strong>omnibus</strong></span> <span class='ocrx_word' id='word_1_807' title='bbox 1323 2534 1378 2559; x_wconf 91' lang='lat' dir='ltr'><strong>aut</strong></span> <span class='ocrx_word' id='word_1_808' title='bbox 1407 2537 1602 2568; x_wconf 88' lang='lat' dir='ltr'><strong>quocunque</strong></span> <span class='ocrx_word' id='word_1_809' title='bbox 1624 2533 1788 2567; x_wconf 88' lang='lat' dir='ltr'><strong>tempore,</strong></span> <span class='ocrx_word' id='word_1_810' title='bbox 1816 2537 1879 2558; x_wconf 89' lang='lat' dir='ltr'><strong>nec</strong></span> <span class='ocrx_word' id='word_1_811' title='bbox 1901 2533 1975 2559; x_wconf 87' lang='lat' dir='ltr'><strong>sunt</strong></span> <span class='ocrx_word' id='word_1_812' title='bbox 2010 2528 2115 2569; x_wconf 86' lang='lat' dir='ltr'><strong>laquei</strong></span> 
     </span>
    </p>
   </div>
   <div class='ocr_carea' id='block_1_11' title="bbox 1919 2588 1949 2611">
    <p class='ocr_par' dir='ltr' id='par_1_18' title="bbox 1919 2588 1949 2611">
     <span class='ocr_line' id='line_1_118' title="bbox 1919 2588 1949 2611; baseline 0 0"><span class='ocrx_word' id='word_1_813' title='bbox 1919 2588 1949 2611; x_wconf 81' lang='lat'><strong>32</strong></span> 
     </span>
    </p>
   </div>
  </div>
 </body>
</html>
