2358 2933
150 1100 196 1124 51.

158 2407 198 2430 51.
235 2424 240 2428 .

568 117 592 147 1.
612 116 712 148 LOUl
730 113 1004 146 THEOLOGICI:
1028 114 1064 145 C.
1084 113 1293 145 SECUNDA
1311 112 1468 145 EORUM
1487 113 1640 146 AETAS.

310 210 371 241 Ro.
391 209 421 240 3.
442 212 505 246 [vs.
525 208 590 246 23.]
638 209 760 238 Omnes
796 212 1019 247 peccaverunt
1055 212 1087 236 et

267 257 380 284 carent
400 250 507 292 gloria
526 251 587 281 dei.
618 250 838 280 lustificantur
855 255 964 279 autem
983 249 1086 289 gratis

265 295 369 334 ipsius
393 294 499 333 gratia
522 303 582 333 per
607 298 668 323 etc.
707 292 798 322 Haec
823 291 988 321 sententia
1013 300 1087 320 cum

266 337 367 376 inquit
388 334 622 372 lustificantur,
642 333 739 364 simul
759 340 790 364 et
809 334 1036 364 remissionem
1055 339 1087 362 et

265 377 530 409 iustificationcm
553 376 808 416 comprehendit.
859 375 1005 415 Requirit
1030 385 1086 405 au-

266 427 331 451 tem
349 420 446 450 fidem
465 421 484 449 i.
498 430 527 449 e.
546 419 697 449 fiduciam
715 428 780 458 qua
799 416 953 448 Christus
972 426 1086 457 appre-

267 463 419 493 henditur
436 462 647 501 propiciator.
692 460 858 500 Improbat
878 460 977 501 igitur
995 459 1087 489 dubi-

267 506 432 535 tationem.
463 504 562 533 Addit
576 509 606 533 et
619 501 832 537 exclusivum,
847 501 969 539 Gratis,
983 502 1087 541 ipsius

268 547 377 587 gratia
394 547 415 576 i.
435 555 464 576 e.
483 544 773 580 misericordia,Ut
790 542 1011 584 intelligamus
1024 552 1087 573 nos

267 587 402 629 placere
426 598 493 617 non
518 592 652 628 propter
675 586 866 627 dignitatem
896 592 1089 616 nostrorum

268 640 404 670 operum
423 630 482 659 sed
501 635 636 668 propter
655 627 839 665 Christum,
858 634 890 657 et
909 634 944 658 ut
962 627 1028 658 hoc
1047 628 1089 657 sit

268 671 389 703 clarius
407 670 575 711 praefatur
587 671 627 701 de
639 677 755 701 nostra
766 670 980 707 immundicie,
1000 670 1089 710 quod

267 723 382 744 omnes
407 713 510 742 simus
535 714 597 749 rei,
624 718 654 742 et
675 722 847 743 careamus
868 711 975 753 gloria
1000 713 1049 742 dei
1069 712 1088 741 i.

269 766 297 786 e.
319 765 359 786 ea
384 754 489 796 gloria
508 754 572 785 hoc
596 760 647 785 est
666 755 789 784 iustitia
805 765 903 794 quam
925 755 1005 784 deus
1034 764 1089 793 ap-

268 799 397 838 probat.

311 839 439 870 Deinde
457 840 490 869 in
518 839 565 869 4t0
587 849 616 869 c.
643 837 768 878 colligit
794 836 919 868 Paulus
943 838 1015 877 ipse
1039 847 1090 867 ar—

269 888 424 922 gumenta
459 891 541 911 suae
569 881 768 917 sententiae,
801 890 841 910 ex
875 880 993 920 quibus
1027 889 1089 909 nos

269 934 369 954 unum
388 929 486 963 atque
498 922 634 953 alterum
648 923 744 952 etiam
760 922 814 952 hic
832 922 1089 952 recensebimus.

269 965 416 996 Credidit
434 965 603 995 Abraham
622 972 684 995 etc.
731 964 791 994 Hic
810 964 931 994 diserte
950 962 1089 993 affirmat

269 1008 430 1047 scriptura
449 1007 616 1037 Abraham
640 1006 851 1046 pronunciari
876 1006 997 1036 iustum
1016 1006 1090 1044 quia

269 1050 422 1085 credidit,
453 1049 520 1079 hoc
545 1054 613 1085 est,
644 1049 719 1088 quia
743 1049 855 1077 statuit
882 1058 919 1077 se
942 1046 1065 1077 habere
1086 1047 1088 1068 l

233 1117 237 1122 .
274 1092 369 1122 deum
387 1091 587 1131 propicium.
612 1100 676 1119 non
695 1095 831 1129 propter
855 1091 1019 1129 propriam
1045 1089 1090 1119 di-

271 1135 428 1175 gnitatem
454 1133 513 1162 sed
538 1138 674 1172 propter
692 1132 794 1171 ipsius
821 1133 1017 1171 promissam
1035 1132 1091 1161 mi-

270 1176 494 1207 sericordiam.
538 1174 580 1204 Et
611 1174 696 1204 hanc
726 1174 1027 1213 interpretationem
1052 1174 1091 1203 de

271 1217 442 1249 exclusiva
460 1218 530 1257 ipse.
553 1215 677 1246 Paulus
698 1216 791 1246 affert
810 1222 840 1245 et
859 1216 947 1245 addit
962 1226 1034 1245 cum
1047 1216 1090 1244 ait

271 1261 345 1290 Non
365 1260 511 1299 operanti
530 1259 590 1288 sed
610 1259 753 1288 credenti
781 1264 843 1287 etc.
890 1257 937 1287 Ita
956 1257 1052 1287 fidem
1071 1258 1090 1286 i.

272 1312 299 1332 e.
319 1301 473 1331 fiduciam
492 1301 735 1330 misericordiae
748 1298 871 1329 Paulus
892 1299 1024 1339 opponit
1046 1300 1090 1329 di-

272 1344 386 1386 gnitati
406 1353 549 1382 operum.
581 1341 691 1376 Quare
710 1348 805 1372 etlam
826 1351 898 1372 cum
918 1352 982 1371 non
1003 1341 1089 1371 addit

271 1384 463 1426 particulam
483 1383 696 1420 exclusivam,
716 1390 823 1414 tamen
843 1385 925 1413 ratio
944 1393 1091 1424 pagnan-

272 1429 350 1458 tium
368 1425 532 1467 postulat,
553 1436 625 1456 cum
644 1426 740 1456 fidem
759 1426 903 1456 nominat
921 1432 955 1455 ut
974 1424 1091 1455 intelli-

271 1479 386 1511 gamus
407 1467 537 1499 excludi
556 1469 747 1509 dignitatem
766 1474 925 1505 nostram,
945 1473 977 1498 et
995 1467 1091 1497 tribui

270 1517 396 1541 tantum
413 1511 659 1541 misericordiae
676 1510 950 1541 iustificationem.
994 1508 1091 1540 Valet

272 1554 371 1594 igitur
382 1559 619 1593 argumentum,
638 1552 806 1582 Abraham
818 1552 883 1582 fide
896 1551 1092 1582 iustificatus

273 1601 323 1625 est
340 1596 361 1625 i.
375 1605 403 1625 e.
423 1595 543 1625 fiducia
561 1594 819 1631 misericordiae,
838 1594 939 1634 Igitur
957 1603 1023 1623 non
1043 1599 1093 1623 est

273 1636 469 1668 iustificatus
488 1642 625 1677 propter
643 1637 808 1676 propriam
827 1637 1026 1677 dignitatem.

315 1678 472 1709 Ultimum
491 1684 718 1719 argumentum
744 1679 776 1708 in
794 1677 852 1708 illo
877 1689 905 1708 c.
929 1684 1092 1718 sumptum
1114 1694 1116 1703 ι

273 1727 325 1752 est
355 1731 394 1751 ex
426 1722 506 1761 ipsis
536 1720 682 1751 fontibus
713 1721 846 1761 negotii.
877 1719 1027 1751 videlicet
1053 1730 1092 1750 ex

273 1773 377 1795 causa
387 1763 626 1803 promissionis,
646 1769 678 1793 et
696 1762 899 1793 exclusivam
916 1763 1093 1802 praecipue
1114 1769 1116 1777 ¹

275 1805 445 1836 confirmat
471 1805 536 1835 hoc
560 1805 670 1835 modo.
716 1805 750 1835 Si
780 1806 956 1845 promissio
979 1804 1092 1835 iustifi-

274 1847 414 1879 cationis
433 1848 592 1887 penderet
618 1857 658 1877 ex
684 1848 871 1878 conditione
896 1847 981 1888 legis
1001 1847 1092 1877 fieret

272 1890 407 1920 incerta.
465 1890 532 1920 Sed
566 1895 697 1930 oportet
725 1889 811 1920 hanc
840 1891 1093 1930 promissionem

274 1932 485 1962 conscientiis
509 1933 634 1962 nostn's
660 1941 737 1962 esse
756 1938 894 1969 certam,
918 1932 1020 1973 Igitur
1038 1941 1092 1962 ne—

273 1983 372 2005 cesse
394 1980 446 2004 est
471 1980 574 2015 grans
598 1974 741 2014 promitti
764 1974 1028 2005 iustificationem
1053 1984 1092 2004 ac

273 2015 340 2047 fide
359 2017 465 2056 accipi
488 2026 554 2046 non
572 2022 707 2057 propter
723 2023 872 2047 nostram
891 2017 1092 2058 dignitatem.

274 2057 433 2089 Maiorem
454 2059 574 2098 probat
595 2057 730 2089 Paulus.
750 2059 827 2099 quia
849 2057 902 2089 lex
921 2060 1002 2089 iram
1025 2058 1094 2089 effi-

274 2101 328 2131 cit.
372 2100 408 2130 ld
434 2107 500 2138 est,
528 2111 600 2131 cum
623 2110 718 2131 nemo
742 2100 808 2142 legi
834 2100 1017 2132 satisfaciat
1039 2100 1094 2131 lex

274 2148 412 2173 accusat
431 2152 556 2173 omneS.
592 2142 704 2177 Quare
721 2153 863 2174 necesse
888 2150 978 2175 esset
1002 2144 1094 2174 dubi-

274 2191 344 2215 tare
363 2186 586 2216 conscientias
605 2186 645 2216 de
662 2186 896 2217 iustificatione
914 2187 942 2216 si
960 2191 1095 2226 propter

274 2226 360 2268 legis
379 2225 601 2267 impletionem
626 2234 794 2268 oporteret
818 2229 1028 2269 pronunciari
1048 2229 1094 2258 iu—

274 2275 358 2299 stos.
405 2269 477 2300 Hoc
503 2276 728 2311 argumentum
753 2272 963 2311 praecipuum
987 2277 1038 2301 est
1062 2271 1094 2300 in

274 2311 338 2342 hac
363 2322 475 2343 causa.
520 2312 596 2342 Non
629 2314 714 2343 enim
738 2319 849 2353 potest
871 2314 976 2343 teneri
999 2313 1094 2343 certi-

273 2354 353 2384 tudo
380 2355 605 2385 conscientiae
630 2355 658 2385 si
687 2355 837 2386 addenda
868 2361 918 2386 est
949 2356 1092 2386 conditio

277 2395 364 2437 legis
387 2396 452 2427 hoc
474 2397 583 2427 modo.
608 2399 612 2426 Ι
634 2397 722 2439 quod
740 2398 993 2438 pronunciemur
1016 2398 1094 2428 iusti

276 2449 349 2469 cum
374 2438 632 2474 satisfecerimus
652 2439 738 2481 legi,
766 2450 838 2469 cum
857 2440 938 2470 satis
959 2450 1093 2480 operum

276 2480 494 2514 habuerimus.
540 2485 602 2516 Hic
638 2482 864 2523 unusquisque
894 2492 987 2512 suam
1017 2492 1093 2513 con-

276 2524 447 2556 scientiam
478 2527 646 2568 inspieiat‚
687 2531 777 2557 certe
806 2525 984 2564 comperiet
1014 2534 1092 2555 con-

289 2586 433 2606 MELANTH.
449 2588 528 2607 OPER.
545 2588 606 2607 VOL.
622 2589 680 2608 XXI.

1132 208 1302 238 scientiam
1324 208 1356 238 in
1390 213 1546 248 perpetua
1576 206 1778 237 dubitatione
1813 204 1953 237 futuram

1132 259 1209 280 esse
1237 251 1265 280 si
1290 251 1335 280 ita
1360 250 1569 281 iudicandum
1592 249 1646 279 sit.
1691 247 1733 279 Et
1759 258 1953 289 quamquam

1132 293 1237 321 ociosi
1259 291 1453 333 hypocritae
1476 302 1544 322 non
1565 292 1678 322 vident
1702 301 1740 322 se
1764 301 1783 321 a
1806 290 1881 332 lege
1900 301 1954 321 ac-

1132 334 1260 372 cusari,
1284 340 1393 364 tamen
1418 335 1450 364 in
1476 334 1564 365 veris
1589 334 1772 364 terroribus
1802 343 1870 363 non
1896 343 1954 373 po-

1131 381 1239 406 terunt.
1262 382 1406 407 statuere
1432 377 1520 416 quod
1542 376 1624 406 satis
1645 386 1779 416 operum
1798 376 1953 406 habeant.

1134 418 1175 448 Ut
1187 419 1286 458 igitur
1298 419 1501 449 conscientia
1514 418 1635 448 habeat
1649 424 1770 448 certam
1784 425 1816 448 et
1829 417 1955 448 firmam

1133 460 1393 490 consolationem
1418 470 1558 490 necesse
1580 466 1631 490 est
1654 459 1741 490 hanc
1760 460 1954 490 sententiam

1132 510 1244 533 tenere
1258 503 1298 533 de
1313 503 1454 542 gratuita
1467 501 1746 537 reconciliatione,
1764 502 1851 542 quod
1865 508 1954 532 certo

1133 551 1271 585 peccata
1290 545 1511 580 remittantur,
1532 544 1619 584 quod
1639 550 1730 573 certo
1750 545 1851 574 simus
1878 545 1954 574 iusti

1135 593 1166 617 et
1185 586 1241 616 filii
1261 587 1329 624 dei,
1348 596 1413 616 non
1436 592 1572 626 propter
1594 586 1785 626 dignitatem
1808 591 1954 616 nostram

1134 630 1194 659 sed
1220 636 1344 659 tantum
1367 635 1504 668 propter
1528 627 1710 664 Christum,
1737 638 1810 657 cum
1832 627 1896 658 hac
1920 627 1954 657 fi-

1135 672 1230 702 ducia
1259 671 1517 700 misericordiam
1547 669 1830 710 apprehendimus
1887 669 1955 699 Me-

1135 714 1320 743 minerimus
1364 713 1462 752 igitur
1500 711 1565 741 hoc
1601 718 1827 751 argumentum
1863 710 1956 741 Pauli

1135 764 1293 785 summam
1319 760 1349 783 et
1375 760 1471 793 caput
1491 753 1663 794 Evangelii
1683 763 1776 790 esse,
1808 754 1884 783 Ideo
1915 763 1955 783 ex

1135 797 1199 827 fide
1222 796 1328 836 gratis
1348 802 1382 826 ut
1402 797 1442 825 sit
1462 795 1556 826 firma
1574 796 1750 836 promissio
1775 802 1835 826 etc.

1456 837 1525 868 Lex
1544 838 1739 869 subintraw‘t
1757 844 1791 868 ut
1811 838 1955 868 abunda-

1136 887 1184 911 ret
1203 886 1373 919 peccatum
1397 880 1477 910 Item
1499 879 1574 920 lege
1599 880 1635 910 fit
1653 886 1825 920 peccatum
1849 879 1955 910 excel-

1136 922 1253 953 lentius
1277 928 1448 962 peccatum
1462 922 1540 952 Item
1558 932 1599 952 ex
1618 923 1773 961 operibus
1786 921 1870 962 legis
1889 932 1955 952 non

1136 965 1365 995 iustificabitur
1384 965 1487 994 omnis
1509 974 1597 994 carc.
1644 964 1711 994 Sed
1736 965 1842 994 onmia
1865 965 1954 994 testi-

1136 1008 1245 1037 monia
1268 1016 1351 1046 quae
1375 1016 1415 1035 ex
1433 1005 1539 1036 Paulo
1559 1007 1694 1036 citamus
1722 1005 1869 1036 nonnulli
1893 1005 1955 1036 hac.

1137 1047 1346 1078 cavillatione
1366 1047 1519 1084 eludunt,
1543 1048 1801 1088 Interpretantur
1818 1047 1954 1078 Paulum

1137 1091 1330 1121 ceremoniis
1343 1090 1516 1120 detrahere
1530 1089 1791 1120 iustificationem
1802 1100 1868 1120 non
1887 1100 1954 1120 mo-

1136 1132 1259 1162 ralibus
1279 1133 1468 1169 virtutibus,
1492 1139 1590 1172 atque
1608 1133 1653 1162 ita
1671 1133 1835 1162 somniant
1854 1132 1954 1162 homi-

1136 1185 1195 1204 nes
1215 1176 1319 1204 iustos
1338 1175 1548 1214 pronunciari
1571 1180 1705 1215 propter
1726 1175 1822 1204 fidem
1842 1175 1870 1204 si
1888 1173 1954 1214 legi

1136 1216 1251 1246 morali
1285 1219 1290 1243 Ι
1318 1215 1549 1246 satisfecerint.
1611 1216 1815 1257 Quamquam
1848 1221 1955 1246 autem

1136 1258 1213 1289 alibi
1244 1257 1365 1288 clarius
1403 1259 1585 1288 ostenditur
1611 1257 1749 1289 Paulum
1782 1259 1956 1289 universae

1137 1300 1203 1341 legi
1230 1299 1402 1330 detrahere
1428 1301 1707 1338 iustificationem,
1730 1307 1837 1331 tamen
1857 1299 1956 1331 facile

1136 1348 1245 1383 potest
1270 1343 1457 1382 imaginatio
1483 1343 1749 1373 adversariorum
1778 1341 1903 1379 refelli,
1927 1343 1955 1372 si

1137 1385 1209 1425 quis
1236 1385 1424 1415 consideret
1446 1386 1605 1415 neminem
1630 1384 1695 1425 legi
1720 1384 1835 1415 morali
1861 1385 1955 1415 satis-

1137 1427 1258 1457 facere.
1303 1425 1427 1457 Paulus
1453 1428 1536 1457 enim
1555 1437 1619 1456 non
1638 1427 1712 1457 ideo
1733 1427 1873 1458 detrahit
1890 1426 1956 1467 legi

1137 1469 1400 1499 iustificationem
1425 1470 1500 1510 quia
1523 1470 1595 1509 ipsa
1618 1468 1672 1499 lex
1694 1468 1781 1499 mala
1811 1470 1867 1506 sit,
1897 1469 1956 1499 sed

1138 1512 1213 1552 quia
1242 1510 1308 1551 legi
1336 1521 1432 1541 nemo
1462 1511 1632 1542 satisfacit.
1660 1512 1814 1550 Secundo
1833 1510 1955 1542 Paulus

1138 1552 1283 1584 inculcat
1300 1552 1512 1593 paniculum,
1531 1555 1650 1594 gratiS,
1673 1552 1757 1583 tollit
1776 1554 1873 1594 igitur
1890 1563 1956 1584 non

1139 1596 1345 1626 ceremonias
1364 1601 1488 1626 tantum
1508 1597 1567 1626 sed
1587 1596 1682 1632 etiam
1702 1602 1853 1626 caeteras
1871 1595 1956 1637 legis

1138 1643 1260 1678 partes,
1305 1637 1342 1668 3⁰
1370 1637 1494 1668 Paulus
1525 1639 1740 1669 concionatur
1769 1639 1810 1669 de
1837 1637 1956 1669 fiducia

1138 1680 1402 1717 misericordiae,
1428 1679 1549 1710 fiducia
1578 1685 1683 1710 autem
1713 1680 1956 1711 misericordiae

1139 1722 1313 1762 opponitur
1336 1727 1367 1751 et
1386 1723 1580 1752 ceremoniis
1603 1728 1634 1752 et
1651 1721 1831 1753 moralibus
1851 1723 1955 1762 operi-

1139 1765 1208 1794 bus.
1252 1764 1327 1794 Non
1354 1765 1438 1794 enim
1463 1770 1572 1804 potest
1603 1765 1665 1794 dici
1695 1764 1814 1802 fiducia
1843 1770 1957 1795 nostra

1139 1806 1305 1847 dignitate.
1350 1806 1398 1836 4¹0
1423 1805 1537 1837 Palam
1564 1813 1615 1837 est
1640 1806 1731 1847 loqui
1753 1805 1891 1837 Paulum
1916 1807 1956 1837 de

1138 1847 1212 1889 lege
1251 1853 1431 1879 accusante
1465 1854 1496 1878 et
1525 1854 1670 1879 terrente
1711 1849 1955 1879 conscientiam.

1138 1891 1279 1921 Maxime
1298 1896 1405 1921 autem
1433 1896 1532 1920 terret
1561 1891 1782 1921 conscientias
1807 1889 1861 1920 lex
1888 1901 1956 1921 mo-

1138 1932 1228 1963 ralis.
1295 1932 1438 1972 {deoque
1478 1931 1601 1963 Paulus
1638 1934 1735 1963 sumit
1774 1931 1956 1973 exemplum

1139 1975 1180 2005 de
1198 1974 1273 2015 lege
1292 1974 1418 2005 morali.
1463 1975 1510 2004 5t0
1530 1975 1768 2016 Argumentum
1787 1974 1880 2006 Pauli
1894 1974 1954 2005 Ro.

1138 2018 1168 2047 4.
1200 2018 1287 2057 quod
1318 2027 1420 2056 supra
1449 2017 1657 2048 recitavimus
1683 2017 1850 2047 contendit
1880 2027 1956 2047 con·

1139 2060 1295 2090 scientias
1314 2065 1465 2099 oportere
1484 2065 1593 2090 certas
1613 2069 1687 2090 esse
1706 2060 1746 2089 de
1765 2060 1957 2089 remissione

1139 2107 1350 2143 peccatorum
1374 2107 1437 2132 etc.
1483 2102 1558 2131 Non
1586 2108 1697 2142 potest
1721 2107 1829 2132 autem
1853 2102 1955 2132 teneri

1140 2144 1301 2175 certitudo
1325 2144 1353 2174 si
1382 2144 1588 2174 sentiendum
1618 2150 1669 2174 est
1705 2144 1792 2184 quod
1820 2149 1956 2184 propter

1138 2185 1358 2227 impletionem
1382 2185 1552 2217 moralium
1579 2196 1820 2226 consequamur
1842 2187 1953 2216 remis-

1140 2230 1265 2259 sionem
1293 2234 1523 2269 peccatorum,
1561 2229 1636 2268 quia
1672 2237 1766 2258 nemo
1795 2226 1956 2259 satisfacit

1139 2271 1318 2301 moralibus
1338 2272 1409 2301 sive
1434 2270 1510 2311 legi.
1555 2270 1739 2301 Teneamus
1757 2270 1855 2310 igitur
1873 2269 1956 2300 Pau-

1139 2313 1206 2344 lum
1225 2323 1291 2344 non
1310 2319 1435 2343 tantum
1461 2314 1666 2343 ceremonias
1691 2312 1750 2342 sed
1775 2313 1872 2343 etiam
1889 2322 1954 2342 mo-

1139 2355 1219 2386 ralia
1244 2354 1427 2395 intelligere
1452 2356 1485 2385 in
1503 2355 1688 2385 huiusmodi
1710 2353 1804 2385 locis.
1833 2354 1955 2394 Impos-

1139 2397 1233 2428 sibile
1257 2403 1326 2428 erat
1350 2397 1416 2438 legi
1440 2396 1617 2428 iustificare
1639 2397 1716 2437 quia
1738 2406 1798 2437 per
1823 2406 1955 2428 carnem

1114 2465 1116 2470 .
1139 2440 1372 2470 infirmabatur.
1392 2439 1528 2470 ItemEx
1541 2440 1695 2479 operibus
1707 2437 1791 2480 legis
1804 2448 1870 2469 non
1884 2442 1955 2469 etc-¹

1519 2481 1554 2511 Si
1573 2487 1767 2522 quaerentes
1785 2480 1954 2512 iustificari
1991 2492 2001 2498 ·

1183 2481 1257 2513 Gal.
1276 2483 1306 2512 9.
1327 2485 1392 2521 [vs.
1414 2482 1476 2519 17.}

1139 2524 1174 2555 ln
1198 2524 1330 2555 Christo
1350 2524 1471 2555 inventi
1489 2533 1602 2554 sumus
1627 2530 1659 2554 et
1677 2529 1740 2554 etc.
1788 2523 1860 2553 Hoc
1878 2521 1954 2554 loco

1878 2585 1909 2607 ’ΖΟ

1992 1225 2031 1248 52.

2051 1230 2071 1248 a.
