2358 2933
109 129 154 163 13.

146 519 170 548 2,
189 523 210 542 a.

148 1216 173 1247 2.
191 1215 214 1240 b.

517 126 540 156 Ι.
563 122 664 155 LOCI
686 120 966 154 THEOLOGICI:
988 120 1030 152 A.
1054 120 1193 152 PRIMA
1215 120 1371 152 EORUM
1393 119 1698 152 ADUMBRATIO.
2067 120 2108 150 14

875 214 931 243 De
949 213 1093 243 Libero
1112 214 1295 243 Arbitrio.
1311 216 1337 251 ³)

1151 273 1200 301 vis
1220 273 1425 311 cognoscendi

1152 324 1200 351 vis
1220 324 1248 351 in
1269 334 1328 362 qua
1346 323 1472 353 affectus
1492 327 1662 353 nascuntur.

348 371 527 401 Primum:
542 370 570 406 b)
589 370 636 397 vis
656 366 860 406 cognoscendi
878 366 938 396 Est
957 376 1016 404 qua
1035 366 1184 394 sentimus
1204 369 1255 394 aut
1274 366 1489 405 intelligimus,
1515 367 1722 396 ratiocinamur
1740 367 1780 403 ¹),
1807 364 1891 394 aliud
1918 374 1956 394 ex

263 415 322 445 alio
341 414 564 453 cognoscimus.
579 414 605 449 c)

426 473 452 503 *)
471 474 499 498 Et
516 473 541 497 in
558 472 606 496 hoc
623 470 749 501 quadrant
767 475 859 494 manus
877 467 956 498 pedes
975 473 1053 493 aures
1072 468 1118 492 etc.

469 514 568 544 §angeli
585 514 741 542 cognoscunt
758 512 825 536 bona
844 513 870 535 et
888 511 957 535 mala
976 510 1023 535 sed
1040 510 1139 534 tantum
1158 510 1225 534 bona
1243 509 1346 535 faciunt.
1358 510 1392 539 d)
1985 506 2058 530 Augen.

533 301 706 331 Hominis
732 300 825 328 duae
850 301 985 337 partes
1010 283 1133 353 sunt{

352 568 400 595 2¹¹¹.
421 564 562 603 Cognitio
582 573 680 601 neque
698 563 778 591 bona
797 571 895 599 neque
914 560 993 589 mala
1008 564 1032 594 e)
1051 559 1112 588 Vis
1133 570 1149 588 e
1169 570 1228 598 qua
1240 560 1366 588 affectus
1386 560 1518 588 oriuntur
1530 560 1588 588 Est
1603 569 1661 597 qua
1674 561 1702 593 ‘)
1722 570 1895 589 auersamur
1907 563 1958 589 aut

266 609 476 648 persequimur
494 607 623 644 cognita.
643 605 728 634 Hanc
746 605 806 632 vim
826 603 878 642 alij
898 602 1082 632 voluntatem
1102 602 1165 641 Alij
1186 603 1350 640 appetitum
1370 602 1433 641 Alij
1455 602 1592 631 affectum
1611 606 1728 631 vocant.
1741 606 1769 637 g)

352 654 399 681 3¹¹¹.
421 649 561 688 Cognitio
572 648 667 677 seruit
684 646 830 675 voluntati
849 650 939 684 atque
958 646 987 681 l¹)
1008 646 1048 673 ita
1066 644 1104 673 li:
1125 645 1241 673 arbitri:
1261 655 1340 673 nouo
1360 644 1507 673 vocabulo
1526 649 1633 673 vocant
1652 645 1838 673 coniunctam
1856 644 1958 673 volun-

266 698 357 724 tatem
377 704 443 722 cum
464 692 634 730 cognitione
654 700 712 718 seu
730 688 859 717 consilio
881 687 1065 717 intellectus.
1111 687 1189 716 Nam
1207 687 1332 726 perinde
1351 691 1383 716 ut
1402 687 1560 726 Tyrannus
1581 691 1629 716 est
1654 688 1682 715 in
1707 698 1738 715 re
1757 687 1893 725 publica,
1920 688 1960 716 ita

265 736 406 765 voluntas
426 737 454 764 in
473 735 604 763 homine.
621 734 645 770 i)
665 732 704 762 Et
718 736 749 761 ut
763 731 954 760 consiliarius
969 731 996 767 k)
1016 729 1154 768 Tyranno
1171 732 1197 767 2)
1218 731 1367 759 obnoxius
1381 731 1399 758 i.
1411 740 1437 758 e.
1452 730 1620 763 subiectus,
1631 731 1715 758 sicet
1728 729 1916 759 intellectus:
1933 730 1958 767 ¹)

267 780 319 817 qui
341 778 417 807 alias
437 779 514 807 bene
533 776 610 805 alias
629 774 707 803 male
726 773 872 803 consulit:
918 772 1020 801 Penes
1040 772 1223 801 voluntatem
1242 776 1291 801 est
1310 773 1514 810 obtemperare
1534 776 1584 801 aut
1602 772 1792 810 refragari.¹¹¹)

421 837 448 867 *)
474 837 555 867 Opera
573 835 721 864 cognitionis
741 836 800 858 sunt
819 834 916 858 sentire
935 832 1021 857 videre
1042 832 1134 857 Audire
1152 833 1301 857 raciocinari
1326 832 1478 862 intelligere.
1514 832 1595 863 Opera
1620 832 1728 857 affectus
1755 834 1814 858 sunt
1841 832 1961 857 Auersari

471 870 591 901 persequi
602 868 626 899 ³)
645 874 732 893 amare
749 868 819 892 odire
838 869 954 891 metuere
973 867 1067 890 dolere.

423 913 450 943 *)
477 914 589 943 Quatuor
607 912 666 936 sunt
683 916 779 940 genera
798 916 830 934 ex
848 910 939 940 quibus
959 909 1037 934 ceteri
1055 909 1161 933 affectus
1180 909 1320 933 nascuntur

472 955 593 1018 ggssptas
649 969 698 994 duo
708 968 850 999 praesentis
1262 951 1343 1009 {igulus
1376 967 1551 992 duoabsentis.
1569 968 1594 998 ιι)

353 1031 420 1059 Nos
441 1029 620 1067 simpliciter
638 1037 782 1056 vocemus
802 1026 841 1054 li:
862 1026 978 1054 arbitri:
1000 1025 1194 1054 voluntatem.
1240 1024 1302 1054 Imo
1328 1036 1386 1054 non
1410 1028 1526 1054 vtemur
1544 1026 1580 1054 li:
1607 1027 1719 1066 arbitrij
1740 1027 1958 1065 appellacione.
2000 1041 2091 1061 mmm

268 1073 321 1102 Sic
339 1076 369 1101 et
389 1071 574 1101 intellectum
594 1080 661 1099 cum
680 1068 833 1097 voluntate
853 1069 1043 1097 coniunctum
1063 1071 1170 1096 vocant
1188 1068 1347 1096 racionem.
1394 1068 1461 1096 Nos
1481 1068 1659 1107 simpliciter
1677 1070 1825 1098 racionem
1845 1071 1962 1099 vocabi-

267 1126 335 1144 mus
355 1115 567 1153 cognitionem.
613 1111 675 1141 lmo
695 1121 750 1140 nec
768 1111 899 1140 racionis
918 1110 1067 1139 vocabulo
1087 1114 1211 1139 vtemur.
1229 1114 1255 1147 0)
1301 1110 1379 1139 Nam
1398 1121 1451 1149 per
1470 1121 1559 1140 vsum
1578 1112 1729 1140 nominum
1748 1114 1865 1150 passim
1889 1115 1962 1142 vari-

266 1162 315 1187 ant
333 1159 507 1196 scriptores.
519 1159 548 1193 P)

355 1210 442 1237 ’4²¹1ffl.
463 1207 520 1236 Ad
538 1207 608 1235 vim
627 1204 887 1243 cognoscendi
906 1205 1035 1242 pertinet
1050 1202 1100 1231 lex
1120 1204 1138 1231 i.
1159 1213 1186 1232 e.
1207 1203 1367 1232 consilium
1387 1204 1594 1233 benefaciendi
1608 1208 1635 1240 ¹³)
1654 1206 1683 1233 A
1702 1206 1781 1234 dvim
1801 1206 1960 1236 affectuum

269 1253 377 1281 virtus:
397 1252 516 1279 vitium:
534 1253 558 1286 r)
577 1252 750 1288 peccatum:
770 1248 872 1285 gratia.
889 1250 913 1285 5)
948 1246 1037 1281 Quod
1063 1246 1222 1275 discrimen
1247 1250 1383 1275 accurate
1410 1247 1632 1275 obseruandum
1658 1252 1706 1276 est
1731 1248 1811 1283 Quia
1844 1251 1891 1278 vis
1914 1260 1960 1279 co-

268 1294 435 1332 gnoscendi
454 1294 483 1321 in
502 1292 587 1331 plura
605 1291 742 1328 vulgatur
761 1300 848 1328 quam
867 1291 914 1318 vis
933 1289 1103 1318 affectuum.

423 1344 450 1375 *)
474 1344 552 1369 Multa
569 1343 746 1373 cognoscimus
765 1348 823 1367 esse
842 1342 910 1366 mala
928 1343 1014 1366 tamen
1034 1341 1150 1365 cohibere
1170 1340 1289 1365 affectum
1307 1346 1358 1365 non
1375 1342 1499 1371 potentes.

1993 1135 2076 1158 cognitio

355 1387 469 1416 Natura
487 1387 565 1415 enim
584 1386 664 1414 bona
683 1388 712 1413 et
730 1384 809 1412 mala
827 1384 1052 1422 cognoscimus,
1072 1386 1185 1411 tantum
1204 1382 1282 1411 mala
1300 1382 1486 1411 affectamus.
1533 1383 1642 1421 Neque
1660 1385 1718 1412 vim
1732 1383 1812 1422 legis
1831 1388 1882 1414 aut
1900 1395 1961 1424 gra-

269 1432 328 1460 tiae
359 1429 447 1459 facile
474 1429 654 1467 cognoueris
678 1427 748 1456 Nisi
778 1427 869 1456 huius
898 1426 1080 1455 discriminis
1112 1425 1226 1454 habeas
1262 1426 1406 1454 rationem
1432 1425 1527 1455 Aliud
1552 1436 1625 1455 esse
1650 1428 1851 1465 cognitionem
1869 1423 2116 1472 Aliudgfiffloffissdffi'f]

267 1473 416 1503 affeetum·
432 1475 458 1509 t)
1963 1474 2032 1495 fectus.

1114 1517 1213 1547 Vide
1232 1518 1401 1556 qualiter
1419 1518 1548 1548 libera
1567 1521 1619 1549 sit
1637 1519 1828 1550 voluutas.
1846 1527 1873 1559 ¹¹)

359 1575 430 1603 5tum,
450 1573 492 1602 Li
502 1574 628 1602 bertas
648 1572 766 1611 proprie
776 1571 920 1600 noncadit
934 1574 960 1605 v)
970 1571 998 1599 in
1006 1574 1119 1609 partem
1133 1569 1338 1607 cognoscendi
1347 1573 1379 1607 w)
1400 1569 1515 1599 Verum
1528 1580 1565 1599 ea
1575 1570 1670 1600 libera
1683 1572 1799 1601 videtur
1812 1576 1960 1611 quatenus

270 1617 455 1654 obtemperat
473 1615 531 1643 huc
549 1618 640 1652 atque
660 1614 731 1643 illuc
750 1613 924 1652 impellente
941 1613 1104 1642 voluntate.
1119 1616 1147 1649 x)

857 1663 1047 1692 Definitio
1062 1665 1090 1699 ⁴²)
1108 1663 1321 1692 libertatis.
1337 1666 1363 1699 5)

354 1715 414 1745 Est
432 1719 532 1744 autem
552 1715 677 1744 libertas
697 1724 792 1753 posse
811 1724 899 1752 agere
919 1717 969 1743 aut
988 1724 1045 1742 non
1065 1723 1153 1751 agere
1171 1713 1274 1742 Posse
1293 1714 1339 1742 sic
1357 1718 1408 1743 aut
1427 1714 1513 1743 aliter
1531 1724 1630 1753 agere.
1676 1715 1756 1754 Ergo
1773 1720 1796 1753 7ι)
1824 1718 1852 1746 iu
1873 1728 1961 1756 quae·

270 1760 399 1789 stionem
418 1761 557 1787 vocatur:
578 1761 726 1796 quatenus
746 1757 840 1786 libera
859 1758 900 1786 sit
918 1756 1056 1785 voluntas
1077 1756 1255 1794 humanam)

357 1810 379 1839 S
388 1813 531 1838 extum:
545 1819 563 1836 v
573 1808 607 1837 ol
616 1819 636 1837 u
648 1819 664 1837 n
673 1813 709 1837 ta
718 1818 733 1837 s
748 1819 786 1837 co
795 1818 849 1846 mp
858 1811 959 1837 arata
972 1818 987 1836 c
996 1818 1050 1836 um
1059 1807 1340 1845 praedestinacione
1352 1817 1410 1835 non
1424 1811 1472 1835 est
1483 1807 1578 1836 libera
1587 1808 1695 1847 Neque
1708 1811 1735 1837 in
1749 1811 1848 1845 bonis,
1863 1822 1961 1850 neque

271 1855 300 1883 in
316 1853 415 1886 malis.
434 1852 543 1889 Neque
562 1852 590 1880 in
610 1852 741 1880 externis
762 1852 904 1889 operibus
924 1860 1022 1888 neque
1042 1850 1164 1878 internis
1183 1849 1396 1887 affectibusfib)
1424 1850 1509 1878 Sicut
1533 1852 1657 1889 copiose
1671 1852 1839 1890 disputatur
1862 1857 1889 1884 9.
1906 1861 1960 1884 cn0.

961 1920 1077 1944 CODICIS
1094 1919 1273 1944 DIYERSITAS.
1928 1920 1960 1924 Μ’

300 1998 326 2023 ffi
342 1964 369 1994 1)
386 1964 566 1989 raciotinamur
601 1963 629 1993 2)
647 1964 753 1988 Tiranno
801 1963 829 1993 3)
846 1961 936 1986 Haud
957 1962 1031 1986 satis
1058 1960 1163 1994 liquet,
1194 1963 1296 1985 utrum
1318 1962 1438 1992 persequi
1462 1960 1614 1995 leyemlum
1634 1964 1688 1994 sit,
1715 1971 1754 1988 an
1772 1967 1897 1997 prosequi.
1933 1969 1961 1997 4)

269 1999 298 2024 Di
328 1999 396 2023 nitio.

860 2056 1011 2081 'EDlTIONIS
1030 2055 1177 2080 PRINCIPIS
1195 2055 1366 2080 DISSENSL'S.

343 2099 370 2129 a)
388 2100 423 2124 De
442 2099 532 2123 Libero
550 2098 675 2129 Arbitrio]
693 2099 731 2124 DE
749 2099 871 2124 HOMINIS
894 2099 1013 2124 VIRIBVS
1044 2098 1159 2128 adeoque
1180 2098 1210 2121 de
1231 2098 1309 2123 libero
1329 2099 1439 2124 arbitrio.
1471 2097 1608 2124 Ceterum
1621 2099 1689 2124 add.
1711 2102 1885 2132 scripsere...
1904 2110 1962 2134 pro-

276 2134 354 2159 ditum
364 2135 409 2158 est.
423 2130 742 2164 1⁷id.fol.5‚b.3.—fol.
752 2135 810 2163 6,(ι.
821 2134 858 2158 17.
872 2134 900 2163 b)
908 2132 1240 2162 Hominis...Primum:]Ac
1247 2133 1367 2162 primum.
1377 2135 1526 2163 ..cog-nouit.
1540 2132 1602 2158 Vid.
1616 2132 1848 2166 fol.6.a.18—23.
1860 2138 1885 2166 c)
1893 2138 1962 2163 aliud

275 2174 307 2192 ex
325 2167 374 2192 alio
393 2167 588 2204 cognoscimus]
607 2168 656 2192 alia
675 2174 732 2192 cum
755 2167 811 2192 aliis
831 2173 1022 2197 comparamus.
1041 2167 1111 2191 aliud
1130 2173 1161 2191 ex
1179 2166 1228 2191 alio
1248 2167 1398 2196 colligimus.
1435 2168 1463 2197 d)
1482 2169 1510 2193 Et
1532 2169 1557 2193 in
1582 2169 1644 2193 hoo.
1658 2188 1678 2194 ..
1702 2169 1815 2201 faciunt]
1844 2169 1960 2196 absunt.

275 2202 303 2231 e)
322 2203 419 2226 2¹¹¹....
438 2201 518 2231 mala]
537 2208 595 2225 om.
632 2201 656 2230 f)
675 2202 736 2232 qua]
755 2200 823 2225 add.
845 2203 888 2226 aut
928 2202 958 2231 g)
977 2201 1018 2232 alij
1038 2202 1195 2226 voluntatem
1209 2219 1215 2225 .
1228 2219 1253 2225 ..
1272 2202 1381 2232 vocant]
1401 2202 1464 2227 alias
1478 2203 1644 2233 uoluntatem,
1663 2204 1726 2228 alias
1740 2205 1878 2232 adfectum.
1897 2207 1961 2232 alias

275 2236 415 2266 appetitum
433 2236 571 2260 nominant.
607 2234 741 2260 Ceterum
757 2234 825 2260 add.
846 2237 898 2261 Non
917 2238 976 2266 puto
989 2255 995 2260 .
1007 2255 1028 2261 ..
1047 2236 1206 2260 uoluntatem
1226 2237 1324 2260 uocant.
1365 2234 1428 2260 Vid.
1440 2234 1493 2268 fol.
1514 2238 1537 2267 6,
1558 2235 1580 2261 b.
1600 2238 1657 2262 5—
1675 2238 1712 2263 13.
1748 2239 1778 2266 11)
1796 2241 1883 2270 atque]
1903 2247 1960 2264 om.

274 2269 295 2299 i)
314 2270 500 2298 Tyrannus...
519 2269 638 2300 homine]
664 2270 688 2294 iu
713 2271 801 2300 repub.
821 2271 956 2301 tyrannus,
976 2270 1009 2294 ita
1028 2270 1053 2294 in
1076 2270 1178 2294 homine
1198 2269 1316 2294 uoluntas
1337 2271 1383 2300 est,
1431 2271 1460 2299 k)
1480 2271 1650 2302 consiliarius]
1675 2274 1780 2298 senatus
1823 2275 1844 2303 1)
1862 2274 1876 2299 i.
1903 2280 1961 2300 e...

275 2303 420 2328 intellectus
430 2303 446 2333 :J
466 2305 518 2333 est,
537 2303 571 2328 ita
588 2305 713 2329 uoluntati
737 2305 853 2334 cognitio
890 2306 928 2331 m)
947 2305 988 2335 qui
1012 2305 1130 2329 alias...
1149 2304 1287 2334 refragari]
1305 2304 1339 2328 ita
1358 2306 1403 2329 ut.
1417 2324 1440 2329 ..
1459 2305 1647 2335 explicabimus.
1688 2304 1750 2331 Viel.
1769 2305 1822 2339 fol.
1843 2310 1865 2338 67
1887 2306 1909 2333 b.
1931 2309 1961 2334 18

275 2350 307 2354 -—
327 2339 366 2362 21.
401 2338 430 2367 n)
452 2336 517 2361 Om-
533 2344 607 2369 quae
620 2336 669 2362 hic
684 2339 763 2370 typi-s·
782 2336 947 2362 minoribus
966 2339 1121 2370 ea:.vcr·z·pta
1140 2340 1216 2361 sunt.
1253 2338 1280 2367 o)
1299 2339 1348 2363 Nos
1369 2339 1566 2369 simpliciter...
1591 2341 1709 2370 vtemur]
1732 2342 1839 2366 Rursum
1862 2343 1961 2367 intelle-

276 2373 343 2396 ctum
367 2377 424 2396 cum
444 2372 574 2396 uoluntate
594 2372 761 2402 coniunctum,
780 2374 873 2397 uocant
890 2373 1021 2398 rationem.
1040 2374 1089 2398 Nos
1109 2378 1191 2403 neque
1210 2372 1321 2402 rationis,
1340 2379 1422 2403 neque
1440 2374 1512 2397 liberi
1526 2374 1621 2399 arbitrii
1637 2380 1698 2399 uoce
1712 2377 1821 2405 utemur,
1857 2377 1885 2406 p)
1898 2378 1960 2402 Nam

296 2424 316 2431 ..
336 2406 492 2436 scriptores]
511 2413 568 2429 om.
589 2404 715 2430 sedadd.
735 2407 781 2432 sed
800 2407 907 2432 hominis
925 2409 1057 2437 partes...
1077 2407 1108 2431 de
1127 2407 1234 2431 hominis
1252 2407 1365 2436 partibus
1385 2408 1486 2432 dixisse.
1528 2405 1589 2431 ΓΜ.
1602 2405 1655 2439 fol.
1676 2410 1698 2436 6,
1718 2407 1741 2434 h.
1761 2411 1800 2435 23.
1818 2423 1850 2427 —-—
1868 2408 1920 2442 fol.
1938 2412 1960 2441 7,

277 2447 305 2463 α.
326 2442 348 2465 9.
393 2440 421 2470 q)
439 2440 555 2475 4ῑ“,“1....
574 2440 762 2472 benefaciendi]
780 2442 891 2466 Pertinet
909 2443 995 2466 autem
1014 2441 1047 2466 ad
1065 2441 1116 2466 uim
1136 2441 1305 2470 cognoscendi
1323 2441 1372 2469 lex.
1391 2442 1416 2466 id
1427 2444 1465 2467 est
1476 2442 1585 2471 cognitio
1607 2443 1788 2468 faciendorum.
1806 2445 1831 2473 r)
1851 2445 1961 2476 vitiumz]

277 2480 335 2497 om.
373 2474 398 2504 s)
417 2473 589 2504 grat1a.]om.
626 2475 648 2503 t)
668 2475 738 2504 Quod
757 2475 892 2500 discrimen
911 2477 1074 2500 accurate...
1094 2475 1167 2500 Aliud
1185 2475 1323 2505 affectum]
1343 2482 1401 2499 om.
1447 2476 1477 2505 u)
1497 2477 1620 2501 5²¹1m....
1640 2478 1775 2507 voluntas]
1795 2485 1852 2501 om.
1867 2478 1918 2503 sed
1930 2479 1962 2503 in

277 2514 373 2541 may-q.
389 2507 457 2532 add.
477 2508 541 2533 Num
560 2509 677 2533 voluntas
696 2509 729 2533 sit
752 2509 840 2534 libera.
874 2510 902 2539 v)
922 2511 1021 2540 proprie
1040 2516 1091 2534 non
1109 2509 1186 2539 cadit]
1206 2516 1256 2534 non
1275 2509 1365 2534 dicitur
1382 2511 1482 2540 proprie
1514 2510 1605 2535 cadere
1650 2512 1686 2539 w)
1711 2513 1890 2543 cognoscendi]
1920 2519 1961 2537 co-

277 2543 454 2572 gnoscentem‚
488 2543 517 2572 x)
536 2543 617 2567 libera
635 2543 752 2568 videtur.
767 2562 772 2568 .
786 2562 790 2568 .
804 2544 952 2574 voluntate]
972 2545 1094 2569 uoluntati
1113 2544 1300 2574 obtemperans.
1312 2544 1361 2568 huc
1382 2546 1426 2569 aut
1444 2545 1503 2569 illuc
1520 2545 1622 2574 rapitur.
1658 2545 1685 2573 ς)
1704 2543 1788 2569 Haec
1801 2546 1959 2578 inscriptio

279 2581 336 2599 om.
374 2577 400 2605 z)
418 2576 495 2606 Ergo]
513 2577 598 2607 Itaque
625 2578 667 2606 aa)
687 2579 867 2607 quatenus...
885 2578 1015 2608 humana]
1033 2579 1066 2603 sit
1085 2584 1115 2602 ne
1135 2578 1216 2603 libera
1230 2578 1357 2608 uoluntas,
1377 2580 1402 2603 et
1421 2580 1546 2609 quatenus
1567 2579 1645 2603 libera
1665 2580 1702 2603 sit.
1739 2580 1784 2608 hb)
1804 2581 1960 2605 Sextum...

279 2609 431 2641 affectibus]
448 2611 571 2636 RESPON.
591 2611 797 2642 Quandoquidem
816 2612 900 2636 omnia
918 2619 981 2643 quae
1001 2613 1140 2643 eueniunt,
1171 2612 1316 2637 necessario
1339 2612 1409 2638 iuxta
1434 2613 1545 2637 diuinam
1569 2613 1801 2642 praedestationem
1831 2615 1959 2644 eueniunt,

277 2643 348 2668 nulla
370 2646 410 2669 est
432 2645 568 2670 uoluntatis
586 2648 688 2671 nostrae
706 2646 817 2671 libertas.
