2358 2933
251 132 309 161 ,20-

252 223 345 251 etiam
379 219 531 251 moralia.
565 230 581 248 a
612 229 709 248 rausa
742 218 1022 248 reconciliationis.
1068 218 1107 248 Et
1136 218 1221 249 hanc

251 262 440 301 particulam
471 261 608 291 inculcat
638 259 776 290 l'aulus.
809 267 840 289 ut
865 261 1083 290 conscientias
1108 261 1221 290 reddat

252 313 372 333 certas.
411 305 480 333 Nun
500 310 606 342 potest
627 311 733 332 autem
754 303 852 332 teneri
873 303 1031 332 certitudo
1051 303 1223 332 conscien-

251 347 381 375 tiarum.
417 347 442 374 si
468 345 670 373 sentiendum
695 352 762 375 est.
798 344 884 384 quod
910 350 1042 384 propter
1065 343 1222 384 impletio-

251 397 322 416 nrm
363 385 530 416 moralium
566 396 806 425 ‹·‹mse‹pianiur
848 387 1071 416 remissionem
1106 396 1222 425 pecca-

253 436 373 458 torum.
410 429 483 467 quia
513 436 608 457 nemo
640 426 799 457 satisfacit
830 426 892 468 legi
924 426 1046 458 morali.
1092 427 1140 457 Ex
1171 427 1221 457 his

251 469 361 509 liquet.
386 468 520 499 Paulum
545 479 608 498 non
634 468 737 500 solum
763 470 802 500 dc
821 470 1026 507 ceremoniis,
1049 471 1109 500 sed
1127 470 1221 500 etiam

251 513 290 541 de
314 511 387 551 lege
412 510 526 540 morali
550 509 648 551 loqui.

336 554 406 583 Nec
430 559 478 583 cst
504 552 742 593 Sophisticum.
775 554 823 584 sic
847 555 1051 594 interpretari
1075 552 1222 589 Paulum.

252 604 282 625 ut
303 595 464 625 hactenus
484 596 560 631 dixi,
584 596 775 635 praesertim
793 606 864 625 cum
884 596 965 625 haec
986 594 1062 625 nihil
1081 595 1223 625 habeant

251 638 384 667 absurdi
407 644 460 667 aut
484 636 639 677 perplexi.
675 637 739 668 Sed
764 638 870 678 potius
894 637 988 668 suerit
1004 637 1223 678 Sophisticum

252 680 430 719 decerpere
454 678 573 720 aliquid
599 679 638 709 de
662 678 753 710 Pauli
777 680 1009 720 disputatione,
1039 686 1069 710 et
1092 685 1223 709 senten-

251 722 328 751 tiam
353 720 531 752 mutilatam
555 721 702 757 reddere,
728 728 824 762 atque
846 722 888 751 ita
913 720 1026 752 tollere
1051 722 1223 763 gratuitam

252 764 489 794 remissionem.
513 763 629 793 tollere
645 770 767 793 certam
780 762 1040 794 consolationem
1054 763 1224 793 conscien-

253 807 377 835 tiarum.
403 814 432 835 et
453 804 612 846 affingere
629 804 784 844 puerilem
802 806 1111 845 interpretationem,
1136 805 1224 845 quod

252 848 333 877 tides
365 848 526 888 significet
557 854 679 877 tantum
708 848 861 877 historiae
885 848 1047 879 notitiam:
1082 853 1110 877 et
1136 847 1223 887 quod

252 890 450 920 conscientia
464 890 494 919 in
509 900 568 920 suo
582 899 688 929 agone
701 895 844 919 statuere
858 890 986 926 debeat,
1005 890 1091 929 quod
1105 888 1223 918 habeat

251 932 476 962 remissionem
494 938 723 972 peccatorum,
749 931 836 972 quod
854 930 972 961 habeat
990 931 1098 961 Deum
1116 931 1224 971 propi-

253 975 329 1004 tium
350 980 484 1014 propter
502 972 720 1014 impletionem
734 972 829 1014 legis,
848 979 983 1013 propter
995 973 1160 1013 propriam
1178 973 1224 1002 di-

252 1017 417 1058 gnitatem.
449 1015 538 1046 Haec
552 1024 707 1056 quantum
720 1015 860 1046 habeant
873 1015 1079 1052 incommodi,
1096 1024 1161 1044 non
1175 1020 1224 1044 est

252 1057 383 1089 difficile
395 1059 547 1089 iudicare.
569 1057 789 1099 intelligamus
803 1058 901 1099 igitur
909 1056 1045 1088 Paulum
1057 1056 1148 1097 loqui
1159 1065 1224 1085 non

253 1091 358 1131 stilum
377 1101 417 1131 dc
435 1102 640 1133 ceremoniis,
660 1101 719 1131 sed
739 1100 835 1130 etiam
855 1100 895 1130 de
913 1098 988 1140 lege
1000 1098 1115 1129 morali
1127 1099 1160 1128 in
1172 1098 1224 1128 his

253 1144 422 1173 sententiis
448 1142 554 1181 {Rom-
574 1143 605 1180 S,
625 1142 685 1181 3.]:
711 1141 916 1182 impossibile
941 1148 1009 1171 erat
1032 1140 1113 1182 legi,
1135 1140 1225 1170 iusti-

253 1186 363 1223 ficare,
388 1186 463 1226 quia
482 1195 541 1225 per
564 1195 695 1216 carnem
718 1185 951 1215 infirmabatur.
986 1183 1066 1214 Item
1090 1181 1176 1219 [Gal.
1194 1182 1227 1219 2,

255 1229 335 1266 164:
365 1227 415 1257 Ex
435 1228 588 1268 operibus
602 1226 685 1268 legis
700 1237 765 1256 non
778 1226 1007 1257 iustificabitur
1020 1225 1124 1256 omnis
1139 1233 1226 1254 caro.

341 1270 469 1300 ⁴&ddam
504 1280 584 1311 ergo
619 1276 650 1299 et
683 1268 791 1299 locum
828 1278 868 1298 ex
901 1267 1052 1308 Ephesiis
1095 1267 1138 1304 [2,
1168 1266 1227 1303 8.]:

255 1313 366 1343 Gratis
390 1313 470 1342 estis
495 1311 612 1342 salvati
636 1322 694 1351 per
713 1311 821 1347 tidem,
846 1316 877 1340 et
895 1309 959 1340 hoc
976 1319 1042 1339 non
1061 1319 1101 1339 ex
1121 1309 1227 1345 vobis,

252 1354 316 1385 Dei
341 1355 461 1384 donum
485 1361 547 1391 est,
570 1364 636 1384 non
661 1365 701 1383 ex
720 1353 885 1393 operibus,
907 1361 949 1382 ne
968 1353 1040 1392 quis
1059 1350 1227 1392 glorietur.

254 1396 369 1428 Multis
392 1397 505 1426 verbis
530 1397 664 1427 eandem
689 1396 882 1426 sententiam
905 1392 1064 1430 inculcat,
1091 1399 1125 1424 ut
1149 1393 1228 1422 fidu-

254 1440 304 1470 cia
329 1440 447 1469 nitatur
470 1449 535 1468 non
559 1445 670 1469 nostra
696 1439 869 1479 dignitate,
892 1437 951 1467 sed
974 1435 1207 1466 misericordia.

340 1480 434 1512 Rom.
459 1481 489 1510 5.
521 1483 584 1517 [vs.
611 1481 668 1518 1.:]
699 1479 866 1510 lustificati
896 1479 960 1509 fide
988 1487 1102 1518 pacem
1130 1476 1230 1507 habe-

255 1534 338 1555 mus.
384 1523 444 1554 Hic
475 1523 538 1554 duo
569 1524 675 1553 tribuit
705 1522 796 1558 fidei,
831 1522 918 1562 quod
954 1526 984 1551 et
1018 1519 1231 1550 iustificemur

255 1567 335 1604 fide,
377 1573 407 1596 et
443 1566 529 1606 quod
564 1565 646 1595 fides
682 1565 797 1595 reddat
830 1568 965 1603 pacatas
1000 1562 1229 1593 conscientias.

256 1609 367 1644 Quare
390 1608 486 1638 fidem
510 1618 574 1638 non
598 1606 747 1648 intelligit
766 1604 888 1636 Paulus
912 1606 1050 1635 otiosam
1074 1604 1230 1639 notitiam,

257 1652 315 1681 sed
346 1649 522 1681 luctantem
555 1660 627 1681 cmn
657 1650 839 1680 terroribus
875 1649 906 1678 in
942 1648 1118 1677 certamine
1154 1655 1231 1675 con-

257 1694 423 1725 scientiae.
470 1692 557 1723 ldem
581 1693 675 1722 docet
699 1690 795 1722 locus
819 1690 925 1728 [Rom.
945 1689 995 1725 10,
1016 1689 1097 1726 10.]:
1122 1687 1231 1718 Corde

258 1737 401 1767 creditur
429 1735 470 1765 ad
500 1735 663 1765 iustitiam.
708 1734 839 1764 Fiducia
864 1733 948 1762 enim
970 1729 1025 1761 illa
1050 1731 1231 1761 misericor-

258 1780 330 1809 diae
361 1777 478 1808 efficax
508 1783 557 1807 est
587 1778 618 1807 in
644 1777 816 1812 cordibus,
851 1775 1002 1816 agnoscit
1024 1773 1132 1804 Deum
1156 1781 1232 1802 esse

257 1821 448 1862 propitium,
475 1826 572 1860 atque
602 1821 645 1850 ita
674 1817 865 1849 consolatur
889 1816 989 1847 corda
1015 1821 1045 1846 et
1068 1814 1231 1845 iustificat.

259 1864 349 1894 Haec
380 1869 429 1893 est
460 1863 557 1903 igitur
584 1867 698 1892 nostra
728 1861 768 1891 de
796 1859 1026 1890 iustificatione
1056 1857 1233 1887 sententia:

260 1907 453 1945 Quanquam
492 1904 681 1935 necessaria
720 1903 759 1933 sit
794 1908 907 1933 nostra
939 1899 1139 1940 poenitentia
1173 1908 1233 1928 seu

261 1948 424 1983 contritis),
448 1953 555 1977 tamen
574 1945 803 1986 consequimur
819 1943 1092 1979 iustificationem,
1115 1942 1148 1972 id
1171 1946 1233 1977 est,

261 1991 486 2021 remissionem
529 1995 737 2028 peccatorum
772 1993 803 2017 et
837 1984 1134 2017 reconciliationem
1168 1992 1233 2013 non

261 2039 395 2073 propter
425 2032 612 2071 dignitatem
648 2036 781 2060 nostrae
810 2028 1043 2069 poenitentiae,
1077 2026 1135 2056 sed
1171 2025 1234 2055 tide

261 2081 396 2116 propter
419 2073 585 2104 Christum
608 2073 722 2114 gratis.

348 2116 388 2147 Et
412 2123 443 2146 ut
468 2116 551 2146 haec
571 2116 633 2145 sint
654 2113 814 2154 planiora,
837 2113 953 2143 addam
972 2110 1122 2151 amplius,
1154 2108 1235 2139 Cum

264 2162 328 2194 hoc
352 2160 449 2191 modo
474 2159 574 2189 corda
598 2158 663 2188 fide
686 2157 864 2197 eriguntur,
880 2156 926 2194 ⁹¹)
956 2153 1141 2193 concipiunt
1165 2150 1236 2190 Spi-

265 2207 359 2235 ritum
390 2208 557 2234 sanctum;
592 2201 675 2230 sicut
700 2197 821 2229 Paulus
845 2198 941 2227 docet
970 2197 1011 2226 ad
1041 2193 1177 2225 Galatas
1206 2192 1236 2221 23.

268 2251 329 2284 [vs.
356 2245 431 2281 lla]
463 2243 505 2273 Ε(
535 2242 785 2283 promissionem
809 2240 948 2279 Spiritus
979 2237 1175 2277 accipiamus
1190 2236 1236 2274 92)

267 2299 326 2329 per
345 2288 451 2317 fidem.
486 2286 559 2316 Non
580 2286 678 2326 igitur
697 2285 736 2313 de
754 2283 858 2313 otiosa
878 2281 987 2321 aliqua
1006 2279 1118 2310 notitia
1135 2276 1238 2317 loqui-

268 2340 347 2361 mur.
382 2328 421 2358 Et
450 2335 555 2358 errant
582 2327 731 2366 imperiti,
759 2326 811 2365 qui
828 2324 989 2354 somniant
1014 2321 1237 2351 remissionem

269 2377 477 2412 peccatorum
504 2371 545 2399 ita
570 2369 759 2409 contingere
781 2367 912 2403 otiosis,
935 2366 1005 2395 sine
1027 2362 1136 2403 aliquo
1161 2371 1238 2391 vero

271 2466 315 2490 91]
341 2461 482 2492 eriguntur]
507 2461 542 2485 sir
562 2460 633 2484 Editt.
653 2459 675 2480 7.
690 2459 711 2480 8.
725 2458 830 2481 11—14.
852 2460 875 2480 et
896 2456 970 2485 0pp.;
988 2454 1059 2478 Editt.
1083 2454 1101 2474 1.
1122 2455 1144 2473 2.
1164 2453 1238 2475 4-6,

340 2499 363 2520 9.
384 2497 514 2524 erigantur

272 2550 318 2574 921
345 2544 506 2576 accipiamus]
526 2543 598 2568 Editt.
620 2542 658 2564 12.
681 2543 717 2566 13.
738 2540 872 2569 accipimus

274 149 303 160 ,ι
878 127 985 158 Ptin..
1006 127 1106 158 MEL.
1131 126 1313 158 SCRIPTA
1332 127 1605 159 DoGMATwA.

2175 131 2236 162 4⁶28

1267 220 1362 249 animi
1385 226 1486 252 motu.
1510 221 1579 250 sine
1603 221 1793 257 certamine,
1812 221 1882 251 sine
1906 221 2020 252 fiducia
2045 221 2237 253 consolante

1267 262 1403 291 animos.
1449 261 1488 291 Et
1513 262 1585 301 quia
1610 262 1748 301 Spiritus
1773 269 1907 293 sanctus
1931 262 2040 299 affert,
2063 270 2097 294 ut
2121 271 2237 304 postea

1267 304 1383 340 dicam,
1401 304 1432 333 in
1445 302 1499 333 illa
1513 302 1737 334 consolatione
1751 314 1867 334 novam
1882 305 1988 342 vitam,
2002 315 2106 335 novos
2120 311 2237 343 motus,

1267 345 1340 374 ideo
1368 345 1451 375 haec
1480 347 1648 375 renovatio
1679 352 1816 376 vocatur
1840 347 2061 387 regeneratio,
2090 354 2121 377 et
2145 349 2236 388 sequi

1267 386 1363 416 debet
1388 397 1473 417 nova
1497 387 1690 424 obedientia,
1715 393 1747 417 ut
1771 397 1846 417 mox
1870 389 1985 418 dicam.

1351 427 1389 458 Et
1423 438 1463 458 ne
1489 428 1542 458 hic
1566 430 1755 469 obstrepant
1780 429 1841 469 piis
1865 431 2038 467 mentibuS,
2061 429 2237 471 labyrinthi

1267 469 1519 509 disputationmn
1543 471 1583 501 de
1606 471 1915 511 praedestinatione,
1933 478 1988 503 aut
2007 473 2048 502 de
2066 471 2169 503 libero
2188 482 2238 503 ar-

1268 511 1374 549 bitrio,
1401 513 1542 543 breviter
1570 523 1702 543 moneo:
1732 523 1796 543 non
1820 523 1896 544 esse
1920 513 1983 544 huc
2005 516 2238 547 accersendam

1267 554 1517 593 disputationem
1547 555 1587 584 de
1620 555 1937 595 praedestinatione,
1971 557 2029 586 sed
2052 558 2237 596 tenendum,

1267 596 1354 635 quod
1376 596 1552 636 promissio
1575 598 1699 637 gratiae
1723 598 1761 626 sit
1786 597 1991 628 universalis.
2037 599 2128 630 Sicut
2145 609 2238 639 prae-

1267 637 1387 667 dicatio
1412 639 1629 677 poenitentiae
1653 639 1694 668 ad
1718 649 1830 669 omnes
1854 641 2004 679 pertinet,
2026 641 2073 670 ita
2089 641 2237 671 omnibus

1267 678 1359 709 offert
1384 678 1476 709 Deus
1498 680 1764 719 promissionem:
1788 687 1819 711 ut
1844 688 2004 712 testantur
2026 683 2119 722 ipsae
2138 691 2239 713 voces

1267 720 1388 750 Christi
1413 720 1540 757 lMatth.
1566 722 1616 759 ll,
1638 722 1726 760 284:
1751 722 1869 753 Venite
1892 725 1932 753 ad
1955 734 2007 754 me
2030 734 2152 754 omnes.
2197 723 2239 754 Et

1267 760 1389 793 Paulus
1412 763 1455 792 ait
1480 762 1585 799 1R0m.
1611 764 1661 801 10,
1686 764 1766 802 1-2.]:
1791 765 1877 795 Idem
1899 765 2060 796 Dominus
2085 766 2238 802 omnium,

1267 805 1358 834 dives
1392 804 1425 834 in
1460 815 1583 835 omnes.
1640 805 1718 836 Item
1752 806 1794 843 [l.
1808 806 1887 837 Tim.
1900 808 1931 845 2,
1944 808 2005 845 41:
2050 807 2142 838 Deus
2170 806 2241 838 vult

1268 856 1381 876 onmes
1410 845 1559 876 homines
1590 846 1704 877 salvos
1734 848 1815 878 fieri.
1867 848 1932 879 Sed
1962 860 2022 880 suo
2051 848 2126 880 loco
2150 847 2241 879 colli-

1267 898 1341 928 gam
1376 887 1470 927 plura
1504 889 1697 919 testimonia.
1742 889 1812 920 Nec
1846 899 1925 921 vero
1956 891 2160 922 iudicandum
2190 896 2242 921 est

1267 931 1307 960 de
1331 930 1501 960 voluntate
1523 929 1586 960 Dei
1610 940 1724 967 secus,
1750 941 1844 970 quam
1872 931 2087 973 Evangelium
2109 933 2240 963 iudicat.

1266 971 1473 1008 Mandatum,
1503 972 1591 1011 quod
1614 973 1785 1012 praecipit,
1812 978 1846 1003 ut
1871 974 2061 1010 credamus,
2090 978 2178 1003 certe
2200 974 2240 1004 ad

1266 1023 1380 1045 onmes
1403 1014 1561 1053 pertinet,
1585 1014 1629 1044 ita
1644 1020 1676 1044 et
1695 1015 1869 1055 promissio
1887 1015 1930 1045 ad
1953 1024 2067 1045 omnes
2090 1016 2239 1055 pertinet.

1267 1055 1343 1086 Ideo
1366 1066 1431 1085 non
1456 1065 1674 1096 repugnemus
1697 1057 1850 1087 mandato
1872 1056 1947 1093 Dei,
1972 1057 2032 1087 sed
2056 1057 2240 1094 credamus,

1268 1103 1300 1128 et
1318 1106 1356 1128 se
1379 1096 1497 1138 singuli
1515 1098 1547 1127 in
1570 1097 1659 1127 illam
1681 1097 1901 1129 universalem
1923 1099 2173 1138 promissionem
2195 1099 2242 1129 in-

1268 1138 1412 1177 cludant,
1435 1145 1467 1169 et
1490 1140 1596 1170 sciant
1609 1149 1647 1170 se
1663 1149 1740 1170 vere
1763 1141 1921 1180 consequi
1944 1139 2136 1171 beneficium
2151 1139 2242 1171 Chri-

1269 1182 1322 1220 sti,
1352 1181 1380 1211 si
1408 1181 1542 1211 credant
1565 1182 1782 1221 promissioni.
1829 1181 1880 1212 De
1902 1182 2008 1212 libero
2030 1182 2165 1212 arbitrio
2189 1191 2242 1213 su—

1268 1234 1328 1263 pra
1351 1224 1505 1253 diximus:
1530 1222 1690 1257 Quoniam
1709 1234 1728 1253 a
1751 1224 1853 1254 verbo
1879 1224 2069 1254 ordiendum
2092 1230 2154 1261 est,
2176 1233 2243 1255 non

1270 1266 1426 1296 debemus
1450 1275 1634 1305 repugnare
1661 1266 1775 1295 verbo.
1821 1265 1958 1307 Agimus
1984 1266 2083 1307 igitur
2110 1265 2243 1306 aliquid,

1270 1318 1342 1339 cum
1366 1307 1588 1347 desperationi
1611 1307 1804 1344 resistimus,
1829 1314 1859 1337 et
1884 1318 1946 1338 nos
1970 1308 2124 1348 erigimus
2146 1313 2244 1348 atque

1272 1347 1480 1380 consolamur
1513 1349 1731 1390 promissione
1757 1348 1890 1380 Christi.
1936 1349 2032 1383 Quod
2064 1359 2137 1380 cum
2165 1347 2244 1380 faci-

1270 1401 1354 1429 muS,
1377 1391 1469 1422 Deus
1493 1396 1543 1422 est
1566 1390 1683 1421 efficax
1705 1400 1764 1431 per
1786 1392 1938 1429 verbum,
1962 1397 1993 1421 et
2015 1400 2078 1421 nos
2101 1391 2243 1422 adiuvat.

1270 1433 1417 1464 Retineri
1447 1434 1532 1463 enim
1562 1433 1721 1463 certitudo
1753 1433 1866 1470 debet,
1896 1442 1975 1463 vere
2002 1442 2062 1463 nos
2087 1432 2245 1473 consequi

1271 1475 1430 1507 beneficia
1459 1474 1592 1512 Christi,
1625 1485 1697 1506 cum
1727 1475 1900 1505 credimus·
1957 1473 2038 1505 Cum
2067 1475 2152 1505 enim
2179 1473 2244 1504 fide

1271 1518 1355 1548 haec
1383 1517 1454 1558 geri
1477 1517 1637 1554 debeant,
1668 1517 1809 1546 retinere
1831 1517 1967 1547 verbum
1990 1515 2054 1546 Dei
2076 1516 2243 1546 debemus.

1272 1561 1342 1590 Nec
1367 1564 1440 1590 sunt
1465 1559 1671 1599 quaerendae
1693 1557 1943 1589 illuminationes
1967 1559 2038 1588 sine
2055 1558 2158 1588 verbo
2170 1557 2244 1587 Dei.

1272 1602 1314 1632 Et
1337 1608 1373 1632 ut
1382 1603 1425 1639 ⁹3)
1457 1607 1553 1631 antea
1577 1601 1657 1637 dixi,
1680 1601 1827 1631 meritum
1850 1600 1973 1630 tollitur
1994 1601 2027 1630 in
2050 1599 2245 1630 remissione

1274 1649 1503 1685 peccatorum,
1533 1652 1598 1672 non
1623 1643 1697 1683 quia
1719 1653 1781 1672 nos
1805 1641 1883 1672 nihil
1905 1651 2059 1684 agamuS,
2089 1641 2148 1672 sed
2171 1641 2246 1682 quia

1276 1686 1424 1717 remissio
1449 1691 1497 1715 est
1523 1685 1666 1722 donatio,
1689 1690 1722 1714 ut
1746 1685 1787 1714 sit
1811 1690 1911 1714 certa.

1358 1728 1453 1758 Nunc
1476 1733 1570 1767 peto,
1598 1732 1632 1757 ut
1653 1727 1798 1767 prudens
1828 1725 1934 1757 lector
1962 1724 2134 1767 diligenter
2162 1723 2247 1755 haeo

1275 1771 1471 1807 consideret,
1495 1778 1579 1810 quae
1603 1769 1683 1799 dixi:
1709 1768 1804 1803 Quod
1822 1768 1999 1810 agentibus
2017 1766 2246 1807 poenitentiam

1274 1813 1422 1843 remissio
1452 1816 1662 1851 peccatorum
1692 1811 1794 1851 gratis
1824 1811 1964 1840 donetur
1990 1814 2127 1850 propter
2154 1806 2246 1838 Chri-

1275 1861 1371 1892 stum,
1395 1854 1481 1894 quod
1506 1852 1661 1884 offeratur
1684 1853 1845 1889 omnibus,
1869 1852 1957 1892 quod
1984 1851 2169 1881 mandatum
2193 1850 2246 1887 sit,

1275 1904 1310 1929 ut
1333 1906 1446 1927 omnes
1471 1896 1616 1932 credant,
1641 1895 1728 1935 quod
1747 1894 1906 1924 certitudo
1925 1893 2095 1924 retinenda
2114 1893 2166 1929 sit,
2184 1900 2246 1922 nos

1277 1950 1354 1971 vere
1382 1938 1538 1978 consequi
1566 1936 1723 1967 beneficia
1753 1935 1892 1973 Christi,
1923 1946 1994 1966 cum
2025 1935 2186 1965 credimus
2216 1938 2247 1963 et

1276 1981 1492 2023 promissione
1515 1989 1575 2010 nos
1600 1977 1818 2009 consolamur.
1875 1977 1965 2007 Haec
1995 1978 2049 2017 qui
2070 1985 2149 2007 vere
2171 1985 2246 2005 con-

1276 2024 1442 2060 siderabit,
1465 2020 1623 2062 intelliget
1646 2030 1849 2060 nequaquam
1871 2020 2021 2049 intricata
2043 2024 2099 2048 aut
2119 2017 2246 2058 perple-

1277 2077 1318 2097 xa
1340 2071 1395 2096 aut
1418 2063 1603 2104 Sophistica
1626 2072 1718 2099 esse,
1749 2062 1807 2092 sed
1835 2060 1933 2101 plana
1955 2067 1987 2091 et
2009 2059 2188 2100 explicata,
2215 2064 2247 2089 et

1277 2108 1365 2140 utilia
1389 2108 1429 2138 ad
1452 2107 1616 2146 pietatem,
1640 2110 1671 2135 et
1693 2103 1815 2135 habere
1837 2114 1933 2134 usum
1956 2103 1989 2133 in
2012 2103 2079 2132 vita
2102 2108 2133 2132 et
2157 2111 2247 2131 exer-

1279 2151 1362 2182 citiis
1400 2150 1536 2190 piorum.
1600 2147 1745 2177 Econtra
1803 2145 1894 2176 uales
1923 2143 2112 2186 labyrinthi,
2148 2153 2243 2184 quam

1278 2193 1379 2224 multa
1400 2189 1557 2232 perplexa
1580 2190 1644 2219 sint
1657 2191 1700 2225 ⁹⁴)
1733 2189 1763 2218 in
1785 2189 1794 2218 i
1822 2198 1913 2218 orum
1940 2186 2165 2227 opinionibus,
2193 2184 2245 2225 qui

1280 2236 1475 2267 dissentitmt
1499 2243 1518 2263 a
1540 2232 1646 2268 nobis,
1668 2229 1745 2260 nolo
1767 2230 1831 2261 hoc
1853 2228 1928 2259 loco
1952 2227 2120 2270 colligere.

1532 2299 1591 2330 DE
1614 2299 1744 2329 Bole
1769 2295 1995 2327 OPERIBUS.

1368 2360 1526 2395 Quoniam
1556 2364 1662 2388 autem
1693 2357 1756 2387 dixi
1788 2357 1828 2386 de
1859 2352 2125 2384 reconciliatione
2154 2357 2186 2382 et
2209 2350 2248 2380 de

1283 2501 1329 2529 93)
1349 2503 1375 2523 ut
1394 2505 1444 2529 [zm
1475 2507 1576 2525 errore
1595 2500 1734 2523 omittunt
1754 2498 1794 2522 Ed.
1818 2499 1854 2521 11.
1875 2500 1900 2520 et
1919 2495 1983 2526 Opp.

1284 2534 1329 2562 94)
1349 2531 1408 2562 sini]
1428 2531 1469 2555 Ed.
1489 2532 1511 2554 7.
1531 2535 1610 2554 male:
1630 2536 1686 2558 sum
