2358 2933
135 120 199 152 293

165 1060 247 1091 Qu

581 118 604 148 1.
636 117 737 149 LOCI
760 117 1037 149 THEOLOGICI:
1068 117 1104 149 C.
1129 117 1338 167 SECUNDA
1360 117 1516 148 EORUM
1539 117 1694 148 AETAS.

290 211 468 242 Testantur
486 211 570 241 idem
589 217 620 241 et
639 210 693 241 lex
706 217 844 241 naturae
857 216 888 240 et
901 211 1111 250 experientia.

289 254 372 284 Nam
395 252 478 283 haec
501 254 573 292 ipsa
593 254 702 292 opinio
722 259 773 283 est
796 253 956 293 quaedam
980 251 1033 282 lex
1055 261 1112 281 na-

288 302 393 332 turae,
417 294 545 326 scilicet
570 297 692 325 sentire
718 295 806 335 quod
829 295 909 325 deus
929 304 990 333 pro
1015 295 1111 324 bene-

288 336 385 369 factis
397 339 539 377 praemia
552 338 679 374 reddat,
698 347 758 377 pro
776 335 960 367 malefactis
974 345 1110 375 poenas,

287 379 365 410 Ideo
383 381 503 410 mansit
525 379 589 411 1100
612 380 765 410 iudicium
788 379 875 418 apud
899 388 1012 408 omnes
1033 388 1110 419 gen—

288 427 350 459 tes,
370 428 401 452 et
424 421 500 452 hinc
521 423 694 452 extiterunt
715 420 790 451 illae
805 421 1023 461 gravissimae
1036 430 1110 451 5011-

287 465 409 495 tentiae
438 465 525 503 apud
547 463 727 494 Hesiodum
755 469 787 492 et
809 462 893 493 alios
922 463 963 492 de
991 463 1109 502 poenis

287 506 493 537 delictorum.
545 506 672 536 Deinde
707 511 837 536 constat
874 504 939 535 hoc
979 514 1110 545 quoque

286 547 362 579 illas
385 550 478 589 ipsas
507 547 661 578 heroicas
687 548 824 578 virtutes
850 548 881 576 111
906 548 1039 578 5011111115
1064 548 1109 576 111-

287 591 392 632 geniis
417 601 495 621 vere
518 600 595 620 0550
624 589 803 629 peculiaria
830 590 916 619 dona
945 596 977 619 et
1009 599 1110 629 opera

286 634 349 663 dei.
373 632 480 673 qualis
498 631 558 663 suit
576 634 608 662 111
626 631 846 672 Xenophonte
864 632 1028 672 inquisitio
1047 631 1109 667 dei,
1135 667 1136 675 ἵ

285 675 317 705 10
340 674 573 712 Themistocle,
597 674 710 712 Fabio,
739 674 894 714 Scipione
918 674 1108 715 magnitudo

286 717 382 747 animi
400 722 498 757 atque
518 715 689 747 eonsilium
713 717 744 746 in
770 715 976 746 defendenda
993 716 1109 756 patria,
1134 751 1136 759 A

284 760 317 789 in
349 757 458 795 Lelio‚
488 759 600 789 Attico
629 759 809 788 moderatio
839 764 871 788 et
899 758 998 795 fides,
1027 756 1109 788 Cum

285 806 394 831 autem
420 801 484 831 sint
508 801 680 831 verissime
706 811 806 840 opera
833 801 902 838 dei,
933 801 1018 830 sicut
1047 800 1109 839 ipsi

285 842 371 873 00011
407 844 529 880 nostri,
565 848 655 873 certe
688 853 755 873 non
789 849 864 873 sunt
899 852 954 872 res
991 840 1107 872 malae.

286 884 396 919 Quare
415 884 498 915 haec
514 886 635 915 iustitia
651 886 762 916 earnis
781 884 881 915 habet
901 886 996 914 etiam
1016 893 1109 914 suam

284 926 424 957 laudem.
458 927 500 957 Et
519 928 658 958 docendi
678 933 752 957 sunt
765 926 913 957 homines
927 927 1014 967 quod
1027 927 1108 956 deus

285 979 357 999 eam
380 970 524 1010 requirat
544 981 583 1001 30
607 971 760 1010 praemiis
784 976 888 1000 ornet.
935 968 1031 1003 Quod
1054 979 1109 999 au-

284 1018 349 1042 tem
373 1013 525 1042 obiicitur
543 1011 629 1042 hanc
651 1013 804 1042 iustitiam
823 1017 996 1051 peccatum
1020 1020 1108 1047 esse,

284 1054 366 1084 deus
389 1060 497 1084 autem
515 1059 595 1083 non·
620 1054 755 1094 requirit
778 1059 927 1092 peccata.
958 1052 1108 1092 Respon-

283 1095 356 1126 deo.
386 1095 479 1126 Deus
493 1096 626 1136 requirit
641 1105 723 1135 opus
736 1096 854 1135 ipsum,
878 1095 1006 1125 Deinde
1020 1095 1108 1135 quod

282 1138 371 1168 istud
389 1148 473 1178 opus
497 1139 538 1169 sit
557 1143 740 1178 peccatum,
764 1138 795 1168 id
815 1137 849 1167 fit
867 1147 928 1177 per
950 1138 1107 1168 accidens

283 1179 411 1211 scilicet
433 1186 568 1220 propter
590 1182 741 1212 vitiosam
764 1189 954 1219 personam,
979 1185 1013 1210 ut
1040 1190 1107 1209 ma—

283 1223 416 1261 gnitudo
435 1223 532 1252 animi
555 1223 587 1252 in
609 1221 741 1253 Achille
765 1229 816 1252 est
841 1223 978 1263 egregia
1002 1223 1107 1252 virtus

282 1274 342 1305 per
366 1274 443 1295 sese
469 1270 501 1294 et
523 1274 603 1295 vere
626 1275 709 1304 opus
735 1265 804 1301 dei,
835 1265 895 1294 sed
918 1265 953 1295 fit
976 1265 1107 1301 vitiosa,

283 1307 359 1347 quia
376 1316 521 1347 persona
541 1311 591 1336 est
610 1308 740 1344 vitiosa,
759 1317 844 1348 quae
864 1307 989 1337 dubitat
1001 1312 1109 1338 utrum

284 1349 365 1379 deus
387 1349 545 1389 respiciat
571 1348 720 1379 homines
747 1350 869 1389 01096)
900 1355 951 1379 est
977 1350 1048 1380 sine
1071 1351 1108 1379 ti-

283 1401 374 1421 more
396 1396 428 1422 et
452 1392 522 1421 sine
546 1390 665 1422 fiducia
689 1392 750 1422 dei.
795 1392 873 1422 Ideo
894 1402 977 1432 opus
1001 1393 1108 1432 ipsum

281 1442 348 1463 non
372 1439 421 1463 051
446 1434 630 1464 obedientia
656 1444 736 1475 erga
760 1435 868 1464 deum.
914 1433 972 1464 llle
1000 1440 1108 1465 autem

282 1481 334 1505 est
367 1476 474 1506 iustus
504 1476 578 1505 finis
609 1486 745 1517 operum
773 1486 852 1507 vere
881 1477 1044 1507 bonorum
1072 1482 1108 1507 ut

282 1517 346 1547 sint
365 1518 551 1548 obedientia
569 1528 648 1559 erga
667 1520 772 1550 deum.
808 1519 902 1549 Deus
921 1520 1020 1560 igitur
1038 1530 1108 1549 rem

282 1559 413 1597 quidem
444 1560 563 1589 bonam
581 1562 732 1600 requirit,
763 1562 823 1591 sed
847 1568 966 1592 natura
989 1562 1107 1593 vitiosa

281 1599 362 1631 illud
384 1602 490 1640 ipsum
514 1603 603 1641 quod
628 1603 709 1633 deus
736 1604 871 1643 requirit
895 1605 1106 1634 contaminat.

325 1642 463 1684 Reliqua
483 1649 535 1673 est
553 1654 619 1673 1103
628 1646 674 1684 97)
695 1645 861 1676 (1151100110
873 1647 1003 1685 peccati
1021 1657 1107 1677 mor-

282 1684 358 1715 talis
381 1696 421 1716 ac
444 1684 593 1716 venialis.
639 1686 706 1716 Sed
737 1687 777 1716 de
805 1686 868 1718 hac
897 1688 1106 1719 distinctione

281 1725 366 1757 infra
396 1728 552 1757 dicemus.
605 1728 678 1758 Non
710 1730 794 1759 enim
829 1735 940 1769 potest
969 1730 1107 1772 intelligi

281 1770 358 1809 quid
377 1770 418 1799 sit
435 1768 564 1799 veniale
582 1770 644 1800 nisi
662 1771 753 1810 prius
774 1772 815 1801 de
834 1772 898 1802 fide
917 1773 1105 1804 duxerimus.

279 1811 364 1841 Nam
386 1812 457 1841 sine
476 1811 540 1841 fide
560 1813 764 1843 conscientia
782 1824 848 1844 non
867 1819 978 1854 potest
998 1817 1106 1846 consi—

280 1859 369 1883 stere
403 1854 435 1883 in
469 1854 589 1884 iudicio
625 1855 686 1885 dei.
736 1855 813 1886 Ideo
842 1856 923 1886 fiunt
952 1857 1105 1888 mortalia

281 1896 389 1925 omnia
422 1906 506 1936 quae
535 1898 772 1928 conscientiam
806 1906 985 1937 accusant,
1021 1901 1105 1931 sicut

280 1937 404 1968 Paulus
423 1939 524 1978 inquit
544 1939 651 1977 [Rom.
675 1940 707 1977 4,
730 1940 806 1978 15.].
840 1940 911 1971 Lex
929 1943 1011 1972 iram
1035 1941 1104 1973 effi-

281 1980 335 2010 cit.
380 1980 460 2011 Item
488 1981 530 2018 [l.
550 1981 627 2012 Cor.
649 1982 699 2019 15,
717 1982 782 2021 56.]
813 1983 960 2014 Aculeus
988 1986 1103 2016 mortis

280 2028 342 2052 etc.
388 2023 459 2053 Nec
478 2031 619 2063 possunt
639 2026 758 2064 opponi
778 2026 897 2057 iudicio
917 2027 969 2056 dei
993 2038 1103 2067 quam-

279 2062 357 2094 libet
386 2063 524 2095 honesta
556 2076 668 2106 opera.
714 2068 788 2108 quia
824 2079 890 2098 non
925 2078 1102 2109 possumus

280 2107 351 2135 sine
376 2107 555 2137 mediatore
578 2107 712 2139 Christo
737 2111 900 2140 accedere
926 2112 968 2142 ad
994 2113 1101 2142 deum.

280 2148 356 2178 Ideo
386 2149 487 2189 inquit
516 2149 639 2180 Paulus
670 2151 778 2190 [Rom.
807 2153 838 2189 8,
864 2153 921 2191 6.].
974 2154 1102 2185 Sensus

281 2191 389 2221 carnis
408 2201 496 2221 mors
516 2198 566 2223 est
585 2193 605 2223 i.
619 2203 646 2223 e.
667 2195 791 2225 etiamsi
808 2195 907 2226 habet
919 2196 1017 2227 homo
1031 2199 1102 2228 sine

280 2232 344 2263 fide
367 2232 508 2274 aliquam
532 2235 572 2265 de
591 2236 652 2266 deo
675 2238 833 2274 notitiam,
858 2240 982 2270 etiamsi
1002 2239 1100 2270 habet

280 2276 433 2316 egregias
457 2277 605 2314 virtutes,
629 2284 739 2309 tamen
762 2281 795 2310 in
818 2281 936 2312 iudicio
960 2282 1011 2312 dei
1034 2293 1100 2313 non

279 2318 456 2349 vivificant.
503 2319 613 2354 Quare
643 2322 704 2351 etsi
734 2322 815 2353 deus
849 2325 984 2364 requirit
1013 2324 1100 2356 113110

279 2361 517 2402 paedagogiani
540 2373 598 2393 seu
621 2363 775 2395 iustitiam
799 2367 918 2403 carnis,
943 2367 1004 2397 etsi
1028 2378 1100 2399 cor—

127 2486 173 2518 96)
197 2487 257 2518 etc.]
275 2488 301 2512 in
319 2488 390 2513 Editt.
409 2489 491 2514 deest.

127 2536 173 2567 97)
198 2537 260 2568 una]
279 2539 304 2562 in
322 2539 393 2564 Editt.
415 2541 501 2565 omiss.

2080 119 2143 151 294

1163 209 1335 250 poralibus
1365 210 1532 250 111-30111115Ι
1567 220 1638 240 0301
1663 216 1769 247 01031,
1792 217 1901 241 tamen
1924 212 1988 241 ista
2026 213 2064 241 10,
2083 218 2105 236 a·

1164 258 1239 283 sunt
1265 251 1351 283 falsa
1374 263 1457 293 quae
1483 251 1646 282 affirmant
1667 254 1771 282 nostri
1795 254 1987 291 adversarii,

1164 296 1251 334 quod
1288 294 1367 325 talia
1401 305 1502 334 opera
1536 301 1724 325 mereantur
1760 296 1987 326 remissionem

1162 343 1375 376 peccatorum
1404 338 1475 367 sive
1499 337 1538 367 de
1563 347 1712 378 congruo
1739 338 1810 368 sive
1837 338 1877 367 de
1909 348 1986 369 con-

1163 379 1273 419 digno.
1318 379 1358 409 Et
1378 379 1508 419 quidem
1532 379 1652 409 docent
1674 379 1860 410 huiusmodi
1885 390 1987 420 opera

1162 422 1279 451 mereri
1306 422 1534 451 remissionem
1563 428 1777 460 peecatorum
1810 424 1881 452 sine
1906 422 1986 452 fidu-

1163 464 1214 493 cia
1239 462 1372 493 Christi.
1419 462 1466 493 lta
1496 463 1657 493 somniant
1681 462 1807 503 placari
1830 465 1911 494 iram
1935 465 1985 494 (1οἰ

1162 506 1233 535 sine
1264 505 1408 536 Christo.
1460 504 1526 534 Sed
1561 503 1717 535 reclamat
1752 505 1896 543 Paulus,
1932 507 1985 546 qui

1162 547 1259 577 docet.
1299 548 1403 588 gratis
1434 547 1553 576 remitti
1582 553 1721 586 peccata
1751 547 1815 578 fide
1850 554 1986 588 propter

1161 588 1339 626 Christum,
1362 594 1394 619 ut
1415 587 1505 619 01310
1524 594 1663 619 testatur
1685 589 1787 629 Ephe.
1809 593 1837 620 2.
1860 593 1923 627 [vs.
1938 590 1984 627 S.]

1161 630 1273 661 Gratis
1296 630 1415 661 salvati
1439 637 1502 661 010.
1548 630 1638 661 Haec
1666 632 1698 661 in
1722 632 1909 671 praesentia
1934 642 1985 662 53-

1160 673 1202 703 115
1226 674 1267 703 511
1292 673 1471 703 1110001550.
1518 671 1607 703 Infra
1637 674 1720 703 enim
1752 675 1920 713 copiosius
1945 674 1986 703 de

1160 716 1355 746 remissione
1374 721 1585 755 peccatorum
1607 715 1781 746 dicendum
1805 717 1875 746 erit.

1205 790 1239 820 10
1264 790 1327 821 1100
1350 789 1426 821 1000
1452 793 1492 821 ='e
1521 797 1660 821 11000310
1686 801 1826 821 neeesse
1856 798 1906 821 est
1930 793 1985 822 ad-

1160 843 1294 864 monere
1327 831 1485 863 lectorem
1521 835 1561 864 de
1595 833 1779 864 affectibus.
1825 833 1985 874 Duplices

1161 882 1237 906 sunt
1266 876 1297 905 in
1332 882 1449 906 natura
1477 875 1619 906 hominis
1654 876 1801 907 affectus.
1848 876 1986 910 Quidam

1161 917 1354 958 simpliciter
1376 925 1522 959 pugnant
1547 929 1619 949 00111
1643 917 1718 960 lege
1745 920 1806 956 (101,
1830 925 1862 949 01
1888 928 1985 958 appe-

1161 966 1232 990 tere
1246 958 1381 990 alterius
1400 971 1456 991 res
1473 967 1528 991 aut
1546 961 1729 998 coniutrem7
1752 962 1900 991 invidere
1913 960 1985 991 aliis

1161 1003 1212 1032 dei
1242 1001 1420 1039 beneficia,
1445 1010 1601 1043 appetere
1633 984 1772 1044 gdoriam
1796 1004 1985 1040 indebitam,

1161 1050 1192 1074 et
1217 1044 1333 1074 efferre
1357 1054 1432 1074 sese
1456 1055 1557 1085 supra
1580 1044 1663 1075 alios
1687 1051 1751 1075 etc.
1762 1047 1805 1079 95)
1835 1044 1985 1075 diffidere

1160 1087 1238 1124 deo,
1283 1086 1486 1117 stomachari
1526 1088 1688 1118 adversus
1729 1088 1884 1118 iudicium
1922 1088 1985 1124 (101,

1160 1129 1273 1159 odisse
1303 1130 1415 1166 (10001,
1451 1136 1515 1160 010.
1561 1129 1712 1170 Tales99)
1743 1130 1882 1161 affectus
1910 1135 1986 1161 sunt

1158 1172 1292 1211 proprie
1324 1170 1453 1202 fructus
1488 1174 1619 1212 peceati
1654 1173 1807 1213 originis,
1843 1178 1875 1203 et
1909 1178 1985 1203 sunt

1160 1213 1354 1254 simpliciter
1383 1213 1458 1245 mali
1487 1226 1527 1245 30
1554 1216 1680 1252 vitiosi,
1712 1221 1742 1245 et
1773 1215 1921 1245 eiiciendi
1945 1225 1985 1245 ex

1159 1262 1276 1287 natura
1298 1256 1450 1295 hominis,
1476 1267 1539 1288 nec
1563 1264 1656 1288 erant
1680 1256 1779 1288 futuri
1802 1258 1834 1287 111
1857 1259 1986 1298 integra

1160 1305 1191 1329 et
1214 1300 1407 1340 incorrupta
1430 1306 1559 1337 natura,
1582 1300 1648 1331 Alii
1675 1307 1751 1331 sunt
1769 1300 1907 1330 affectus
1931 1300 1985 1340 qui

1159 1351 1225 1372 non
1244 1348 1393 1382 pugnant
1413 1354 1487 1373 cum
1506 1341 1581 1383 lege
1598 1344 1649 1373 dei
1668 1349 1701 1374 ut
1721 1353 1832 1373 amare
1849 1341 1986 1378 liberos,

1159 1384 1345 1425 coniugem,
1365 1385 1450 1415 bene
1463 1387 1609 1423 meritos,
1628 1387 1729 1416 irasci
1743 1386 1840 1423 vitiis,
1858 1385 1987 1415 Natura

1159 1427 1244 1457 enim
1257 1427 1448 1467 incorrupta
1461 1438 1527 1458 non
1540 1434 1608 1459 erat
1622 1427 1732 1459 sutura
1746 1428 1818 1457 sine
1835 1428 1986 1457 omnibus

1159 1469 1433 1509 appetitionibus,
1456 1471 1540 1501 Nam
1563 1472 1782 1512 appetitiones
1806 1480 1846 1500 ex
1868 1476 1987 1500 natura

1159 1510 1276 1541 tollere
1296 1518 1347 1542 est
1366 1512 1484 1543 tollere
1503 1519 1626 1544 motum
1646 1520 1676 1544 et
1693 1515 1805 1551 vitam,
1824 1513 1902 1543 Ideo
1923 1511 1988 1542 etsi

1158 1553 1190 1585 111
1198 1553 1336 1584 affectus
1345 1556 1442 1585 etiam
1455 1557 1722 1587 contaminantur
1732 1566 1734 1575 ¹
1749 1556 1829 1586 vitio
1839 1554 1988 1595 originis,

1158 1602 1266 1626 tamen
1290 1598 1461 1628 sciendum
1484 1604 1535 1628 est
1560 1609 1620 1629 eos
1644 1609 1704 1639 per
1722 1609 1799 1629 sese
1822 1608 1889 1629 non
1914 1606 1990 1628 esse

1158 1637 1264 1669 malos
1289 1645 1320 1669 et
1343 1641 1495 1677 vitiosos,
1519 1642 1579 1671 sed
1602 1642 1635 1671 in
1658 1648 1776 1672 natura
1797 1641 1988 1672 retinendos

1158 1691 1246 1718 0550,
1267 1688 1297 1711 01
1316 1680 1526 1712 efficiendum
1542 1690 1577 1713 ut
1597 1683 1676 1714 fiant
1690 1684 1841 1724 puriores
1855 1684 1988 1716 Vocan-

1157 1729 1209 1753 tur
1238 1729 1347 1753 autem
1377 1735 1397 1754 a
1427 1725 1558 1765 graecis
1590 1729 1712 1767 στοργαὶ
1734 1732 1867 1766 φυσικαί.
1915 1728 1988 1760 Hoc

1158 1766 1335 1795 discrimen
1365 1767 1612 1799 observandum
1641 1776 1691 1800 est
1721 1780 1762 1800 ne
1787 1770 1988 1812 decipiamur

1158 1808 1199 1837 ab
1218 1807 1401 1848 hypocritis
1417 1811 1473 1843 100)
1499 1821 1614 1842 omnes
1636 1812 1775 1843 affectus
1800 1823 1986 1855 quanquam

1156 1860 1215 1889 per
1239 1860 1315 1880 sese
1336 1861 1403 1881 non
1426 1852 1567 1883 vitiosos
1587 1855 1742 1886 damnant
1757 1859 1788 1894 ¹).

1336 1947 1413 1986 De
1463 1949 1595 2003 lege
1644 1949 1796 2006 det&

1198 2027 1269 2057 Lex
1295 2028 1347 2058 dei
1376 2036 1425 2060 051
1449 2031 1599 2063 (10011103
1627 2034 1835 2074 praecipiens
1865 2036 1980 2077 quales

1154 2080 1216 2100 nos
1241 2080 1326 2107 esse,
1351 2082 1436 2112 quae
1453 2072 1577 2112 facere,
1603 2086 1687 2116 quae
1711 2077 1859 2109 omittere
1883 2089 1980 2120 opor-

1155 2117 1210 2149 tet,
1234 2119 1265 2143 et
1284 2116 1455 2154 requirens
1471 2117 1651 2157 perfectam
1670 2120 1887 2152 obedientiam
1899 2132 1979 2163 erga

1154 2155 1267 2191 deum,
1298 2166 1338 2186 ac
1365 2158 1524 2190 damnans
1554 2168 1611 2191 ecs
1641 2163 1695 2202 qui
1718 2173 1784 2193 non
1807 2170 1977 2203 praestant

1169 2275 1215 2305 98)
1242 2276 1300 2306 eto]
1320 2277 1345 2301 in
1364 2277 1436 2302 Editt.
1455 2278 1536 2303 deest.

1171 2328 1217 2355 99)
1244 2327 1329 2357 deum,
1349 2330 1395 2353 etc.
1414 2329 1498 2359 Tales]
1517 2330 1604 2355 Edict:
1624 2332 1712 2361 Deum,
1732 2336 1757 2357 et
1775 2333 1840 2358 tales

2025 1569 2066 1592 40.

2083 1567 2107 1591 b.

1154 2378 1215 2407 100)
1240 2378 1389 2409 hypocritis]
1408 2380 1480 2405 Editt.
1499 2380 1609 2406 addunt:
1628 2382 1670 2412 qui
1689 2383 1744 2407 sine
1759 2383 1903 2410 discrimine
1923 2387 2039 2415 (errore
2058 2394 2126 2413 ocu-

1237 2410 1336 2435 lorum
1355 2413 1385 2436 in
1403 2412 1462 2438 Jls.
1484 2414 1574 2444 ‹sm-2³)

1188 2463 1214 2493 1)
1240 2470 1385 2494 quanquam
1404 2479 1437 2482 —
1456 2480 1487 2483 —
1508 2466 1641 2497 damnant]
1660 2468 1746 2493 mitt:
1771 2472 1892 2501 tanquam
1911 2477 1957 2501 per
1975 2477 2003 2496 se
2022 2472 2126 2498 vitiosos

1237 2500 1263 2522 et
1281 2499 1363 2523 malos
1383 2499 1511 2524 damnant.

1186 2548 1215 2576 2)
1240 2548 1291 2578 dei]
1311 2549 1397 2574 mitt:
1416 2550 1507 2574 diviua.

1928 2604 1973 2629 19*
