2358 2933
109 134 152 166 49
540 133 562 162 1.
586 132 687 162 LOCl
710 131 986 164 THEOLOGICI:
1008 133 1050 164 A.
1074 133 1214 165 PRIMA
1236 132 1392 165 EORUM
1413 132 1719 165 ADUMBRATIO.

193 228 272 256 Huic
290 236 378 255 verae
398 225 692 255 Lucubratiunculae
711 225 844 253 locorum
863 224 1103 263 theologicorum
1123 236 1141 254 a
1159 227 1247 255 nobis
1271 226 1440 264 adiungitur

191 311 302 342 PHlL.
325 309 642 342 MELANTHONIS
666 309 945 341 THEOLOGICA
969 309 1212 341 INSTITUTIO
1234 310 1278 340 IN
1302 308 1550 341 EPISTOLAM
1574 308 1706 340 PAULI
1729 308 1791 339 AD
1815 308 2031 342 ROMA‘NOS

108 406 195 435 quam
214 395 363 429 Kohlius‚
392 394 554 424 Professor
570 395 827 432 Hamburgensis,
847 404 873 423 a.
898 396 976 424 1752
998 405 1015 423 e
1034 394 1239 423 Melanthonis
1259 394 1442 432 autographo
1463 395 1586 432 primum
1606 394 1717 429 edidit,
1749 396 1776 423 in
1804 394 1895 423 libro:
1916 394 2105 425 Gesammel-

107 443 157 470 ter
175 435 402 476 Brz'efwechsel
423 442 479 467 etc.
500 437 590 475 (cons.
610 447 639 475 p.
655 440 672 467 5
686 447 766 475 sqq..
785 438 837 470 uhi
851 438 996 475 integrum
1024 437 1151 465 indicem
1170 437 1404 474 adscripsimus)
1424 447 1452 474 p.
1468 439 1506 465 36
1528 455 1567 458 —
1587 439 1648 465 54..
1668 441 1758 475 atque
1775 438 1919 475 deinceps
1934 437 2104 466 Strobelius

106 485 137 510 et
154 481 391 510 Friedemannus
411 481 439 509 in
459 480 545 509 libris
565 490 655 518 supra
674 489 702 518 p.
720 482 734 508 7
750 490 798 518 sq.
818 479 949 509 laudatis
966 480 1156 518 repetierunt.
1178 479 1396 509 Illelantlzonis
1409 479 1544 517 primam
1565 478 1838 510 adumbrationem
1858 481 1996 510 Iocorum
2021 479 2105 510 theo-

106 524 280 564 loyicmvtm
298 533 363 552 eam
383 523 560 552 iudicantes.
582 523 763 560 Adiungitur
782 526 880 551 autem
900 522 984 555 haec,
1012 526 1044 550 ut
1062 521 1156 550 lector
1175 522 1241 559 ipse
1261 525 1416 558 utramque
1435 531 1500 549 cum
1520 521 1614 549 Locis
1634 521 1816 560 theologicis
1836 522 1965 550 conferat
1985 522 2106 559 sibique

105 567 303 605 persuadeat,
335 566 410 594 hanc
429 566 655 596 institutionem
674 566 832 603 genuinam
853 565 991 602 quidem,
1021 567 1125 602 utpote
1145 565 1212 602 ipsa
1230 563 1436 592 Melanthonis
1457 573 1543 591 manu
1564 564 1719 600 scriptam.
1740 568 1769 593 at
1789 574 1845 592 non
1867 564 1991 593 eandem
2019 574 2102 597 esse,

106 618 141 637 ac
159 608 445 637 lucubratiunculam
466 618 542 642 eam,
562 608 649 636 cuius
674 607 807 645 evulgari
827 611 958 646 coeptae
980 610 1010 635 et
1028 606 1255 646 propemodum
1274 605 1387 643 publici
1409 606 1482 633 iuris
1502 605 1597 634 factae
1610 605 1785 635 Melanthon
1807 608 1873 644 ipse
1893 608 1921 635 in
1940 607 2032 644 prima
2047 606 2104 634 Lo-

106 661 207 679 corum
227 651 358 679 editione
377 660 402 679 a.
426 652 516 680 1521.
537 651 717 679 mentionem
736 650 839 683 faciat,
865 650 923 678 sed
941 650 1044 687 potius
1064 648 1231 677 Obeliscos
1251 649 1287 677 ab
1307 652 1427 676 auctore
1456 648 1482 675 in
1503 658 1607 676 suum.
1636 659 1692 676 non
1713 649 1896 678 auditorum.
1924 658 2012 677 usum
2039 658 2105 676 con-

107 694 237 731 scriptos
257 693 340 730 (vide
360 702 451 731 supra
468 703 498 731 p.
514 695 529 721 7
544 696 619 730 εᾳζ).
652 692 818 721 Recuditur
840 692 870 721 h.
890 692 910 720 l.
936 702 973 721 ex
992 691 1044 720 illo
1063 691 1139 720 libro
1160 691 1329 720 rarissimo:
1351 690 1507 720 Gesnmm.
1532 688 1757 728 Briefwechsel
1779 695 1847 719 etc..
1875 691 1923 729 qui
1944 691 2106 719 editionem

105 736 269 774 principem
289 736 430 764 continet.

528 985 809 1016 THEOLOGICA
832 984 1076 1016 INSTITUTIO
1100 984 1285 1015 PHILIPPI
1309 983 1685 1015 MELANCHTHONJS

728 1060 770 1090 IN
788 1060 1031 1090 EPISTOLAM
1050 1059 1178 1090 PAULI
1196 1060 1253 1089 AD
1273 1060 1493 1089 ROMANOS.

152 1162 240 1192 111181
262 1161 357 1192 locos
370 1161 592 1204 Theologicos
607 1163 647 1193 de
665 1162 750 1200 Deo,
772 1173 850 1199 un0,
873 1163 969 1199 trino,
985 1161 1083 1193 Crea-

104 1210 187 1242 tore,
210 1203 358 1242 Homine,
373 1204 528 1242 Peccato,
542 1205 627 1246 lege,
644 1205 747 1236 Verbi
760 1206 994 1242 incarnatione.
1010 1215 1083 1246 gra-

1127 1172 1193 1192 non
1226 1163 1324 1192 modo
1360 1163 1400 1192 de
1435 1162 1589 1201 operibus
1624 1160 1912 1199 Ceremoniarum,
1952 1164 2011 1193 sed
2039 1166 2109 1203 περὶ

1128 1204 1242 1242 ἠθικῶν
1260 1205 1417 1235 maxime:
1446 1214 1508 1234 nec
1534 1205 1574 1234 de
1598 1203 1661 1235 fide
1686 1210 1820 1234 tantum.
1843 1204 1909 1235 hoc
1921 1212 1982 1242 est,
2006 1205 2108 1236 histo-

105 1248 161 1284 tia,
184 1247 417 1284 Sacramentis,
430 1247 584 1285 ecclesia,
600 1247 769 1285 olannus,
803 1248 969 1278 hominum
992 1253 1083 1287 pote·
1128 1247 1195 1278 rica
1209 1248 1361 1287 opinione
1375 1248 1414 1277 de
1428 1246 1571 1283 Christo,
1586 1248 1645 1277 sed
1659 1247 1698 1277 de
1711 1246 1775 1277 fide
1793 1240 1975 1279 I‘L'STIFIC
1978 1247 2107 1278 ANTE.

106 1294 191 1320 state
215 1295 246 1320 et
270 1290 512 1320 conditionibus
535 1289 589 1320 vel
612 1291 780 1330 praecipui
794 1292 818 1328 1)
849 1297 943 1326 sunt,
967 1296 998 1320 et
1029 1290 1083 1330 qui

106 1337 222 1362 nostra
235 1333 375 1362 maxime
398 1331 554 1370 referunt,
577 1331 830 1370 PECCATUM,
853 1332 953 1370 LEX,
977 1331 1083 1362 GRA-

103 1373 190 1411 T1A,
212 1379 247 1404 ut
270 1373 389 1415 reliqui
411 1375 517 1415 magis
547 1376 709 1412 curiosas,
733 1385 829 1415 quam
852 1375 949 1406 utiles
974 1375 1084 1415 dispu-

103 1417 245 1447 tationes
270 1418 468 1447 contineant.
522 1417 606 1448 Nam
630 1418 732 1448 tribus
756 1417 806 1448 11ιέ
828 1427 949 1448 summa
970 1417 1083 1458 iustifi-

106 1460 243 1489 catt'om’s
264 1463 396 1490 nostrae
415 1459 722 1499 comprehenditur,
753 1461 794 1491 de
817 1471 882 1501 qua
905 1466 970 1491 tam
994 1460 1084 1490 varie

104 1500 208 1532 multa
230 1503 343 1543 nugati
366 1507 441 1532 sunt
454 1501 660 1543 Philosophi,
683 1508 718 1533 ut
742 1502 795 1533 vel
815 1513 855 1533 ex
873 1508 938 1533 tam
956 1503 1084 1533 varian-

105 1544 192 1574 tibus
217 1545 386 1574 sententiis
411 1550 564 1575 constare
586 1547 740 1585 potuerit,
764 1547 918 1576 tenebras
942 1551 973 1575 et
995 1555 1084 1575 men-

103 1586 199 1616 dacia
222 1596 297 1616 esse
319 1587 507 1616 universam
530 1587 783 1627 philosophiam.
812 1587 855 1617 Ut
867 1594 1083 1628 praeteream,

103 1637 171 1658 rem
203 1629 307 1668 ipsam
338 1629 419 1658 satis
451 1639 649 1669 coarguere,
679 1629 729 1666 τὴν
760 1629 896 1666 διάλεξιν
922 1630 1085 1669 φιλοσόφου

102 1669 308 1700 inefficacem
336 1680 412 1700 8558
440 1671 482 1700 ad
512 1672 711 1702 immutanda
742 1671 907 1701 hominum
938 1677 1085 1711 pectora,

105 1713 147 1742 ad
175 1713 408 1743 instaurandos
439 1712 605 1743 hominum
625 1713 772 1743 affectus.
826 1713 865 1743 Hi
903 1724 981 1743 vero
1018 1713 1084 1743 loci

102 1755 309 1795 potissimum
327 1766 347 1785 a
370 1753 475 1785 Paulo
499 1756 530 1785 in
554 1755 618 1785 hac
642 1761 824 1785 tractantur
848 1755 998 1796 epistola.

383 1831 556 1869 Εἰςαγωγαὶ
574 1831 616 1865 εἷς
635 1831 798 1867 ἐπιστολήν.

145 1888 239 1927 Loci,
261 1895 297 1920 111.
309 1891 444 1930 opinor,
474 1889 645 1930 Epistolae
669 1895 735 1920 tres
759 1896 846 1920 sunt.
892 1890 1020 1920 Primus
1045 1891 1085 1920 de

102 1930 451 1963 IUSTIFICATIONE
465 1955 474 1970 ,
503 1933 669 1963 secundus
694 1933 734 1963 de
757 1931 1083 1963 PRAEDESTINA-

102 1973 318 2047 ΙᾞῐοίίῧῖἰᾸΤῗῑῐ
352 1976 530 2005 vocatione
565 1975 719 2016 gentium.
769 1974 898 2006 Tertius
931 1974 1084 2005 MORES

637 2093 659 2122 1.

149 2150 185 2181 111
207 2152 312 2191 primo
336 2151 511 2192 plurimum
525 2153 553 2192 ²)
578 2158 627 2184 est
650 2150 861 2184 difficultatis,
909 2152 987 2184 Sive
999 2153 1084 2182 enim

112 2195 279 2224 contentio
303 2195 344 2225 de
367 2194 543 2235 legalibus,
569 2196 831 2232 circumcisione,
857 2200 889 2226 et
911 2194 984 2225 aliis
995 2205 1084 2225 cere-

103 2237 242 2274 moniis,
276 2238 347 2267 sive
378 2247 442 2277 qua
472 2236 537 2267 alia
568 2247 669 2268 causa
698 2239 894 2269 scribendae
923 2237 1084 2278 epistolae

105 2278 210 2309 Paulo
235 2281 369 2310 occasio
394 2279 505 2310 suerit:
531 2286 619 2310 certe
639 2287 779 2317 constat,
803 2279 942 2312 Paulum
965 2281 998 2310 in
1020 2279 1084 2310 hac

104 2321 254 2362 Epistola
290 2323 330 2353 de
355 2321 471 2352 LEGE
496 2321 659 2352 MORUM
691 2322 780 2364 loqui
804 2324 1028 2364 potissimum,
1053 2328 1083 2352 et

131 2475 157 2503 1)
175 2475 314 2506 praecipui]
338 2476 374 2500 sic
398 2475 470 2501 Editt.
495 2476 602 2501 Strobel.
629 2478 653 2500 et
678 2476 868 2507 Friedemann.;
895 2476 942 2501 ·Ed.
968 2476 1084 2506 princeps

176 2509 274 2534 Kohlii:
293 2510 436 2540 praecipue.

135 2560 163 2588 2)
182 2560 330 2591 plurimum]
349 2561 384 2585 sic
402 2560 445 2585 Ed.
466 2567 517 2591 pr.;
537 2561 562 2586 in
580 2561 652 2586 Editt.
673 2561 755 2585 Strob.
775 2562 799 2585 et
817 2560 898 2585 Fried.
918 2561 1003 2585 omiss.

157 2617 275 2638 urium.
291 2618 356 2638 ori-211.
371 2618 421 2638 wi.
436 2619 484 2639 sm.

1105 2096 1107 2121 ι,
1128 2085 1182 2121 sit,
1206 2089 1311 2115 tamen
1334 2094 1395 2115 mm
1420 2087 1614 2125 assequitur.

1128 1289 1271 1320 Proinde
1300 1289 1477 1327 falluntur.
1509 1290 1563 1330 quj
1586 1289 1682 1320 huius
1707 1299 1845 1330 scopum
1868 1290 2028 1330 epistolae
2050 1301 2107 1331 po-

1127 1338 1207 1362 nunt
1233 1333 1435 1363 ceremonias
1460 1338 1598 1368 tantum,
1622 1338 1654 1362 et
1676 1331 1796 1373 legem,
1821 1339 1982 1373 quatenus
2001 1334 2041 1363 de
2054 1343 2105 1363 ce-

1127 1375 1283 1405 remoniis
1306 1375 1476 1415 praecipit.

1603 1458 1639 1489 Π.

1171 1518 1319 1558 Apparet
1343 1524 1461 1549 autem.
1485 1517 1633 1548 voluisse
1651 1517 1714 1549 hac
1727 1517 1867 1558 epistola
1878 1517 2017 1549 Paulum
2035 1519 2107 1549 orbi

1129 1560 1295 1591 Christum
1319 1567 1351 1591 et
1375 1562 1513 1601 gratiam
1545 1559 1665 1591 Christi
1698 1571 1900 1601 proponere,
1929 1568 1962 1591 ut
1992 1567 2108 1591 exacta

1129 1604 1270 1643 quadam
1294 1604 1514 1644 disputatione
1545 1609 1634 1633 recte
1669 1609 1927 1644 cognosceretur
1957 1602 2107 1633 Christus

1131 1655 1205 1676 8558
1228 1652 1346 1676 auctor
1368 1647 1510 1676 iustitiae
1528 1651 1673 1676 nostrae.

1596 1730 1646 1761 111.

1173 1787 1294 1818 Omnes
1317 1788 1466 1818 homines
1493 1799 1665 1820 censemus
1695 1800 1755 1829 pro
1784 1788 1943 1819 naturalis
1973 1789 2108 1819 rationis

1131 1829 1282 1867 consilio.
1306 1831 1409 1861 satius
1433 1841 1507 1861 esse
1531 1842 1603 1861 cum
1627 1832 1747 1862 virtute
1760 1832 1882 1868 vivere,
1907 1841 2003 1872 quam
2026 1832 2109 1862 inter

1132 1879 1177 1903 tot
1202 1874 1289 1903 vitia.
1335 1873 1458 1903 Verum
1488 1875 1519 1904 in
1548 1875 1644 1904 nobis
1669 1873 1941 1913 deprehendimus
1965 1883 2109 1904 amorem

1131 1916 1294 1955 quendam
1318 1916 1359 1946 ad
1379 1917 1466 1947 vitia.
1491 1916 1599 1946 talem.
1624 1916 1805 1957 quiesficit.
1828 1922 1863 1946 ut
1875 1915 2038 1956 perillum
2050 1926 2109 1946 no-

1132 1959 1180 1988 bis
1200 1958 1283 1987 bene
1297 1959 1337 1988 sit
1354 1959 1384 1988 in
1398 1959 1495 1995 vitiis,
1518 1960 1549 1988 in
1562 1960 1682 1989 w'rtute
1693 1969 1759 1989 non
1775 1960 1861 1989 item.
1881 1958 2010 1999 Pugnat
2029 1968 2108 1999 ergo

1131 2010 1261 2040 semper
1293 2010 1365 2030 cum
1399 2002 1575 2040 cupiditate
1600 2008 1737 2032 naturae
1761 2002 1961 2031 conscientia
1984 2006 2109 2037 nostra,

1130 2053 1225 2082 quae,
1251 2053 1446 2083 quamquam
1471 2044 1591 2074 videat.
1615 2045 1692 2084 quid
1716 2045 1848 2074 bonum.
1871 2047 2002 2079 rectum,
2024 2044 2108 2082 pium

1660 2086 1750 2116 Haec
1774 2096 1847 2116 cum
1870 2086 2018 2115 viderent
2032 2096 2109 2126 gen-

1129 2133 1200 2159 185.
1230 2126 1456 2165 IUSTITIAE,
1481 2129 1551 2159 sive
1579 2129 1753 2169 perfectae
1782 2129 1928 2165 virtutis,
1952 2128 2110 2158 rationem

1129 2171 1220 2200 varie
1242 2171 1524 2210 praescribebant.
1570 2170 1666 2201 Alius
1690 2172 1841 2201 virtutem
1865 2176 2001 2201 natura.
2025 2169 2109 2200 alius

1129 2213 1352 2249 assuetudine,
1375 2211 1459 2243 alius
1484 2213 1579 2243 aliter
1592 2214 1776 2253 comparari
1790 2213 1926 2243 censuit.
1971 2212 2109 2248 Deinde,

1130 2266 1228 2295 quum
1253 2256 1461 2292 statuissent.
1491 2256 1642 2286 w'rtutem
1673 2257 1856 2296 comparari
1887 2255 2110 2291 assuetudine,

1130 2298 1301 2334 sidebant,
1336 2308 1400 2327 non
1425 2303 1491 2328 tam
1510 2297 1641 2328 dulcem
1665 2308 1758 2335 esse,
1793 2308 1891 2338 quam
1914 2303 1962 2327 est
1986 2298 2109 2327 vitium.

1131 2340 1212 2370 Eam
1226 2340 1421 2370 suavitatem
1441 2341 1607 2380 quomodo
1638 2341 1820 2371 insererent
1849 2340 2016 2370 hominum
2040 2340 2107 2369 ani-

1129 2384 1202 2413 mis.
1227 2388 1387 2413 certatum
1412 2388 1472 2412 est.
1502 2382 1597 2413 Plato
1622 2383 1654 2413 in
1678 2384 1824 2413 secundo
1850 2384 1890 2413 de
1914 2382 2055 2422 legibus,
2078 2382 2111 2411 in

1130 2425 1277 2465 perfecta
1300 2426 1417 2456 virtute
1442 2431 1556 2455 censet
1585 2435 1660 2455 esse
1689 2425 1877 2456 felicitatem
1907 2435 1974 2454 non
1997 2433 2110 2463 posse,

1129 2468 1191 2498 nisi
1216 2468 1329 2498 eadem
1352 2468 1494 2497 iucunda
1518 2468 1570 2504 sit,
1593 2478 1659 2498 non
1683 2478 1757 2498 esse
1781 2468 2029 2503 beatitudinem,
2048 2467 2110 2495 nisi

1132 2511 1268 2540 satietur
1309 2519 1368 2550 per
1415 2511 1523 2540 omnia
1555 2511 1682 2540 animus
1716 2510 1867 2540 hominis.
1939 2508 2110 2548 Ubi'quid

1131 2563 1273 2583 amarum
1288 2575 1297 2589 ,
1329 2552 1502 2589 subtriste,
1534 2552 1688 2583 difficile.
1717 2562 1884 2582 morosum
1907 2551 2045 2581 incidat.
2068 2550 2109 2580 ad

1786 2613 1803 2634 4
