2358 2933
226 104 289 136 599
852 105 962 137 Pl-llL.
986 105 1086 136 MEL.
1107 104 1292 138 SCRlPTA
1310 103 1584 139 DOGMATICA.
2145 103 2208 139 Sim

227 200 272 226 nis
298 204 325 226 et
351 199 576 227 resurrectionis
601 197 712 226 Christi
737 203 880 237 perpetuo
903 203 1082 237 propagetur
1105 199 1161 227 hoc
1186 200 1250 228 ritu.
1298 203 1325 229 3.
1350 199 1547 229 conservatio
1571 199 1755 238 publicorum
1780 209 1996 239 congressuum
2019 203 2048 229 et
2071 204 2207 230 coetuum

226 242 253 268 in
279 240 427 269 Ecclesia.
451 245 499 268 aut
524 246 555 269 nt
577 241 618 269 sit
640 250 749 268 nervus
773 240 912 278 publicae
937 242 1190 279 congregationis.
1226 243 1253 270 in
1278 252 1336 280 qua
1358 242 1499 271 Ecclesia
1522 243 1580 271 Dei
1604 242 1743 272 ostendat
1765 253 1801 271 se
1824 243 1988 272 seiunctam
2012 252 2083 271 esse
2106 251 2123 270 a
2145 253 2209 271 cae-

229 289 354 311 terarum
368 283 498 320 gentium
513 283 713 320 opinionibus.
727 300 764 303 —
779 282 835 311 His
858 284 1035 321 praemissis
1059 283 1198 322 explanat
1221 284 1315 313 hosce
1340 290 1465 323 quatuor
1488 285 1587 315 locos:
1615 288 1639 313 1.
1665 284 1823 319 Quomodo
1847 285 1887 314 sit
1909 285 2053 315 instituta.
2077 288 2107 313 et
2130 285 2209 323 quod

226 325 302 354 adsit
326 323 477 353 Christus.
524 326 550 352 2.
587 323 706 359 Quibus
741 326 833 362 prosit
869 325 1071 354 manducatio.
1106 330 1136 354 et
1175 326 1213 355 de
1247 337 1317 356 vero
1351 337 1408 356 usu
1432 338 1498 356 cum
1522 327 1704 366 poenitentia
1727 331 1755 356 et
1780 327 1847 356 fide.
1894 330 1922 356 3.
1948 327 2004 363 Qui
2027 327 2087 355 sint
2110 326 2209 355 admit-

227 368 315 395 tendi.
365 370 391 395 4.
416 366 462 394 De
486 367 583 395 abusu
608 370 638 395 et
659 366 864 404 profanatione
883 367 1079 396 Sacramenti.

381 432 427 461 De
449 434 542 471 primo
567 433 669 462 horum
694 433 824 462 locorum
848 435 951 463 scribit
975 439 1085 463 tantum
1110 435 1236 464 haecce:
1262 436 1345 464 -Nec
1374 441 1421 465 est
1445 438 1531 465 inane
1554 436 1770 475 spectaculum.
1794 437 1850 465 sed
1873 435 2013 465 Christus
2037 447 2140 465 revera
2163 437 2211 465 ad-

228 481 272 504 est
308 476 381 504 daus
416 486 468 514 per
501 476 558 504 hoc
591 477 786 505 ministerium
820 487 907 505 suum
943 487 1052 515 corpus
1076 481 1105 506 et
1127 479 1301 516 sangninem
1325 479 1510 508 manducanti
1535 483 1564 508 et
1583 480 1704 507 bibenti.
1751 480 1835 508 Sicut
1859 482 1889 507 et
1911 483 2028 508 veteres
2051 480 2212 518 scriptores

228 520 394 557 loquuntur.
441 516 575 556 Cyrillns
599 519 692 556 inquit
715 520 742 547 in
767 518 913 547 Iohanne:
949 520 1027 548 unde
1051 520 1300 549 considerandum
1324 525 1381 553 est,
1407 520 1560 550 Christum
1584 532 1640 550 nou
1664 521 1762 550 solum
1786 532 1837 560 per
1861 521 2049 550 dilectionem
2074 522 2101 550 in
2126 522 2212 550 nobis

228 572 309 590 esse.
345 560 400 589 sed
435 561 523 589 etiam
558 560 682 589 naturali
706 562 941 600 participatione.
967 562 996 590 id
1019 566 1076 592 est.
1100 562 1212 591 adesse
1235 573 1291 591 non
1316 563 1412 591 solum
1437 563 1579 594 el'licacia.
1603 563 1659 592 sed
1683 564 1771 592 etiam
1795 564 1973 592 substantia.
2019 563 2058 592 Et
2079 563 2212 592 Hilarius

228 605 279 632 ait:
315 603 362 631 De
397 602 519 631 naturali
555 604 632 632 enim
666 604 694 631 in
730 605 816 632 nobis
836 604 958 632 veritate
982 614 1059 642 qnae
1082 605 1219 635 diciinus,
1244 605 1300 633 nisi
1325 606 1362 633 ab
1387 616 1422 633 co
1446 606 1615 635 didicimus,
1639 606 1731 635 stulte
1755 610 1784 635 et
1808 607 1896 644 impie
1920 606 2098 634 diceremus.
2142 605 2212 644 lpse

229 648 304 675 enim
326 646 431 683 inquit:
456 644 532 673 saro
557 656 623 674 mea
646 656 715 674 vere
739 651 785 674 cst
810 647 907 675 cibus.
931 651 960 674 et
983 647 1108 683 sangnis
1133 657 1217 675 meus
1241 657 1310 675 vere
1334 650 1381 675 est
1404 652 1503 685 potus.
1550 648 1588 676 Et
1611 648 1769 686 deinceps:
1805 648 1888 676 Haec
1910 652 2033 686 accepta
2056 651 2086 677 et
2108 647 2214 677 hausta

229 689 369 717 el'liciunt.
404 693 433 716 ut
468 692 497 716 et
532 698 586 717 nos
611 689 638 716 in
663 686 796 717 Christo.
821 693 849 716 et
874 688 1013 717 Christus
1038 690 1065 716 in
1091 689 1177 716 nobis
1201 689 1249 717 sit.
1294 688 1362 716 Non
1387 690 1578 727 imaginemur
1601 700 1672 718 esse
1697 691 1866 719 memoriam
1892 691 2020 719 hominis
2043 691 2159 723 mortui,
2182 693 2214 718 ut

229 736 296 760 sunt
321 730 493 769 spectacula
517 730 554 758 de
579 730 709 758 Hercule
733 734 782 759 ant
805 730 924 758 similia.
973 731 1158 759 Abiit-innius
1183 730 1238 758 has
1262 731 1401 769 profanas
1425 732 1633 768 cogitationes.
1658 742 1692 760 ac
1715 732 1771 760 hoc
1794 733 1965 761 testimonio
1989 731 2213 761 commonefacti

229 774 385 802 credamus
420 783 488 801 vere
513 771 665 801 fhristum
699 783 750 810 pro
786 773 872 801 nobis
896 772 1004 801 sactum
1028 783 1101 800 esse
1125 773 1281 802 victimam.
1311 783 1346 801 ac
1370 778 1525 802 mortuum.
1549 774 1605 802 sed
1629 784 1730 802 rex-era
1753 775 1840 803 etiam
1865 775 2073 803 resuscitatum
2097 775 2153 803 iam
2173 784 2215 802 re-

229 826 317 853 gnare
342 822 368 843 et
394 815 504 843 adesse
528 825 603 843 suae
626 815 798 847 Ecclesiae,
823 819 851 842 et
876 816 903 843 in
929 814 985 843 hoc
1008 815 1172 843 ministerio
1196 826 1265 843 vere
1289 826 1344 843 nos
1368 817 1428 846 sibi
1451 819 1590 854 tanquam
1613 817 1743 845 membra
1765 817 1957 854 adiungerem

383 873 459 903 Cum
491 873 545 902 hac
580 873 789 912 explicatione.
822 884 899 912 quae
930 875 957 902 in
989 874 1126 902 munibus
1151 874 1240 902 liuius
1263 875 1371 903 aetatis
1394 875 1486 903 Editt.
1512 875 1628 913 legitur.
1652 875 1839 904 conserantur
1862 885 1907 908 ea,
1938 886 2014 913 qnae
2038 876 2066 903 in
2091 875 2215 911 Coezfes-

229 920 314 947 sione
336 917 498 945 doctrinae
521 916 748 945 S‹1.1·ou1'c‹11·11m
771 915 980 944 Ecclesiornm
1005 916 1118 952 (Xitel).
1146 919 1235 945 1553.
1261 922 1287 945 δ.
1310 927 1339 954 p.
1366 920 1431 953 525.)
1455 918 1492 946 de
1516 917 1572 945 hac
1595 928 1626 945 re
1649 917 1733 946 dicit:
1780 917 1965 946 =÷Docentur.
2001 918 2105 955 inquit,
2129 917 2216 945 etiam

230 961 377 991 homiues,
402 959 595 987 Sacramenta
619 969 690 987 esse
714 959 848 987 actiones
873 959 1014 987 divinitus
1038 959 1200 991 institutas,
1225 963 1252 987 et
1277 963 1358 988 extra
1383 970 1468 988 usum
1493 961 1658 988 institutum
1684 970 1732 988 res
1756 961 1839 998 ipsas
1862 969 1919 988 uon
1944 959 2053 988 habere
2076 959 2218 987 rationem

230 1002 431 1031 sacramenti:
465 1001 522 1030 scd
556 1002 584 1029 in
609 1011 667 1029 usu
690 1002 824 1030 instituto
850 1002 877 1029 in
903 1001 958 1029 hac
978 1002 1184 1029 comnmnione
1215 1012 1283 1030 vere
1307 1005 1335 1030 et
1358 1002 1594 1031 substantialiter
1618 1003 1728 1030 adesse
1752 1001 1916 1035 Christum,
1941 1005 1970 1030 et
1992 1011 2062 1029 vere
2085 1000 2217 1030 exhiheri

229 1045 417 1073 sumentibus
441 1054 548 1082 corpus
573 1048 602 1072 et
625 1044 799 1081 sanguinem
824 1042 947 1072 shristi.
990 1042 1142 1071 Christum
1166 1045 1278 1072 testari.
1303 1044 1382 1082 qnod
1407 1046 1445 1073 sit
1469 1046 1496 1073 in
1521 1045 1576 1075 eis.
1602 1049 1631 1074 et
1654 1045 1741 1073 saciat
1764 1055 1819 1073 eos
1842 1045 1900 1072 sibi
1923 1044 2064 1077 membra,
2087 1046 2118 1072 et
2140 1042 2218 1081 quod

229 1087 356 1116 abluerit
390 1097 444 1115 eos
478 1087 624 1125 sanguine
657 1097 724 1119 suo,
755 1086 832 1114 sicut
857 1091 885 1114 et
909 1086 1040 1114 Hilarius
1066 1087 1174 1123 inquit:
1199 1086 1281 1115 Haec
1304 1091 1427 1125 accepta
1451 1091 1479 1116 et
1502 1086 1609 1116 hausta
1632 1087 1772 1120 efficiunt,
1797 1090 1827 1115 nt
1851 1090 1879 1115 et
1902 1096 1958 1114 nos
1982 1087 2009 1114 in
2034 1084 2167 1118 Christo,
2190 1088 2219 1113 et

231 1130 371 1159 Christus
395 1130 423 1158 in
447 1130 536 1158 nobis
559 1129 628 1157 sit.n
666 1127 788 1157 Praeter
812 1128 886 1157 haec
909 1128 1079 1157 Sti-obelius
1103 1128 1121 1156 l.
1147 1128 1166 1156 l.
1192 1139 1219 1166 p.
1247 1130 1303 1157 152
1328 1140 1395 1166 seq.
1420 1139 1455 1158 ea
1479 1129 1572 1163 affert,
1597 1140 1673 1168 quae
1695 1128 1869 1158 Melanthon
1894 1129 1922 1156 in
1946 1127 2099 1156 Examine
2120 1136 2220 1156 eorum

230 1174 282 1211 qai
304 1172 473 1201 audiantur
496 1175 567 1200 autc
586 1172 675 1199 ritum
695 1170 839 1208 patalis-‹1⁴›
858 1171 1077 1199 ordinationis.
1102 1171 1182 1208 quod
1201 1171 1325 1209 primum
1349 1171 1450 1200 Viteb.
1478 1174 1568 1201 1554.
1594 1176 1621 1201 ὅ.
1646 1172 1768 1210 prodiit,
1794 1175 1823 1200 et
1847 1172 1874 1199 in
1899 1170 2160 1208 Responsionibas
2178 1169 2221 1198 ad

231 1216 342 1255 impios
377 1213 527 1243 articulos
550 1212 728 1242 Bacare'cac
756 1214 977 1251 inquisitionis,
1008 1213 1110 1242 Viteb.
1150 1216 1238 1242 1552).
1276 1216 1303 1241 8.
1328 1214 1427 1247 editis.
1453 1214 1490 1242 de
1515 1218 1617 1242 natura
1640 1224 1752 1242 coenae
1776 1223 1881 1242 sacrae
1904 1213 2037 1250 scripsit,
2060 1215 2151 1250 atque
2173 1211 2222 1240 his

233 1258 349 1287 tandem
374 1267 402 1296 p.
430 1259 606 1286 1544157.
631 1257 761 1284 annectit
784 1255 922 1284 librorum
948 1256 984 1283 de
1009 1256 1211 1284 controversia
1236 1266 1349 1284 coenae
1372 1255 1492 1285 Domini
1516 1257 1691 1294 scriptorum
1717 1256 1894 1293 catalogum,
1919 1256 1965 1283 cui
1988 1254 2122 1287 addatur,
2145 1263 2222 1292 quae

234 1303 260 1329 in
286 1300 375 1329 huius
399 1298 488 1338 Corp.
514 1298 582 1327 Res.
607 1298 675 1327 Vol.
699 1297 750 1327 lx.
775 1308 803 1336 p.
832 1301 910 1327 108³·
935 1308 1022 1335 seqq.
1047 1298 1083 1326 dc
1107 1308 1193 1326 sacra
1215 1308 1309 1326 coena
1330 1298 1479 1336 leguntur.

387 1359 526 1396 Denique
561 1368 667 1386 moneo
702 1357 853 1387 lectorem.
890 1361 920 1385 nt
955 1357 1033 1393 legat
1068 1368 1144 1395 quae
1169 1357 1278 1385 Galle
1313 1357 1331 1385 l.
1364 1357 1381 1385 1.
1418 1368 1446 1395 p.
1484 1360 1541 1386 3112
1577 1367 1645 1395 sqq.
1681 1361 1711 1386 et
1734 1357 1770 1385 H.
1795 1357 1924 1395 Heppe
1949 1354 2133 1384 Geschichte
2168 1354 2224 1382 des

234 1401 399 1430 deutschen
424 1401 693 1430 Protestantisntus
718 1401 745 1428 in
770 1400 825 1428 den
851 1398 953 1427 {ahren
981 1402 1197 1428 1555-15s1.
1222 1398 1243 1427 1.
1269 1399 1360 1427 Band.
1398 1399 1455 1428 Die
1479 1399 1664 1428 (ieschichte
1688 1400 1743 1428 des
1767 1399 1931 1427 deutschen
1955 1397 2225 1426 Protestantismus

234 1455 289 1473 von
319 1447 396 1473 1555
421 1462 461 1465 —
489 1445 578 1473 15152.
603 1442 776 1472 enthaltend
799 1441 955 1479 (Μαι-111113·
982 1444 1070 1471 1δ52.
1098 1448 1139 1478 δ.)
1164 1442 1201 1469 de
1225 1441 1426 1471 Melanthonis
1457 1443 1589 1471 doctrina
1613 1446 1642 1471 et.
1666 1442 1790 1471 historia
1813 1441 2032 1470 reformationis
2056 1439 2146 1468 huius
2169 1442 2225 1467 ter-

234 1489 292 1516 tiae
316 1487 424 1515 aetatis
447 1486 663 1515 disseruerunt.

386 1538 435 1567 Ex
458 1537 506 1566 his
520 1536 745 1575 Prolegomenis
765 1536 874 1570 elucet,
887 1536 990 1565 Locos
1013 1535 1104 1566 huius
1128 1537 1352 1577 tertiaehaetatis
1365 1540 1503 1575 quateret
1514 1536 1704 1575 quarlrayies
1716 1535 1880 1573 prodiisse:
1903 1534 1941 1562 A.
1965 1533 2228 1572 quaterettricies

234 1581 395 1609 ¹seorsim
433 1581 563 1610 octonis:
614 1582 644 1617 1)
682 1579 862 1617 Viteberyae
888 1582 966 1608 1543
993 1597 1032 1601 —-
1061 1582 1162 1613 1544..
1210 1582 1241 1613 2)
1273 1579 1365 1608 Viteb.
1394 1582 1494 1609 1545..
1541 1582 1572 1616 3)
1596 1577 1743 1607 Basileon
1766 1579 1866 1609 1545..
1913 1578 1945 1613 4)
1968 1574 2100 1616 Lipsiae
2126 1575 2225 1604 1546..

235 1622 375 1664 ⁵.)L1'115·
403 1626 493 1652 1546.
518 1623 632 1651 iterum.
669 1626 700 1659 ti)
725 1621 874 1650 Basileae
900 1624 1001 1655 1546..
1039 1624 1069 1659 7)
1093 1621 1193 1650 Bas-il.
1222 1624 1323 1655 1547„
1361 1624 1392 1658 8)
1416 1621 1546 1659 Lipsiae
1571 1623 1672 1653 1545..
1708 1622 1740 1657 9)
1770 1619 1948 1657 Vl‘teberyae
1973 1620 2074 1651 1549„
2101 1619 2154 1655 10)
2176 1615 2228 1644 Ia·-

231 1667 320 1703 psiao
343 1668 444 1695 1549..
472 1669 522 1697 11)
542 1664 628 1703 ΙΛμψκ
656 1666 758 1697 1550..
785 1666 836 1700 12)
859 1663 1007 1692 Basileae
1033 1667 1133 1693 1550..
1161 1668 1212 1697 13)
1232 1664 1361 1702 LIpsiae
1388 1666 1487 1696 1552..
1521 1666 1572 1697 14)
1595 1662 1744 1691 Basileae
1771 1662 1871 1695 1552..
1897 1663 1950 1697 15)
1972 1659 2102 1698 Lipsiae
2127 1660 2229 1689 1553..

239 1712 289 1745 1⁴3)
315 1708 402 1749 Le'ps.
434 1710 524 1738 1553.
554 1708 673 1737 iterum:
714 1709 766 1743 17)
798 1706 884 1744 Lips.
913 1709 1015 1739 1554..
1060 1710 1109 1741 15)
1141 1706 1322 1744 Viteberqae
1347 1709 1448 1739 1555..
1494 1709 1544 1740 19)
1568 1705 1718 1734 Bose'lene
1743 1706 1845 1737 1555..
1893 1705 1945 1740 20)
1968 1702 2100 1743 Lipsiae
2124 1703 2227 1734 1556..

239 1752 290 1787 21)
311 1750 398 1789 Lips.
425 1753 527 1784 1557..
553 1751 606 1787 22)
636 1749 816 1786 Ῠίτεόενῃαε
843 1751 943 1782 1558..
970 1751 1022 1786 23)
1045 1748 1193 1777 Bas-[leae
1215 1752 1315 1783 1558..
1342 1751 1394 1787 24)
1420 1748 1599 1787 Vae'teberyae
1623 1750 1725 1777 15539..
1748 1749 1800 1783 25)
1819 1745 1947 1784 Lipsiae
1972 1746 2074 1777 1559..
2095 1745 2149 1778 26)
2165 1742 2229 1772 Βα-

237 1793 330 1822 sileae
358 1796 457 1825 1561..
495 1796 547 1829 27)
571 1791 671 1821 Basa.
701 1794 801 1825 1562..
834 1793 887 1826 23)
918 1791 1096 1829 Viteberyue
1120 1794 1220 1825 15631..
1258 1793 1310 1830 23))
1336 1791 1431 1820 Viteb.
1457 1794 1558 1824 1569..
1594 1792 1647 1827 30)
1670 1789 1800 1828 Lipsiae
1825 1791 1931 1821 1569..
1968 1790 2023 1824 31)
2051 1785 2231 1824 Viteberyae

242 1839 341 1866 1577..
377 1837 430 1873 32)
456 1835 552 1864 Vitela.
586 1837 694 1863 1554..
732 1836 785 1868 31³.)
815 1834 910 1863 Viscb.
935 1837 1042 1867 13115..
1080 1837 1132 1868 5’14)
1156 1834 1286 1872 Llpsiae
1308 1844 1334 1862 s.
1359 1844 1408 1865 a.:
1442 1833 1478 1862 B.
1504 1834 1606 1862 decies
1630 1832 1858 1861 coniunctim
1890 1840 1966 1858 cum
1986 1829 2080 1857 aliis
2103 1828 2228 1858 libris.

240 1878 354 1907 <cilicet
389 1879 485 1907 octies
519 1879 546 1906 in
579 1877 717 1915 Corpore
750 1876 860 1905 Doetr.
887 1875 1016 1905 (fibras-L:
1060 1880 1089 1913 1)
1120 1876 1249 1914 Lipsiae
1272 1879 1361 1905 1560.
1386 1876 1462 1910 1⁷01..
1509 1880 1540 1913 2)
1564 1875 1652 1914 Lips.
1680 1877 1768 1904 1561.
1794 1873 1870 1906 F01.,
1913 1874 1944 1908 3)
1966 1871 2056 1910 Lips.
2079 1873 2171 1900 1561.
2191 1872 2230 1906 8..

241 1924 271 1953 4)
294 1920 380 1959 Lips.
408 1922 496 1950 1563.
522 1920 596 1948 Fol..
623 1922 654 1957 5)
675 1919 762 1957 Lips.
792 1922 878 1948 1554.
905 1926 943 1947 ὃ..
971 1922 1002 1956 tj)
1026 1918 1113 1957 Lips.
1142 1921 1232 1948 15115.
1255 1925 1294 1951 ὅ..
1321 1921 1351 1956 7)
1377 1919 1462 1957 Lips.
1491 1920 1578 1947 1572.
1599 1920 1638 1951 8.,
1681 1920 1713 1953 ὅ)
1736 1916 1938 1953 Aryentoratc'
1960 1916 2048 1944 1550-
2071 1918 2109 1947 8.,
2133 1916 2163 1942 et
2185 1912 2232 1940 bis

239 1974 265 1990 in
288 1963 377 1993 Parte
403 1962 423 1991 1.
450 1962 580 2001 Operum
607 1961 692 1990 riteh
712 1972 775 1999 ry*
798 1964 827 1998 1)
858 1961 1037 1999 J'itebcryac
1065 1963 1153 1991 15112.
1179 1961 1255 1990 Fol..
1283 1963 1313 1998 2)
1340 1961 1435 1990 Γίεείι.
1464 1964 1552 1990 1581).
1577 1959 1642 1988 Pol.

392 2023 502 2052 Harum
526 2022 616 2051 Editt.
653 2023 692 2050 34
719 2020 928 2059 particulares
956 2021 1032 2049 solis
1063 2021 1206 2055 numeris,
1231 2031 1307 2058 quas
1328 2022 1365 2050 iis
1389 2020 1552 2058 adscripsi,
1576 2019 1718 2057 signabo:
1742 2016 1843 2046 Editt.
1872 2019 1883 2045 1
1910 2034 1943 2037 —
1971 2018 2036 2045 34.·‚
2081 2013 2232 2052 Corporis

241 2065 332 2095 Editt.
353 2070 468 2094 autem:
493 2064 585 2102 (lor-p.
614 2066 714 2096 1-8„
740 2064 765 2091 ei
792 2062 925 2101 Operum
955 2063 1104 2101 Vitebery.
1130 2063 1238 2092 Editt.:
1263 2064 1346 2104 Opp.
1376 2067 1399 2092 1.
1426 2065 1452 2091 2.

394 2124 495 2153 Hosce
529 2134 599 2152 vero
632 2123 733 2152 Locos
757 2124 869 2151 tertiae
899 2124 1012 2151 aetatis
1035 2134 1091 2151 non
1116 2133 1153 2151 ex
1174 2122 1232 2151 Ed.
1257 2123 1398 2162 principe.
1424 2123 1511 2151 sicuti
1538 2122 1565 2150 in
1588 2120 1678 2149 Locis
1702 2120 1813 2158 primae
1836 2121 1866 2147 et
1888 2116 2040 2146 secundae
2059 2115 2168 2145 aetatis
2191 2114 2231 2145 sa-

242 2172 319 2196 ctum
355 2171 416 2201 est.
452 2167 508 2195 sed
541 2176 578 2195 ex
612 2176 664 2199 ea.
699 2175 776 2204 quae
806 2166 928 2204 ipsius
963 2167 1136 2194 auctoris
1171 2169 1339 2194 extrema
1373 2170 1430 2193 est.
1455 2175 1561 2203 nempe
1584 2163 1766 2191 Editione
1789 2158 2230 2207 Lipsiensianniul559.

242 2209 316 2242 (Ed.
344 2211 407 2247 25.)
430 2209 619 2238 recudendos
643 2209 866 2244 curabimus‚’“·)
890 2211 921 2236 ut
942 2208 1036 2236 lector
1059 2208 1153 2237 hosce
1177 2207 1254 2236 tales
1279 2208 1415 2246 accipiat.
1439 2207 1544 2245 quales
1569 2205 1772 2235 lllelanthonis
1794 2213 1883 2232 manu
1905 2205 2037 2230 extrema
2059 2200 2130 2229 editi
2153 2203 2231 2250 sunt.

242 2252 430 2291 Quapropter
459 2252 667 2281 annotationes
697 2251 816 2279 criticae
851 2251 878 2279 in
910 2250 958 2279 his
982 2250 1075 2279 Locis
1099 2251 1190 2279 multo
1222 2251 1320 2278 minus
1339 2252 1545 2288 posteriorum
1568 2249 1662 2279 Editt.
1683 2250 1729 2284 (ut
1753 2247 1780 2275 in
1804 2246 1897 2275 Locis
1921 2244 2023 2283 primis
2047 2246 2078 2272 et
2099 2242 2231 2279 medus),

242 2295 298 2323 sed
332 2295 458 2324 maxima
492 2305 529 2323 ex
562 2298 646 2332 parte
679 2295 818 2331 priorum
840 2292 935 2322 Editt.
968 2294 1141 2322 varietatem
1177 2292 1369 2321 exhibebunt.
1416 2291 1446 2321 ln
1470 2292 1573 2321 harum
1597 2294 1694 2320 autem
1717 2289 1811 2318 Editt.
1836 2287 1995 2316 collatione
2019 2287 2123 2335 iternm
2145 2284 2233 2313 valde

241 2338 361 2366 adiutus
384 2347 450 2366 sum
474 2337 555 2366 Mau
566 2347 585 2365 r.
611 2335 662 2364 Ro
673 2335 816 2374 edigeri
840 2335 950 2364 labore.
971 2336 1020 2373 qui
1034 2336 1121 2364 etiam
1136 2335 1223 2364 huius
1237 2336 1343 2364 aetatis
1357 2335 1448 2364 Editt.
1464 2333 1718 2372 duodeviginti&
1732 2330 1963 2369 diligentissime
1976 2327 2101 2358 contulit
2120 2337 2232 2356 earum-

328 2491 354 2517 ’1
391 2491 458 2515 Idem
479 2490 569 2515 suadet
587 2491 682 2515 Censor
700 2491 816 2516 Halensis
836 2490 859 2515 in
880 2491 1036 2521 Ephemerid.
1056 2490 1129 2515 litter.
1149 2491 1203 2515 Hal.
1223 2491 1280 2515 anni
1301 2491 1373 2516 1829.
1393 2491 1478 2521 Supnl.
1498 2496 1566 2515 num.
1589 2490 1626 2514 13.
1646 2495 1668 2519 p.
1689 2488 1729 2512 99-
1750 2487 1805 2511 102-

315 2542 351 2568 ’“”)
389 2542 485 2566 Scilicet
507 2542 576 2566 Editt.
600 2543 617 2564 1.
640 2544 661 2564 2.
683 2542 705 2564 5.
726 2543 748 2565 8.
772 2543 808 2565 10.
832 2543 868 2564 11.
889 2541 927 2564 13.
950 2543 1055 2565 16-18.
1077 2542 1184 2565 ’ΣΟ-22.
1206 2543 1245 2564 21.
1268 2541 1305 2564 25.
1327 2546 1349 2565 et
1371 2542 1440 2571 Corn.
1462 2543 1483 2563 1.
1503 2541 1525 2563 2.
1545 2541 1568 2562 4.
