2358 2933
99 122 160 153 717

99 214 212 256 generi
244 212 475 253 magistratus,
504 210 574 241 vult
598 210 747 251 Legibus
777 216 809 241 et
832 210 979 241 doctrina
1001 209 1071 250 regi

98 257 268 292 homines,
292 253 361 285 vult
387 253 533 283 coerceri
556 253 721 283 hominum
745 251 873 283 furores
904 257 936 282 et
965 251 1072 290 puniri

99 297 269 339 suppliciis
291 307 310 327 a
333 295 592 335 magistratibus,
614 300 650 326 ut
661 294 760 325 Deut.
782 293 831 324 19.
854 293 991 331 [vss.l9.
1006 295 1070 333 sq.]

100 342 232 372 dicitur:
256 337 397 369 Auferes
421 336 553 375 malum,
576 343 610 367 ut
633 337 803 367 audientes
838 334 954 375 reliqui
983 335 1072 364 timo-

99 393 167 413 rem
189 382 345 418 habeant,
368 389 434 409 non
456 380 644 410 miserean‘s
667 379 750 409 eius.
795 377 835 407 Et
866 387 967 417 supra
989 377 1073 407 haec

99 424 222 455 addidit
243 423 335 453 Deus
367 432 534 452 carcerem
563 420 664 452 multo
693 420 887 456 tristiorem,
922 418 1072 449 videlicet

99 465 302 497 calamitates
331 464 504 495 universas
535 463 668 504 generis
691 461 839 497 humani;
873 462 958 492 sicut
980 460 1073 491 Psal-

99 518 171 539 mus
215 507 318 548 inquit
358 508 398 537 de
439 507 568 536 caussis
607 503 827 534 calamitatum
860 503 1073 534 humanarum

101 549 171 589 [Ps.
194 549 247 587 31,
269 549 328 588 9.]:
359 548 483 579 Chamo
514 553 546 578 et
567 546 660 576 freno
684 545 836 576 maxillas
861 556 973 576 eorum
998 556 1074 576 con-

99 592 237 633 stringe,
256 592 310 632 qui
333 601 397 621 non
417 590 578 620 accedunt
596 590 639 620 ad
657 594 700 619 te.
745 588 796 619 Ac
820 586 994 628 diligenter
1017 588 1073 618 do-

101 635 195 665 cendi
218 640 294 665 sunt
317 633 466 663 homines
496 632 538 662 de
561 629 749 671 disciplina,
783 636 815 661 et
841 629 905 661 hae
933 636 1074 670 quatuor

100 685 242 707 caussae
265 674 510 716 proponendae.

185 717 305 754 Prima,
328 717 415 757 quod
439 725 579 746 necesse
600 716 643 745 sit
665 725 736 745 eam
758 720 928 754 praestare
940 721 1074 755 propter

99 760 288 790 mandatum
310 759 385 796 Dei,
409 759 459 789 cui
484 758 622 788 debetur
645 757 840 787 obedientia.

186 801 351 838 Secunda,
373 807 408 831 ut
429 810 557 841 poenae
579 801 732 837 1110111111,
755 800 874 840 quibus
898 797 952 829 vel
975 799 1074 840 magi-

100 849 220 875 stratus
244 842 298 874 101
320 843 413 874 Ι)0115
436 843 526 882 punit
550 843 675 872 atrocia
700 840 831 872 delicta.

185 885 304 919 Tertia,
327 884 478 926 publicae
500 885 592 924 pacis
617 894 749 921 caussa,
773 884 847 924 quia
865 882 959 913 Deus
983 882 1074 923 flagi-

99 934 146 959 tat
179 927 404 968 disciplinam,
435 937 476 957 ne
504 937 696 967 grassentur
717 926 749 956 in
773 924 911 956 alioruin
935 935 1074 966 corpora

100 976 133 1000 et
155 968 317 1007 fortunas,
337 968 408 1000 mlt
426 969 580 999 munitam
605 978 681 999 esse
703 977 818 1009 pacem
843 974 872 998 et
896 966 1074 1008 tranquilli-

99 1018 214 1049 tatem,
249 1018 284 1042 ut
314 1012 384 1052 regi
415 1018 444 1041 et
469 1012 580 1042 doceri
603 1010 750 1041 homines
773 1012 912 1050 possint.
957 1010 997 1040 Et
1021 1009 1073 1039 hic

98 1055 254 1086 monendi
271 1060 345 1084 sunt
358 1054 521 1090 homines,
544 1053 642 1083 vitam
666 1059 695 1083 et
719 1063 828 1083 mores
851 1058 985 1082 nostros
1008 1062 1074 1082 non

100 1102 226 1128 tantum
254 1097 368 1133 nobis,
403 1097 462 1127 sed
492 1094 564 1125 aliis
593 1096 687 1126 etiam
717 1096 843 1125 servire
867 1095 1006 1131 debere,
1043 1100 1075 1124 et

98 1138 200 1170 multa
235 1137 364 1169 scelera
397 1148 461 1168 non
492 1143 614 1168 tantum
644 1138 839 1178 corporibus
874 1143 905 1167 et
934 1135 1074 1166 fortunis

99 1180 238 1215 aliorum
262 1186 395 1217 nocent.
420 1180 479 1210 sed
498 1181 595 1210 etiam
613 1179 763 1220 polluunt
786 1178 913 1209 alienas
937 1184 1074 1209 mentes.

100 1223 192 1253 Haec
225 1224 342 1253 damna
368 1233 434 1253 non
457 1223 661 1259 sarciuntur,
690 1221 749 1252 sed
773 1222 925 1251 divinitus
948 1230 1075 1260 poenae

100 1266 304 1296 comitantur.

185 1306 311 1341 Quarta
334 1316 454 1337 caussa
473 1312 534 1343 est,
557 1306 633 1346 quia
657 1305 829 1345 disciplina
848 1312 896 1336 est
909 1306 1074 1346 paedago—

99 1349 154 1390 gia
187 1349 220 1379 in
250 1347 422 1380 Christum.
470 1347 608 1379 Ceteras
639 1358 776 1378 caussas
799 1348 896 1378 etiam
919 1348 1074 1378 videbant

98 1391 228 1422 Ethnici
249 1391 480 1429 modestiores,
504 1396 535 1421 et
558 1401 697 1432 magnus
721 1389 814 1421 furor
837 1396 886 1420 est
909 1389 989 1420 nihil
1007 1401 1075 1420 mo-

98 1434 168 1464 veri
195 1439 285 1464 metu
313 1432 534 1464 calamitatum
563 1439 595 1463 et
623 1443 814 1473 poenarum.
860 1433 927 1463 Sed
959 1439 1074 1473 quarta

100 1485 221 1506 caussa
244 1476 377 1516 gravior
407 1481 476 1512 est,
502 1481 532 1505 et
556 1485 674 1516 magna
698 1474 770 1505 laus
794 1481 844 1505 est
868 1474 1073 1514 disciplinae,

100 1518 187 1559 quod
210 1518 416 1558 paedagogia
440 1518 557 1548 dicitur
579 1518 612 1547 in
637 1516 823 1553 Christum,
846 1516 997 1548 videlicet
1022 1527 1074 1554 eo,

99 1561 187 1601 quod
209 1561 242 1590 in
260 1559 342 1597 11115,
373 1560 428 1600 qui
450 1570 516 1590 non
540 1560 691 1590 desinunt
710 1570 747 1590 se
770 1558 920 1599 polluere
943 1558 1075 1590 sceleri-

99 1603 161 1633 bus
185 1609 299 1632 contra
325 1603 573 1639 conscientiam,
603 1612 670 1632 non
694 1608 744 1632 est
768 1601 886 1633 efficax
910 1601 1073 1638 Christus,

99 1645 184 1675 sicut
215 1643 303 1674 clare
331 1645 447 1675 dicitur
466 1646 504 1680 ¹⁰)
531 1644 558 1674 l.
580 1644 656 1674 Cor.
674 1644 705 1674 6.
730 1648 792 1681 [vs.
816 1644 859 1682 9.]
884 1645 1074 1674 Fornicato—

99 1697 164 1724 res,
188 1685 392 1724 idololatrae,
417 1685 553 1717 adulteri
578 1692 640 1717 etc.
664 1696 800 1727 regnum
823 1686 887 1717 Dei
909 1697 974 1716 11011
998 1697 1074 1727 pos-

98 1730 261 1759 sidebunt.
307 1728 347 1759 Et
371 1729 403 1759 111
427 1730 565 1759 0311110111
588 1730 784 1759 50111011113111
807 1730 907 1769 inquit
932 1729 1072 1759 loannes

99 1772 141 1808 [l.
165 1782 216 1811 ep.
240 1770 271 1808 3,
294 1771 355 1808 S.l:
381 1772 512 1808 Omnis,
537 1772 590 1811 qui
613 1776 749 1811 peccat,
781 1781 820 1801 ex
843 1769 985 1801 Diabolo
1011 1777 1071 1801 est.

97 1813 244 1844 Necesse
256 1819 306 1843 est
319 1814 417 1854 igitur
428 1812 559 1843 frenare
573 1814 778 1853 cupiditates,
791 1824 833 1844 ne
851 1823 1071 1853 repugnemus

98 1855 231 1896 Spiritui
240 1862 356 1886 sancto
365 1857 506 1886 moventi
517 1857 628 1886 corda.
639 1855 776 1886 Accedit
792 1862 822 1886 et
835 1856 910 1893 hoc,
923 1856 1010 1896 quod
1027 1856 1072 1886 di-

98 1898 256 1939 sciplinae
278 1908 355 1938 pars
379 1904 442 1935 est,
465 1899 577 1928 audire
589 1904 620 1928 et
633 1899 763 1929 discere
775 1897 1003 1939 Evangelium,
1014 1908 1073 1937 per

97 1941 186 1981 quod
215 1941 355 1980 Spiritus
389 1946 524 1971 sanctus
557 1947 607 1971 est
636 1939 765 1971 efficax.
819 1941 886 1971 Has
916 1939 1070 1970 utilitates

98 1982 288 2023 disciplinae
317 1984 504 2014 meminisse
526 1982 698 2022 plurimum
726 1982 843 2020 refert,
874 1984 933 2013 sed
962 1989 1071 2013 tamen

96 2035 163 2055 non
186 2024 364 2066 affingendi
389 2031 463 2055 sunt
488 2035 620 2055 errores
644 2024 786 2062 illorum,
809 2026 863 2066 qui
888 2026 1071 2055 docuerunt

95 2067 183 2097 hanc
216 2066 420 2107 disciplinam
454 2068 573 2097 mereri
607 2069 834 2098 remissionem
861 2074 1071 2108 peccatorum

97 2115 153 2140 aut
182 2110 254 2140 sine
276 2115 413 2149 peccato
445 2119 521 2140 esse
549 2116 605 2140 aut
629 2120 705 2141 esse
728 2109 947 2151 impletionem
970 2110 1071 2151 Legis

96 2158 152 2182 aut
175 2152 331 2182 iustitiam
355 2162 466 2181 coram
490 2151 576 2182 Deo.

182 2194 349 2225 Hactenus
374 2194 414 2224 de
435 2204 499 2224 usu
520 2193 653 2234 politico
681 2205 739 2225 seu
761 2195 988 2236 paedagogice
1010 2194 1071 2225 Le-

97 2236 147 2277 gis
176 2237 298 2267 dictum
328 2242 394 2272 est3
431 2236 528 2266 Nunc
558 2237 598 2266 de
627 2238 774 2268 secundo
809 2247 871 2267 usu
900 2238 1071 2268 dicendum

98 2285 159 2316 est,
184 2279 225 2309 de
248 2288 312 2319 quo
336 2279 511 2319 praecipue
535 2279 749 2310 concionatur
770 2279 905 2316 Paulus,
924 2286 958 2311 ut
982 2289 1071 2310 erro-

97 2331 151 2351 res
174 2320 306 2351 humani
329 2321 436 2351 iudicii
468 2321 507 2351 de
531 2328 669 2361 peccato
700 2328 731 2352 et
756 2322 796 2352 de
818 2323 941 2352 iustitia
965 2331 1072 2352 emen-

97 2364 161 2394 det.
206 2363 265 2393 Est
288 2364 386 2404 igitur
409 2361 491 2393 alius
515 2373 595 2394 usus
618 2363 720 2404 Legis
745 2364 875 2394 divinae
898 2371 929 2395 et
947 2364 1071 2405 praeci-

97 2415 191 2446 puus,
215 2407 390 2436 ostendere
414 2411 597 2446 peccatum,
620 2415 791 2443 accusare,
813 2405 1071 2446 perterrefacere

100 2541 143 2571 10)
163 2541 263 2572 dicitur]
283 2542 353 2566 Editt.
375 2542 448 2564 1—4.
469 2541 492 2564 6.
514 2541 536 2564 7.
556 2541 579 2566 9.
600 2541 640 2563 12.
661 2541 718 2565 dicit

572 119 594 149 1.
619 117 720 149 LOC1
742 116 1021 148 THEOLOGICI:
1044 116 1086 147 D.
1110 115 1269 147 TERTIA
1291 114 1447 145 EORUM
1470 113 1626 145 AETAS.

2031 114 2095 145 718

1114 214 1144 239 et
1166 209 1321 239 damnare
1345 217 1458 238 omnes
1482 207 1630 238 homines
1660 208 1693 237 in
1715 204 1778 236 hac
1802 206 2011 247 corruptione
2035 217 2092 237 na-

1114 257 1216 281 turae.
1272 250 1332 280 Est
1372 251 1456 280 enim
1490 249 1561 280 Lex
1601 254 1794 290 perpetuum
1828 248 1890 279 Dei
1924 249 2091 286 iudicium,

1116 293 1298 323 damnantis
1321 298 1495 332 peccatum
1519 293 1550 322 in
1573 297 1642 323 toto
1667 301 1789 333 genere
1811 291 1971 328 humano,
2001 296 2091 331 pate-

1116 333 1238 364 factum
1255 333 1453 372 hominibus,
1476 339 1507 364 et
1531 335 1606 374 quia
1630 334 1744 364 notitia
1757 333 1858 375 Legis
1882 340 2018 363 naturae
2041 339 2089 363 est

1115 377 1216 406 indita
1239 377 1413 414 mentibus,
1437 381 1468 406 et
1492 377 1565 416 quia
1589 377 1728 407 subinde
1751 377 1849 407 variis
1869 376 1974 406 modis
1999 385 2091 406 reve—

1115 417 1216 449 latum
1243 425 1291 449 est
1318 428 1401 449 1000
1427 424 1457 449 01
1482 417 1658 458 exemplis,
1687 425 1722 449 ut
1745 419 1776 448 in
1800 418 1960 449 Paradiso
1985 418 2091 459 arguit

1116 460 1209 491 Deus
1231 461 1483 491 inobedientiam
1507 467 1537 490 et
1559 461 1647 491 addit
1671 470 1826 501 poenam,
1857 460 1983 491 scilicet
2007 470 2091 490 mor-

1116 508 1180 532 tem
1208 509 1239 533 et
1274 508 1402 533 ceteras
1433 501 1654 540 calamitates,
1693 509 1727 533 ut
1762 509 1873 533 essent
1904 503 2092 534 testimonia

1116 545 1223 575 iudicii
1243 545 1404 576 adversus
1427 551 1574 585 peccata.
1609 544 1730 576 Postea
1754 552 1889 576 secutae
1912 551 1986 576 sunt
2010 544 2091 576 111111-

1117 593 1171 617 tae
1195 588 1372 617 conciones
1397 593 1427 617 et
1451 586 1611 627 exempla,
1645 594 1680 618 ut
1704 589 1744 618 (le
1769 587 1860 625 Cain,
1894 588 1934 618 de
1958 587 2093 624 diluvio,

1118 629 1158 659 de
1183 630 1282 659 exitio
1306 630 1524 661 Sodomorum
1554 635 1583 660 et
1609 628 1754 670 reliquis.
1799 629 1923 670 Estque
1945 631 2093 660 immuta-

1118 670 1183 701 bile
1205 671 1434 702 iudiciumDei
1457 672 1644 712 opprimens
1669 678 1800 703 aeterna
1824 673 1872 703 ira
1891 682 2015 709 omnes,
2040 672 2095 712 qui

1118 724 1184 744 non
1206 712 1386 745 liberantur
1408 724 1468 754 per
1490 715 1688 755 agnitionem
1707 714 1763 745 filii
1783 714 1856 745 Dei.
1900 715 1975 745 Non
1998 715 2095 755 igitur

1119 757 1332 797 imaginemur
1361 756 1486 798 Legem
1514 757 1576 787 Dei
1610 768 1677 787 rem
1710 756 1818 788 levem
1847 763 1877 787 et
1906 756 2095 788 mutabilem

1118 808 1207 836 esse,
1230 805 1263 829 ut
1282 798 1340 829 fuit
1362 798 1531 830 Laconica
1550 798 1614 837 lex,
1638 805 1762 830 tantum
1780 805 1813 830 ut
1833 798 1942 831 ferreo
1962 810 2092 831 nummo

1117 842 1149 871 in
1173 846 1261 871 terra
1284 841 1450 872 Laconica
1472 847 1660 878 uterentur3
1684 842 1742 872 sed
1766 848 1815 872 est
1839 843 1992 873 iudicium
2019 842 2094 881 Dei,

1118 884 1149 913 in
1172 893 1237 924 quo
1260 883 1425 914 horrenda
1449 885 1497 914 ira
1516 884 1578 914 Dei
1597 885 1759 915 adversus
1782 891 1956 925 peccatum
1985 891 2094 916 osten·

1118 926 1203 956 ditur
1227 927 1376 957 omnibus
1389 927 1603 966 temporibus,
1627 928 1715 968 quod
1738 927 1867 968 quidem
1887 937 2016 968 semper
2040 938 2094 957 so-

1117 974 1172 998 nat
1198 974 1228 998 et
1251 969 1388 998 sentitur
1410 970 1443 999 in
1466 967 1617 999 Ecclesia
1640 971 1764 1010 11111815,
1789 980 1886 1010 quam
1910 970 1941 1000 in
1965 970 2093 1012 reliquo

1117 1011 1257 1046 mundo,
1281 1010 1374 1041 Sicut
1398 1013 1505 1041 statim
1530 1013 1570 1042 ab
1594 1012 1684 1042 initio
1708 1013 1740 1042 in
1763 1013 1917 1052 paradiso
1933 1019 1963 1043 et
1976 1019 2091 1052 postea

1118 1053 1149 1082 in
1173 1052 1305 1083 Patrum
1341 1055 1554 1084 concionibus
1588 1056 1697 1085 sonuit.
1725 1065 1790 1085 vox
1818 1054 1920 1096 Legis
1949 1065 2092 1096 arguens

1117 1102 1288 1133 peccatum
1322 1102 1353 1125 et
1386 1097 1582 1136 praedicans
1610 1097 1852 1137 poenitentiam.
1898 1097 1937 1127 Et
1966 1097 2090 1128 Paulus

1116 1137 1218 1177 inquit
1230 1136 1325 1167 Rom.
1342 1138 1369 1167 l.
1386 1142 1447 1175 [vs.
1464 1138 1539 1176 18.].
1577 1138 1756 1169 Revelatur
1774 1140 1822 1169 ira
1841 1139 1903 1170 Dei
1933 1140 1973 1170 de
1997 1139 2089 1171 coelo

1117 1188 1216 1219 super
1240 1189 1369 1210 omnem
1391 1181 1591 1221 iniquitatem
1610 1181 1777 1211 hominum
1801 1182 1969 1212 veritatem
1992 1183 2024 1212 in
2048 1184 2093 1212 in-

1117 1222 1237 1251 iustitia
1266 1222 1486 1252 detinentium.
1528 1223 1588 1253 Hic
1611 1230 1750 1254 testatur
1774 1223 1953 1254 coelestem
1976 1235 2092 1255 vocem

1117 1264 1148 1293 in
1172 1262 1324 1294 Ecclesia
1348 1275 1480 1302 sonare,
1504 1276 1588 1305 quae
1604 1267 1684 1296 iram
1703 1265 1765 1296 Dei
1786 1267 1952 1297 denuntiat
1976 1268 2092 1298 adver-

1118 1316 1176 1336 sus
1199 1305 1364 1337 hominum
1387 1314 1532 1347 peccata.

1203 1348 1306 1379 Sonat
1328 1349 1436 1390 igitur,
1455 1356 1488 1380 ut
1513 1350 1589 1388 dixi,
1611 1351 1645 1381 in
1668 1350 1819 1382 Ecclesia
1842 1350 1926 1383 haec
1950 1363 2014 1383 vox
2031 1353 2092 1384 Le-

1117 1391 1180 1431 gis,
1202 1392 1307 1432 magis
1336 1392 1433 1422 etiam
1456 1393 1639 1423 sentiuntur
1661 1392 1743 1424 haec
1767 1392 1899 1425 fulmina
1924 1396 1955 1425 in
1979 1395 2093 1426 Eccle-

1117 1434 1177 1470 sia,
1199 1433 1318 1471 Adam,
1340 1433 1520 1472 Abraham,
1543 1435 1654 1473 Iacob,
1678 1435 1798 1474 Daw‘d,
1814 1436 1985 1475 Ezechias,
2008 1438 2092 1470 Pau-

1116 1474 1187 1511 lus,
1222 1483 1396 1507 senserunt
1430 1482 1577 1508 terrores
1607 1478 1640 1508 in
1670 1480 1836 1520 agnitione
1864 1481 1914 1510 sui
1944 1482 2090 1520 peccati:

1117 1517 1209 1548 Sicut
1232 1518 1302 1548 Leo
1337 1519 1489 1549 contrivit
1525 1521 1633 1550 onmia
1663 1531 1740 1552 ossa
1770 1532 1852 1552 mea.
1899 1522 1939 1552 Et
1969 1522 2092 1554 Psalmi

1116 1559 1203 1599 pleni
1228 1567 1303 1591 sunt
1327 1560 1443 1591 harum
1461 1561 1677 1602 querelarum.
1722 1563 1763 1595 Et
1786 1570 1821 1594 ut
1845 1566 2004 1596 sentiatur
2027 1565 2091 1597 hoc

1117 1603 1268 1633 iudicium
1289 1609 1321 1633 et
1342 1610 1543 1644 agnoscatur
1560 1611 1742 1645 peccatum,
1767 1605 1919 1638 Ecclesia
1942 1609 2093 1640 subiecta

1116 1650 1167 1674 est
1202 1646 1303 1683 cruci,
1338 1656 1411 1676 cum
1444 1647 1572 1677 interim
1601 1648 1739 1679 mundus
1769 1659 1891 1680 coecus
1922 1657 1951 1681 et
1979 1649 2092 1682 furens

1117 1693 1301 1717 contemnat
1335 1689 1489 1719 iudicium
1519 1689 1591 1720 Dei.
1637 1690 1724 1721 Nihil
1758 1692 1855 1732 igitur
1881 1692 2013 1724 dubium
2042 1700 2092 1724 est

1116 1728 1200 1759 hanc
1229 1740 1343 1761 vocem
1369 1730 1469 1773 Legis
1500 1738 1690 1773 arguentem
1718 1740 1855 1774 peccata
1885 1735 1916 1764 in
1940 1734 2090 1767 Ecclesia

1116 1778 1269 1811 oportere
1292 1780 1450 1813 perpetuo
1474 1776 1612 1814 proponi
1625 1782 1655 1805 et
1668 1777 1762 1814 tradi,
1784 1777 1848 1806 imo
1862 1778 2090 1818 gravissimum

1115 1813 1228 1845 scelus
1252 1821 1341 1845 esset
1361 1815 1527 1847 occultare
1538 1818 1691 1848 iudicium
1704 1818 1766 1849 Dei
1790 1825 1820 1849 et
1840 1830 1956 1850 vocem
1970 1822 2091 1852 denun-

1114 1857 1245 1887 tiantem
1254 1858 1334 1887 iram
1346 1858 1507 1889 adversus
1515 1866 1699 1899 peccatum,
1711 1861 1861 1892 utlerem.
1871 1862 1898 1891 l.
1906 1865 1987 1899 [155.
1998 1863 2090 1904 9sq.]

1115 1899 1248 1929 dicitur:
1262 1899 1350 1930 Ecce
1363 1901 1436 1931 dedi
1448 1903 1551 1932 verba
1563 1912 1636 1932 mea
1645 1903 1675 1932 in
1686 1910 1824 1939 010111ος
1836 1903 1925 1935 Εο00
1937 1907 2088 1937 constitui

1115 1947 1148 1971 te
1171 1952 1272 1982 super
1286 1942 1421 1980 Gentes,
1444 1949 1479 1974 ut
1503 1943 1628 1974 evellas
1642 1952 1673 1975 et
1687 1946 1849 1977 destruas·
1873 1946 1940 1977 Sed
1959 1947 2014 1979 illa
2038 1955 2088 1979 est

1115 1984 1146 2014 in
1169 1983 1319 2015 Ecclesia
1354 1986 1539 2025 disputatio.
1590 1987 1790 2028 Hypocritae
1823 1995 1935 2028 putant
1966 1990 2090 2032 Legem

1114 2027 1262 2066 proponi,
1286 2034 1319 2057 ut
1338 2034 1503 2058 mereatur
1524 2029 1823 2061 reconciliationem
1837 2042 1896 2062 seu
1909 2031 2001 2063 tollat
2014 2044 2089 2073 pec-

1115 2074 1232 2098 catum.
1288 2069 1346 2099 His
1382 2071 1549 2102 erroribus
1583 2071 1738 2103 reclamat
1772 2072 1895 2104 Paulus
1929 2081 1960 2105 et
1993 2077 2088 2106 tradit

1114 2112 1307 2141 sententiam
1329 2111 1468 2143 alienam
1491 2123 1510 2143 a
1533 2114 1660 2144 iudiciis
1684 2115 1846 2146 humanis.
1890 2116 1958 2148 lmo
1986 2119 2088 2159 inquit

1116 2152 1220 2190 [Rom.
1245 2153 1276 2191 3,
1299 2154 1383 2192 204,
1413 2165 1472 2195 per
1494 2155 1617 2196 Legem
1642 2158 1784 2198 cognitio
1803 2160 1942 2199 peccati.
1988 2160 2088 2195 Quasi

1115 2196 1218 2225 dicat:
1245 2196 1320 2226 Ideo
1345 2198 1539 2237 proponitur
1562 2198 1652 2236 Lex,
1680 2206 1715 2230 ut
1744 2208 1877 2231 accuset
1903 2208 1933 2232 et
1958 2202 2087 2235 damnet

1113 2244 1296 2278 peccatum,
1315 2249 1380 2268 11011
1405 2238 1500 2270 tollit.
1545 2240 1624 2271 Item
1647 2242 1738 2279 [ibid.
1762 2243 1792 2280 4,
1808 2243 1888 2282 15.]:
1913 2244 1983 2274 Lex
2008 2246 2087 2277 iram

1115 2279 1224 2310 efficit.
1270 2280 1349 2310 Item
1374 2281 1464 2319 [ibid.
1488 2282 1519 2319 7,
1533 2282 1595 2321 7.]:
1618 2282 1682 2313 Per
1704 2284 1826 2325 Legem
1850 2293 2023 2326 peccatum
2055 2289 2089 2319 fit

1115 2320 1316 2352 excellenter
1340 2334 1439 2353 reum.
1486 2323 1565 2354 Item
1589 2325 1631 2362 [l.
1657 2325 1732 2356 Cor.
1759 2327 1809 2364 15,
1832 2328 1915 2366 564:
1940 2330 2088 2362 Aculeus

1115 2365 1229 2394 mortis
1248 2372 1416 2403 peccatum
1441 2372 1504 2402 est,
1536 2367 1638 2397 virtus
1663 2375 1770 2399 autem
1794 2372 1919 2410 peccati
1933 2371 2003 2402 Lex
2028 2381 2086 2403 est.

1114 2406 1202 2436 Haec
1217 2407 1300 2436 dicta
1314 2408 1392 2437 viris
1412 2406 1554 2447 politicis
1578 2410 1751 2441 admodum
1762 2413 1914 2443 videntur
1927 2415 2089 2451 absurda3

1113 2449 1172 2478 sed
1196 2450 1432 2480 concionantur
1454 2460 1520 2480 non
1546 2451 1586 2481 de
1609 2451 1749 2491 politicis
1773 2457 1934 2493 moribus,
1965 2458 2023 2487 sed
2049 2459 2088 2489 de

1113 2491 1231 2521 iudicio
1256 2491 1337 2528 Dei,
1368 2493 1456 2532 quod
1486 2494 1644 2524 sentimus
1675 2496 1707 2525 in
1738 2497 1825 2526 veris
1849 2500 2030 2530 terroribus
2055 2508 2085 2531 et

1112 2543 1191 2563 vera
1215 2534 1423 2573 poenitentia.
1468 2534 1551 2565 Nam
1581 2535 1668 2566 hunc
1691 2547 1785 2568 usum
1808 2538 1879 2570 Lex
1902 2550 1966 2571 non
1989 2541 2088 2573 habet
