2358 2933
99 108 159 139 921

99 198 314 241 spiritualium
333 205 364 229 et
388 198 613 238 opprimuntur
635 197 876 237 desperatione,
912 207 983 227 cum
1007 207 1072 227 non

98 243 256 283 contingit
279 240 358 272 illud
382 246 549 281 speratum
573 240 681 277 otium,
706 240 792 280 quod
816 239 1028 270 somniarunt.

244 366 370 401 Qoon
416 366 604 397 REGNUM
649 365 818 396 cnmsri
864 365 931 395 srr

414 441 685 473 SPlRlTUALE.
703 442 746 482 1⁶)

180 536 268 566 10311.
305 536 355 565 17.
387 538 450 573 [vs.
474 535 520 573 2.]
554 534 644 565 Sicut
679 534 797 564 dedisti
820 535 849 564 ei
873 541 1069 574 potestatem

94 579 199 609 omnis
223 579 344 616 carnis,
367 585 401 608 ut
426 587 532 615 omne,
557 577 645 618 quod
668 577 784 607 dedisti
808 577 852 614 ei,
876 578 929 607 det
952 578 1000 607 eis
1023 578 1068 608 vi-

93 627 159 652 tam
181 627 364 656 aeternam3
388 620 479 650 Haec
502 626 551 650 est
574 625 682 650 autem
705 620 769 649 vita
794 625 937 657 aeterna,
960 626 994 650 ut
1015 630 1068 650 co-

93 664 306 705 gnoscant¹⁷)
330 668 362 693 16
385 661 491 693 50111111
514 661 621 692 Ι)611111
644 672 757 692 verum
781 668 811 692 et
835 672 929 702 quem
953 663 1067 692 misisti

93 706 201 736 lesum
224 704 401 735 Christum.
446 704 508 734 Hic
531 703 682 734 Christus
717 710 856 735 testatur
890 714 984 735 suum
1014 705 1068 735 be·

91 747 242 778 neficium
265 753 296 777 et
318 756 454 787 regnum
473 756 567 777 suum
591 756 667 777 esse
689 748 786 776 w'tam
811 753 995 783 aeternam;
1028 746 1068 777 Et

92 790 215 826 definit,
249 789 325 830 quid
355 790 396 819 sit
418 790 485 819 vita
507 794 660 825 aeterna,
685 787 847 826 videlicet,
871 800 935 820 non
959 788 1067 829 aliqua

91 832 255 863 mundana
279 832 468 869 dominatio,
504 832 563 861 sed
586 842 665 861 vera
688 838 718 861 et
742 832 862 862 ardens
877 833 918 872 ι5)
953 832 1068 862 notitia

92 875 153 905 Dei
178 880 210 904 et
232 873 364 904 Domini
388 874 493 904 nostri
518 873 592 904 Iesu
615 872 749 904 Christi.

176 916 270 947 Rom.
295 916 325 946 8.
351 919 416 954 [vs.
440 916 506 954 34]
532 916 595 950 Qui
619 922 668 946 est
679 916 711 946 in
725 917 839 947 dextra
852 916 913 947 Dei
927 923 958 947 et
970 917 1068 947 inter-

89 957 191 1000 pellat
224 969 284 998 pro
317 959 413 988 nobis
437 964 498 989 etc.
544 958 584 988 Et
608 958 669 988 les.
696 959 744 989 11.
766 962 827 996 [VS.
855 959 916 999 10.]
962 960 1067 991 Stabit

89 1001 182 1031 radix
206 1000 308 1037 16556,
332 1001 437 1040 ipsum
461 1006 576 1042 gentes
600 1001 863 1041 deprecabuntur
890 1008 951 1032 etc.
998 1001 1068 1032 Hae

89 1043 271 1074 sententiae
294 1043 483 1073 describunt
507 1044 727 1074 sacerdotium
762 1050 792 1073 et
816 1054 951 1085 regnum
976 1043 1067 1074 Chri-

89 1086 142 1123 sti,
167 1090 198 1116 et
221 1091 384 1116 testantur
406 1092 578 1126 utrumque
602 1085 772 1125 spirituale
791 1096 883 1124 esse,
907 1086 979 1117 Hoc
1005 1093 1067 1123 651,

89 1126 254 1158 Christum
278 1138 343 1157 non
375 1129 577 1158 constituere
599 1127 732 1168 aliquod
756 1129 864 1159 mundi
888 1130 1067 1169 imperium,

89 1170 149 1200 sed
172 1171 257 1210 apud
271 1169 400 1200 Patrem
424 1180 484 1210 pro
507 1171 604 1201 nobis
627 1169 846 1210 interpellare,
859 1172 902 1201 ita
915 1181 1065 1212 regnare,

88 1218 123 1243 ut
145 1211 224 1242 velit
249 1213 412 1247 invocari,
447 1213 613 1250 exaudire,
648 1212 866 1251 sanctificare,
901 1214 1067 1243 custodire

88 1254 212 1294 Spiritu
246 1261 361 1284 sancto
397 1264 472 1291 eos,
506 1256 559 1294 qui
582 1256 687 1294 ipsum
710 1255 874 1290 invocant.
920 1256 1011 1286 Sicut
1036 1261 1066 1285 et

87 1295 170 1327 alias
204 1297 361 1336 scriptum
385 1302 434 1326 est
460 1295 566 1333 [Rom.
585 1297 617 1334 S,
643 1297 726 1335 14.]:
774 1297 835 1331 Qui
856 1298 978 1338 Spiritu
1004 1298 1066 1328 Dei

87 1344 241 1380 aguntur,
275 1338 307 1368 hi
342 1345 417 1369 sunt
452 1338 509 1368 filii
532 1338 607 1370 Dei.
653 1339 732 1370 Item
757 1339 882 1377 [Ierem.
907 1340 959 1378 31,
983 1340 1065 1378 334:

86 1381 184 1411 Dabo
208 1380 333 1422 Legem
355 1391 459 1411 meam
480 1382 511 1411 in
536 1382 635 1412 corda
660 1391 782 1412 eorum.
827 1382 918 1414 Haec
942 1383 1066 1414 benefi-

87 1424 138 1454 cia
162 1424 390 1460 obscurantur,
414 1434 487 1454 cum
512 1430 725 1464 expectamus
748 1434 886 1466 regnum
911 1436 1065 1466 corpora-

86 1465 118 1496 le
142 1471 204 1496 etc.

172 1507 267 1538 Rom.
291 1507 321 1538 8.
348 1509 411 1546 [VS.
427 1507 489 1545 17.]
510 1507 722 1539 Cohaeredes
747 1508 881 1547 Christi,
906 1511 1066 1551 siquidem

86 1549 183 1581 simul
216 1551 371 1590 patimur,
405 1549 501 1580 simul
530 1551 627 1581 etiam
662 1550 931 1592 glorificabimur.
987 1553 1065 1583 Item

88 1592 197 1632 [Rom.
220 1592 252 1630 8,
275 1593 358 1630 244:
400 1592 467 1632 Spe
492 1591 575 1623 salvi
599 1592 677 1623 facti
700 1604 825 1625 sumus.
870 1595 949 1625 Item
975 1596 1064 1634 [ibid.

86 1646 136 1666 vs,
161 1634 243 1674 29.]:
279 1634 370 1669 Quos
394 1636 584 1676 praescivit,
608 1636 668 1667 hos
691 1635 760 1667 vult
785 1637 972 1668 conformes
996 1638 1065 1668 fieri

85 1678 235 1719 imaginis
259 1676 316 1707 filii
340 1678 401 1708 sui.
447 1677 527 1708 Item
551 1679 643 1716 [ibid.
667 1689 717 1709 vs.
741 1679 823 1717 364:
870 1680 1009 1721 Propter
1031 1686 1065 1710 te

85 1726 269 1751 mactamur
302 1725 370 1750 tota
405 1720 467 1757 die,
501 1721 641 1761 reputati
676 1732 789 1752 sumus
814 1722 958 1763 velutw)
983 1732 1063 1753 oves

85 1762 263 1793 occisionis
287 1768 348 1793 etc.
394 1762 465 1792 Hae
487 1764 670 1794 sententiae
688 1770 860 1802 testantur,
883 1766 971 1806 quod
995 1764 1065 1807 glo-

85 1804 224 1835 rificatio
259 1815 325 1834 non
360 1806 529 1845 contingat
562 1806 594 1836 in
627 1806 691 1837 hac
721 1807 800 1844 vita,
831 1808 890 1838 sed
914 1813 1062 1848 oporteat

84 1857 147 1878 nos
180 1847 212 1877 in
246 1846 309 1877 hac
332 1848 399 1878 w‘ta
421 1846 622 1878 afflictiones
646 1855 677 1879 et
700 1852 962 1889 persecutionem
986 1851 1063 1891 pati.

85 1884 201 1920 Matth.
228 1889 277 1919 16.
304 1892 367 1926 [vs.
391 1890 456 1927 ‘244
503 1890 539 1921 Si
573 1892 646 1932 quis
669 1890 738 1922 vult
762 1903 812 1923 me
836 1894 941 1934 sequi,
966 1895 1064 1924 abne-

86 1938 141 1974 get
174 1942 211 1962 se
243 1933 349 1972 ipsum
373 1938 404 1962 et
427 1930 521 1963 tollat
545 1943 677 1964 crucem
700 1944 792 1965 suam
816 1941 847 1965 et
870 1946 922 1966 me
945 1946 1062 1977 sequa-

84 1981 146 2005 tur.
192 1974 281 2005 loan.
314 1974 363 2005 16.
390 1978 452 2011 115.
475 1975 540 2013 22]
576 1976 611 2006 ln
638 1975 703 2007 hoc
726 1978 848 2008 mundo
872 1989 1062 2018 pressuram

83 2016 258 2048 habebitis.
304 2016 345 2047 Et
367 2017 398 2047 2.
422 2017 502 2047 Tim.
524 2017 553 2048 3.
575 2022 637 2056 [vs.
665 2019 727 2058 12]
775 2020 908 2060 Omnes,
933 2022 986 2062 qui
1010 2022 1062 2061 pie

85 2058 201 2090 volunt
224 2060 336 2089 vivere
359 2060 391 2090 in
416 2059 568 2097 Christo,
598 2063 862 2101 persecutionem
886 2065 1061 2104 patientur.

86 2102 157 2132 Hae
179 2102 363 2132 sententiae
383 2101 567 2133 clarissime
590 2105 709 2136 docent
732 2105 918 2137 Ecclesiam
942 2107 974 2137 in
998 2106 1061 2137 1136

84 2145 153 2175 vita
188 2144 369 2175 subiectam
393 2154 469 2174 esse
492 2143 736 2178 afflictionibus.
783 2148 855 2179 Col.
880 2149 910 2179 3.
932 2153 993 2187 [vs.
1018 2149 1060 2187 3.]

84 2186 164 2218 Vita
196 2192 309 2217 vestra
338 2187 532 2218 abscondita
567 2194 616 2219 est
649 2200 721 2221 cum
750 2189 882 2222 Christo
915 2193 948 2222 in
971 2191 1063 2228 De0;

86 2228 226 2264 Quando
240 2228 393 2260 Christus
415 2229 688 2270 manifestabitur,
713 2235 766 2274 qui
790 2240 841 2264 est
859 2235 926 2266 vita
937 2241 1062 2273 vestra,

86 2357 132 2387 16)
149 2358 228 2383 Hanc
245 2358 453 2388 inscriptionem
472 2359 579 2384 omittit
594 2360 637 2384 Ed.
657 2360 680 2383 3.

86 2408 131 2438 17)
149 2409 315 2473 cognoscasst]
334 2409 405 2434 Editt.
426 2409 438 2431 1
459 2423 491 2427 —
511 2409 534 2433 9.
556 2410 594 2435 12.
614 2414 755 2440 agnoscant
774 2412 829 2442 (Ed.
851 2414 872 2436 1.
893 2415 943 2445 typ.
962 2420 1063 2440 errore:

153 2447 268 2472 agnosan

88 2493 131 2524 18)
151 2494 177 2518 et
194 2493 288 2518 ardens
306 2493 410 2518 absunt
427 2494 462 2519 ab
480 2495 551 2520 Editt.
573 2497 595 2518 1.
615 2495 639 2518 3.

86 2535 131 2565 19)
149 2535 228 2567 velut]
250 2536 322 2560 Editt.
343 2535 381 2558 26.
402 2536 449 2566 27.,
469 2536 541 2566 Corp-
561 2537 635 2561 1—8.
654 2538 719 2563 sicut

727 103 836 134 PHIL.
859 102 961 134 MEL.
985 103 1169 135 SCRIPTA
1191 104 1465 136 DOGMATICA.

2027 110 2090 140 922

1118 203 1196 227 tunc
1231 203 1262 227 et
1298 208 1358 228 vos
1383 208 1454 228 cum
1479 208 1519 228 eo
1541 197 1825 229 manifestabimini
1848 200 1881 230 in
1901 199 2014 241 gloria.
2063 203 2090 233 l.

1117 239 1206 269 loan.
1231 239 1261 270 3.
1288 243 1349 277 [vs.
1364 240 1411 278 2.]
1434 240 1529 271 Ν11116
1554 239 1608 271 filii
1633 241 1694 271 Dei
1718 252 1843 279 sumus,
1868 244 1926 273 sed
1949 244 2091 274 nondum

1117 280 1325 312 manifestum
1349 289 1410 320 est,
1434 282 1549 322 quales
1569 284 1707 319 erimus,
1732 285 1852 314 scimus
1876 291 1995 323 autem,
2019 296 2092 316 cum

1116 322 1394 362 manifestabitur,
1414 324 1535 355 similes
1559 336 1621 355 nos
1646 327 1674 356 ei
1699 324 1826 357 futuros
1847 336 1934 364 esse,
1959 328 2034 368 quia
2046 329 2091 358 vi-

1117 366 1264 396 debimus
1300 376 1383 404 eum,
1419 368 1690 407 quemadmodum
1725 376 1775 399 651
1810 376 1871 399 616.
1917 369 2024 400 Docet
2060 377 2091 400 et

1115 406 1167 439 hic
1190 407 1285 439 locus
1308 408 1445 449 gloriam
1468 411 1560 451 regni
1591 409 1712 440 Christi
1735 421 1801 441 non
1825 421 1900 442 esse
1923 413 2092 452 imperium

1114 451 1322 488 mundanum,
1341 452 1400 482 sed
1424 450 1602 492 spirituale,
1625 452 1689 483 ho(-
1709 459 1770 490 est,
1790 460 1822 484 ut
1836 455 2021 485 resuscitati
2034 453 2089 485 ha-

1115 494 1250 523 beamus
1274 503 1393 523 novam
1417 500 1447 524 et
1471 501 1636 524 aeternam
1660 496 1814 526 iustitiam
1827 506 1866 526 ac
1878 497 1989 534 vitam,
2014 506 2091 537 qua-

1112 533 1153 564 lis
1178 541 1228 565 est
1252 534 1375 565 Christi
1399 537 1585 566 resuscitati
1610 535 1724 577 gloria.

1198 577 1275 607 Item
1299 576 1422 607 Paulus
1458 577 1548 609 clare
1572 579 1666 616 dicit,
1690 579 1926 610 Antichristum
1947 581 2092 610 domina-

1113 625 1219 649 turum
1243 629 1318 649 esse
1341 630 1446 660 usque
1469 621 1511 650 ad
1530 621 1742 650 novissimum
1766 622 1935 659 iudicium,
1970 623 2002 652 in
2026 632 2091 662 quo

1113 662 1248 692 veniens
1273 660 1426 692 Christus
1446 663 1592 693 destmet
1616 673 1752 703 regnum
1776 664 1990 700 Antichristi3
2029 665 2090 705 igi-

1113 705 1220 744 tur'20)
1255 713 1335 734 vera
1358 703 1511 735 Ecclesia
1546 715 1612 735 non
1647 707 1822 745 occupabit
1847 707 1998 746 imperia,
2032 707 2093 737 sed

1113 745 1213 776 multo
1237 747 1343 787 magis
1372 748 1558 777 versabitur
1580 748 1612 777 in
1636 748 1783 778 maximis
1809 748 1966 788 periculis
1991 755 2021 779 et
2045 747 2092 779 af-

1112 788 1320 818 flictionibus.
1366 789 1407 819 Et
1429 790 1459 819 2.
1486 789 1571 820 Ρ611·.
1596 789 1625 820 3.
1652 794 1714 827 ivs.
1739 790 1783 828 3.1
1811 791 1944 828 dicitur,
1979 796 2092 821 ventu-

1111 840 1167 861 ros
1191 840 1268 861 esse
1290 833 1465 870 postremis
1489 833 1691 872 temporibus
1715 831 1883 870 illusores,
1909 834 1964 874 qui
1985 832 2093 873 palam

1112 873 1279 903 derideant
1302 873 1492 914 religiones.
1527 874 1631 905 Erunt
1654 877 1787 916 erg021)
1812 876 1866 916 qui
1890 885 2091 917 persequen-

1111 921 1162 945 tur
1184 914 1380 946 Ecclesiam.
1426 916 1466 946 Et
1490 916 1610 947 Daniel
1633 916 1723 947 clare
1746 918 1834 955 dicit,
1866 919 2003 955 bestias,
2026 918 2090 948 hoc

1112 963 1173 994 est,
1196 958 1331 997 imperia
1351 959 1468 988 coniici
1491 960 1523 989 in
1543 960 1662 1000 ignem,
1687 970 1760 990 cum
1784 968 1919 1001 apparet
1940 960 2091 991 Christus

1111 1001 1153 1030 ad
1176 1000 1394 1031 iudicandum.
1431 1000 1605 1032 Durabunt
1630 1003 1726 1043 igitur
1750 1003 1885 1043 imperia
1907 1003 2017 1044 aliqua
2035 1003 2091 1033 im-

1110 1043 1164 1082 pia
1187 1051 1292 1082 usque
1315 1043 1356 1072 ad
1379 1044 1593 1074 novissimum
1614 1045 1707 1074 diem.
1753 1045 1842 1075 Ioan.
1865 1046 1917 1076 20.
1939 1049 2001 1083 [vs.
2025 1046 2090 1083 ‘204

1112 1083 1194 1114 Cum
1218 1084 1370 1115 Christus
1393 1086 1487 1115 mittit
1510 1086 1704 1126 Apostolos,
1739 1093 1863 1118 tantum
1887 1089 1941 1119 dat
1959 1088 2091 1118 manda-

1111 1132 1177 1156 tum
1212 1127 1351 1157 docendi
1385 1134 1415 1157 et
1446 1128 1564 1168 inquit:
1611 1129 1701 1159 Sicut
1726 1140 1777 1159 me
1800 1130 1887 1160 misit
1910 1130 2020 1167 Pater,
2043 1131 2092 1160 sic

1112 1178 1175 1210 ego
1211 1170 1300 1199 mitto
1334 1179 1406 1199 vos.
1453 1169 1592 1200 Constat
1626 1177 1733 1201 autem
1757 1171 1925 1203 Christum
1956 1173 2091 1202 missum

1112 1220 1188 1241 esse
1222 1212 1263 1241 ad
1286 1212 1500 1242 ministerium
1524 1212 1708 1253 Evangelii,
1742 1224 1807 1244 non
1830 1216 1871 1245 ad
1897 1216 2091 1254 occupanda

1110 1254 1244 1292 imperia
1263 1254 1392 1289 mundi,
1417 1255 1501 1285 sicut
1523 1255 1595 1294 ipse
1615 1256 1714 1296 inquit
1741 1256 1821 1292 [1011.
1847 1258 1899 1294 18,
1922 1257 2002 1295 36.}:
2027 1257 2089 1288 Re-

1112 1306 1211 1337 gnum
1244 1305 1350 1326 meum
1381 1307 1445 1326 non
1469 1303 1519 1327 est
1545 1298 1584 1327 de
1607 1297 1671 1328 hoc
1694 1300 1826 1329 mundo.
1873 1300 1912 1330 Et
1938 1300 2091 1339 prohibet

1110 1337 1294 1377 Apostolos
1306 1340 1350 1370 ²¹²)
1374 1339 1509 1379 imperia
1528 1350 1654 1379 rapere,
1679 1351 1753 1372 cum
1776 1342 1819 1371 ait
1835 1342 1993 1380 [Luc,‘.)·2,
2007 1343 2089 1380 ⁶254:

1110 1379 1221 1421 Reges
1246 1380 1398 1411 Gentium
1433 1382 1650 1420 dominantur,
1684 1394 1744 1414 vos
1779 1391 1887 1415 autem
1930 1395 1996 1415 11011
2030 1385 2088 1415 sic.

1109 1423 1189 1452 Item
1212 1422 1326 1453 Matth.
1362 1423 1393 1453 5.
1419 1427 1481 1460 [vs.
1506 1424 1570 1462 394
1616 1425 1688 1466 Ego
1711 1432 1820 1456 autem
1842 1428 2006 1468 praecipio
2030 1437 2087 1457 vo-

1109 1465 1171 1501 bis,
1195 1475 1237 1495 ne
1261 1466 1423 1496 resistatis
1447 1466 1546 1503 malo,
1569 1466 1633 1497 hoc
1653 1474 1715 1505 est,
1738 1479 1779 1499 ne
1797 1476 1969 1509 praetextu
1981 1470 2087 1501 Evan-

1109 1507 1185 1548 gelii
1209 1513 1240 1538 et
1264 1509 1341 1538 novi
1364 1510 1456 1549 regni
1482 1510 1700 1540 constituendi
1719 1522 1808 1541 arma
1826 1513 1975 1551 capiatis.
2005 1512 2090 1542 Sunt

1108 1550 1205 1590 igitur
1228 1551 1320 1580 missi
1342 1550 1497 1590 Apostoli
1521 1553 1561 1582 ad
1586 1553 1798 1584 ministerium
1817 1554 2002 1595 Evangelii,
2025 1553 2089 1584 hoc

1108 1598 1170 1629 est,
1195 1592 1237 1623 ad
1260 1593 1453 1630 docendum.
1478 1604 1542 1623 non
1567 1595 1607 1625 ad
1631 1597 1788 1634 rapienda
1810 1597 1947 1638 imperia
1967 1598 2087 1628 mundi.

1108 1634 1184 1665 Ideo
1209 1641 1239 1665 et
1261 1634 1382 1666 Paulus
1405 1637 1528 1677 inquit:
1563 1637 1780 1678 Evangelium
1805 1645 1854 1669 est
1877 1640 2089 1670 ministerium

1108 1677 1261 1717 SpirituS,
1284 1679 1316 1708 id
1341 1685 1402 1716 est,
1428 1680 1460 1709 in
1479 1678 1660 1720 Evangelio
1685 1680 1864 1712 offeruntur
1888 1683 1973 1713 bona
1996 1683 2088 1722 spiri-

1107 1719 1208 1750 tualia
1242 1726 1273 1750 et
1307 1727 1460 1758 aeterna,
1494 1731 1560 1752 non
1584 1724 1819 1754 constituimus
1843 1735 1930 1755 nova
1952 1725 2088 1765 impelia

1107 1763 1228 1792 mundi.
1274 1762 1314 1793 Et
1337 1764 1365 1794 2
1392 1762 1467 1794 Cor.
1495 1764 1543 1794 10.
1569 1768 1631 1801 [vs.
1656 1766 1700 1802 4.[
1726 1766 1843 1807 inquit:
1886 1767 1987 1798 Arma
2011 1766 2088 1797 mili-

1107 1805 1172 1835 tiae
1206 1811 1343 1836 nostrae
1376 1816 1441 1836 non
1477 1814 1552 1837 sunt
1578 1807 1740 1844 carnalia,
1764 1810 1824 1839 sed
1846 1811 1991 1849 potentia
2014 1809 2088 1840 Deo

1107 1847 1148 1876 ad
1183 1846 1406 1878 demoliendas
1437 1849 1654 1889 cogitationes
1679 1857 1742 1881 etc.
1762 1853 1806 1884 23)
1852 1852 1932 1882 Item
1954 1853 1985 1882 2.
2010 1851 2086 1883 Cor.

1107 1889 1137 1919 5.
1171 1892 1233 1927 [vs.
1257 1890 1322 1928 204
1368 1891 1434 1921 Pro
1459 1890 1592 1923 Christo
1622 1892 1788 1933 legatione
1812 1893 1978 1935 fungimur
2000 1905 2087 1926 com-

1106 1933 1297 1962 mendantes
1331 1944 1394 1964 nos
1428 1940 1582 1974 tanquam
1605 1934 1669 1965 Dei
1691 1936 1859 1967 ministros
1882 1938 1914 1967 in
1939 1936 2088 1968 afflictio-

1106 1975 1213 2005 nibus.
1259 1975 1352 2006 Item:
1375 1976 1450 2007 Non
1474 1977 1677 2008 dominamur
1700 1978 1774 2008 fidei
1797 1985 1938 2010 vestrae.

1193 2016 1275 2047 Cum
1297 2019 1397 2060 igitur
1409 2019 1564 2059 Apostoli
1588 2026 1712 2051 tantum
1734 2020 1878 2052 habeant
1901 2023 2088 2054 mandatum

1109 2059 1258 2097 docendi,
1281 2061 1413 2101 impium
1437 2068 1486 2092 est
1509 2063 1641 2100 sentire,
1661 2064 1749 2104 quod
1767 2065 1922 2094 doctores
1936 2064 2087 2107 Evange-

1105 2100 1139 2132 lii
1173 2103 1312 2133 debeant
1346 2104 1445 2134 armis
1470 2106 1673 2136 constituere
1696 2116 1783 2136 nova
1807 2108 1966 2147 quaedam
1989 2109 2086 2149 impe-

1106 2144 1172 2180 ria;
1202 2146 1285 2176 sicut
1309 2145 1419 2177 ludaei
1443 2154 1473 2177 et
1497 2146 1738 2188 Anabaptistae
1761 2150 1936 2188 somniant,
1958 2157 2087 2191 postre-

1106 2188 1167 2217 mis
1191 2189 1396 2228 temporibus
1419 2200 1558 2231 regnum
1581 2190 1643 2221 Dei
1667 2192 1699 2221 in
1724 2192 1820 2222 terris
1839 2191 1904 2223 tale
1929 2194 2086 2224 constitu—

1107 2230 1226 2260 endum
1250 2240 1338 2268 esse,
1356 2232 1389 2262 in
1414 2242 1479 2272 quo
1503 2234 1608 2263 sancti
1632 2233 1838 2265 dominentur
1862 2241 1893 2266 et
1917 2237 2016 2266 armis
2031 2236 2085 2267 de-

1106 2270 1196 2303 leant
1229 2283 1346 2304 omnes
1379 2274 1510 2314 impios,
1544 2285 1606 2305 1166
1640 2276 1672 2306 in
1706 2275 1859 2308 Ecclesia
1893 2277 2084 2319 hypocritas

1108 2313 1195 2346 ullos
1226 2314 1355 2347 futuros
1389 2326 1475 2347 esse.
1521 2317 1631 2358 Atque
1664 2317 1729 2349 hoc
1751 2319 1915 2351 Iudaicum
1939 2319 2085 2352 delirium

1107 2391 1153 2421 20)
1172 2391 1260 2421 igitur]
1279 2392 1352 2418 Editt.
1373 2393 1412 2416 26.
1434 2394 1482 2423 27.q
1502 2395 1574 2426 Corp.
1598 2396 1661 2419 1—8
1680 2396 1738 2420 ideo

1107 2442 1152 2472 21)
1174 2442 1247 2473 ergo]
1267 2443 1340 2468 Editt.
1362 2444 1402 2467 22.
1423 2445 1462 2469 24.
1481 2445 1601 2471 28—34..
1621 2446 1680 2477 opp.
1701 2448 1724 2470 1.
1744 2447 1766 2472 2.
1784 2447 1860 2477 igitur

1107 2493 1152 2523 22)
1172 2494 1316 2524 Apostolos]
1335 2495 1408 2520 Editt.
1431 2496 1452 2518 1.
1472 2497 1495 2521 3.
1515 2497 1641 2526 Apostolis

1106 2543 1152 2573 23)
1171 2545 1219 2569 etc.
1239 2544 1318 2570 abest
1337 2546 1372 2571 ab
1390 2546 1466 2572 Editt.
1484 2547 1505 2569 l.
1526 2547 1549 2570 3.
