2358 2933
123 155 163 186 17

167 249 192 278 4,
205 247 233 272 b.

173 797 197 826 5,

174 1489 198 1519 5,

215 802 236 820 ὃ.

544 148 567 179 l.
590 146 690 179 LOCI
712 146 985 179 THEOLOGICI:
1008 147 1049 178 A.
1072 146 1210 178 PRIMA
1231 146 1386 179 EORUM
1408 147 1709 179 ADUMBRATIO.
2085 150 2125 181 18

276 244 421 274 luntatem
448 243 545 281 ipsam
570 251 626 270 sua
652 245 761 279 sponte
781 242 840 269 sibi
866 241 1006 269 mandare
1020 249 1024 260 ¹
1038 251 1075 269 ne
1095 240 1177 269 illum
1197 241 1266 270 odio
1292 245 1492 280 persequatur
1516 241 1557 270 Et
1575 241 1632 270 hoc
1651 245 1758 270 vocant
1776 242 1886 270 bonum
1907 252 1972 280 pro-

276 287 410 326 positum
428 288 459 313 et
471 288 569 314 actum
581 283 713 312 elicitum
728 287 831 321 (.quae
851 287 921 312 suut
932 284 1074 312 tenebrae
1090 284 1297 322 Aegyptiacae
1316 286 1366 320 ¹).)
1398 284 1461 312 Sed
1480 293 1537 321 ego
1557 285 1603 312 aio
1619 293 1693 312 esse
1708 285 1912 321 cogitaciones
1932 285 2062 312 in·Somni⁸
2081 291 2123 305 ⁵⁰⁰·

276 328 420 359 tellectus
439 327 512 356 talia
530 327 687 365 proposita
705 329 735 354 et
753 325 989 359 nihilominus2)
1010 326 1132 363 flagrare
1151 326 1335 354 voluntatem
1356 327 1436 354 odio.
1483 328 1535 355 Sic
1555 327 1582 355 si
1603 327 1672 364 quis
1692 330 1770 354 amet
1796 337 1854 355 non
1882 330 1973 364 ponat

277 381 406 401 amorem
427 371 547 408 quoties
567 370 679 407 cogitet
697 378 784 407 porro
803 378 861 396 non
887 369 1003 397 amabo.
1051 368 1112 396 Sed
1133 369 1194 396 fieri
1207 370 1235 401 3)
1255 372 1358 406 potest
1382 373 1414 398 ut
1433 379 1561 397 amorem
1588 368 1705 397 refellat
1735 378 1773 396 ex
1797 370 1895 397 animo
1921 369 1972 397 ali·

277 416 346 454 quis
365 413 444 442 alius
463 412 669 441 vehementior
686 412 823 440 affectus.
876 414 909 439 ut
933 411 960 439 si
982 410 1181 439 offenderetur
1204 412 1332 449 grauiter
1356 412 1392 439 ab
1417 422 1452 439 eo
1474 422 1561 449 quem
1582 415 1676 440 amat.
1703 415 1783 439 certe
1810 411 1893 439 illius
1923 412 1974 439 mi-

277 461 417 487 nueretur
434 466 515 485 amor
540 465 593 494 per
611 464 740 483 amorem
760 455 819 483 sui.
866 453 918 481 Sic
945 454 1023 481 enim
1052 454 1079 481 in
1106 454 1195 481 nobis
1225 453 1308 481 ardet
1327 464 1408 481 amor
1427 455 1520 482 nostri
1546 457 1577 481 ut
1598 464 1634 481 ex
1654 455 1721 491 ipso
1741 464 1846 482 omnes
1867 453 1975 491 reliqui

277 500 404 529 affectus
424 501 639 537 comparentur.
686 497 781 525 Amas
802 495 921 524 scilicet
940 506 1007 524 eum
1028 505 1045 523 a
1064 506 1123 533 quo
1143 495 1257 533 aliquid
1271 496 1355 533 capis
1375 499 1425 524 aut
1441 496 1606 533 voluptatis
1623 500 1673 524 aut
1692 496 1849 524 commodi.
1872 495 1975 524 Odisti

279 543 399 572 scilicet
423 552 491 570 eum
511 541 562 578 qui
580 540 727 578 voluptati
740 543 826 568 tuae:
840 538 998 567 commodo
1023 542 1074 567 tuo
1105 538 1291 566 aduersatur.
1312 538 1346 566 Si
1366 548 1522 576 compares
1543 537 1726 566 voluntatem
1752 548 1818 566 cum
1844 538 1976 566 externis

279 586 421 623 operibus
441 587 490 613 est
506 583 611 612 libera.
658 582 709 610 Sic
729 582 810 619 quod
829 584 948 619 potest:
973 584 1024 609 aut
1043 580 1100 608 hoc
1120 580 1259 608 mandare
1277 581 1409 609 externis
1430 581 1573 619 operibus
1594 580 1674 618 quod
1700 581 1781 618 cupit
1808 584 1858 609 aut
1882 581 1976 608 diuer-

278 637 356 656 sum.
385 630 417 655 ut
437 626 567 664 defigere
586 628 689 663 potest
708 624 815 652 oculos
840 624 868 652 in
889 623 916 651 id
939 623 1018 660 quod
1038 624 1120 661 cupit
1138 626 1189 651 aut
1207 633 1344 651 auocare.
1371 623 1457 651 Sicut
1477 623 1555 651 enim
1571 622 1743 651 intellectus
1757 623 1886 660 concipit
1900 623 1976 650 duas

279 669 526 698 contradictorias
546 666 655 696 Iulium
675 677 748 695 esse
767 670 924 704 tyrannum
944 669 973 694 et
993 676 1050 694 non
1071 675 1145 693 esse
1163 665 1230 693 Nec
1249 667 1413 694 assentitur
1433 666 1492 694 nisi
1512 664 1598 693 alteri
1618 668 1715 693 tamen
1743 665 1846 702 eloqui
1876 665 1979 702 lingua

278 715 381 750 potest
400 714 581 749 pugnantem
601 720 666 738 cum
687 719 723 737 ea
747 710 795 737 cui
820 709 985 737 assentitur
1011 707 1184 736 intellectus
1209 708 1261 736 Sic
1284 707 1424 736 voluntas
1452 707 1726 745 quomodocunque
1753 707 1859 736 affecta
1877 710 2131 748 potestvoluntasest

282 754 422 782 mandare
448 754 601 782 diuersum
627 751 731 780 seruili
757 752 872 789 corpori
898 750 937 779 Et
964 751 1043 779 sicut
1068 751 1207 778 mentitur
1233 751 1259 778 is
1287 751 1337 788 qui
1361 750 1514 778 diuersum
1541 751 1633 778 sentit
1662 754 1752 787 atque
1778 750 1910 787 loquitur
1936 747 2029 777 ltnsons
2052 758 2104 793 3110-

281 798 422 825 mentitur
446 795 586 824 voluntas
615 794 767 823 diuersum
794 794 822 821 in
843 793 976 831 speciem
1002 792 1116 821 faciens
1142 792 1243 830 quam‘
1259 796 1307 821 est
1336 793 1453 821 affecta.
1499 793 1600 830 Atque
1621 792 1696 820 haec
1715 796 1834 821 externa
1854 781 2081 820 1ἰϋρτί35“““““)’

285 848 465 876 quamquam
484 838 575 866 latius
595 838 623 865 in
643 837 763 865 homine
782 839 883 874 pateat
902 836 951 873 qui
972 845 1030 872 quo
1049 834 1134 873 plura
1161 836 1317 873 cognoscit
1336 836 1363 863 in
1383 845 1419 864 eo
1438 835 1523 873 plura
1552 838 1655 873 potest
1672 835 1770 863 Aliter
1788 838 1878 872 atque
1897 834 1982 863 aliter

283 882 415 910 externis
436 881 578 919 operibus
599 880 759 908 deflectere
779 878 891 907 Tamen
920 882 949 906 et
968 878 994 905 in
1015 878 1109 906 brutis
1130 881 1179 906 est
1204 882 1235 907 ut
1255 879 1281 906 si
1302 877 1470 906 famelicum
1498 887 1600 906 canem
1629 878 1678 915 qui
1703 878 1739 906 ad
1760 878 1909 906 obiectum
1936 886 1980 905 ca-

286 924 378 952 dauer
403 923 561 951 contendat
584 931 712 950 reuoces
732 921 808 949 satis
836 924 954 948 constat
972 929 1068 957 posse
1088 924 1117 948 et
1136 920 1236 949 solere
1255 920 1415 957 aliquando
1435 920 1560 957 regredi.

440 981 454 994 *
478 981 559 1006 Animi
579 981 685 1005 affectus
704 980 784 1004 multo
802 980 890 1009 plures
909 980 968 1003 sunt
986 985 1060 1009 quam
1082 981 1199 1009 corporis.

438 1015 451 1027 ⁸
478 1017 554 1039 Amor
571 1015 672 1044 proprie
691 1014 799 1038 affectus
818 1013 956 1037 voluntatis
975 1013 1115 1037 Inuidentia
1134 1014 1235 1043 proprie
1255 1014 1294 1038 est
1313 1013 1421 1038 affectus
1440 1014 1578 1038 voluntatis
1599 1014 1638 1038 Sic
1656 1013 1749 1038 odium.

437 1048 451 1061 *
482 1049 604 1073 Voluntas
623 1048 740 1072 inuidens
759 1053 809 1071 non
828 1048 912 1076 potest
931 1047 1058 1076 deponere
1077 1047 1197 1072 affectum
1217 1048 1371 1072 inuidentiae
1390 1054 1446 1072 cum
1465 1048 1529 1072 ratio
1547 1049 1616 1078 ponit
1634 1048 1713 1072 illum.

374 1098 459 1127 Esse
485 1097 653 1126 libertatem
681 1098 709 1125 in
734 1100 856 1125 externo
883 1106 972 1134 opere
997 1096 1113 1125 Paulus
1139 1098 1229 1126 testis
1254 1101 1302 1126 est
1324 1101 1334 1125 i
1368 1097 1575 1126 corinthiorum
1598 1101 1626 1127 7.
1648 1101 1706 1135 [vs.
1728 1100 1810 1135 37.:]
1837 1097 1913 1126 Nam
1935 1099 1983 1135 qui

287 1142 393 1170 statuit
406 1142 434 1169 in
455 1140 544 1169 corde
570 1150 627 1169 suo
647 1140 748 1168 firmus
768 1150 825 1168 non
846 1139 963 1168 habens
983 1141 1198 1168 necessitatem
1217 1144 1398 1178 potestatem
1419 1145 1516 1169 autem
1542 1141 1659 1169 habens
1679 1150 1754 1169 suae
1772 1140 1935 1169 voluntatis
1955 1145 1984 1170 et

285 1184 348 1212 hoc
368 1184 501 1211 decreuit
521 1184 548 1211 in
569 1183 658 1211 corde
677 1192 734 1211 suo
755 1191 876 1210 seruare
895 1182 1037 1219 virginem
1058 1192 1143 1225 spani
1162 1184 1239 1211 bene
1260 1183 1338 1211 facit.
1383 1183 1460 1211 Nam
1486 1193 1551 1212 cum
1577 1184 1615 1212 ibi
1641 1184 1678 1211 de
1704 1183 1848 1211 elocanda
1872 1184 1985 1221 virgine

291 1230 342 1255 aut
360 1236 418 1254 non
439 1225 581 1254 elocandv»
602 1225 734 1263 loquitur
752 1224 849 1263 palam
870 1228 919 1253 est
938 1224 976 1252 de
995 1229 1116 1253 externo
1137 1235 1226 1263 opere
1244 1225 1423 1263 loquitur-⁵).
1475 1224 1534 1254 Iani
1548 1236 1618 1254 vero
1632 1225 1730 1264 palam
1744 1230 1792 1255 est
1805 1236 1983 1264 quamquam

287 1272 474 1298 externorum
495 1269 535 1297 sit
553 1267 678 1296 libertas
698 1271 797 1296 tamen
817 1267 879 1295 sere
898 1268 975 1295 vinci
996 1271 1135 1296 externas
1154 1269 1234 1296 vires
1254 1269 1373 1297 affectu.
1394 1272 1425 1297 ut
1449 1269 1511 1297 fieri
1537 1272 1639 1307 potest
1657 1272 1690 1297 ut
1708 1270 1838 1306 imperes
1864 1269 1985 1307 linguae

287 1322 346 1340 nec
367 1312 574 1347 crimineturb)
595 1320 663 1339 eum
683 1319 772 1348 quem
792 1310 883 1338 odisti
903 1310 948 1337 sic
967 1311 1016 1338 vhi
1036 1310 1138 1339 incidit
1158 1312 1278 1339 occasio
1299 1312 1378 1339 sicut
1397 1312 1480 1339 canis
1500 1311 1589 1340 valde
1613 1312 1751 1340 esuriens
1770 1312 1818 1339 vix
1830 1315 1986 1340 reuocatur

286 1355 322 1383 ab
343 1355 461 1383 obiecta
479 1353 599 1391 praeda.

445 1413 458 1426 ⁵²
483 1413 688 1470 Externadopera
706 1418 753 1442 per
771 1418 830 1436 sese
858 1417 941 1443 neque
962 1412 1029 1437 bona
1047 1419 1131 1444 neque
1150 1413 1219 1438 mala
1238 1413 1288 1438 Sed
1307 1413 1369 1437 talia
1388 1413 1470 1444 qualis
1490 1416 1530 1438 est
1548 1414 1663 1438 affectus.
1685 1414 1752 1439 Deus
1771 1414 1838 1438 enim
1858 1414 1985 1444 inspector

491 1449 531 1472 est
549 1452 592 1471 cor
611 1447 670 1471 ium.

444 1496 466 1516 ¹*
484 1497 623 1521 Vincuntur
641 1496 745 1521 tandem
765 1497 920 1527 externae&
938 1498 1006 1523 vires
1025 1498 1126 1523 affectu.
1174 1499 1328 1528 Exemplum.
1363 1499 1414 1523 Der
1436 1499 1518 1523 hundt
1542 1505 1598 1523 wen
1623 1504 1651 1523 er
1675 1499 1803 1529 hungrigh
1828 1499 1859 1524 ist
1883 1499 1934 1523 vnd
1952 1505 1983 1524 zu

490 1531 568 1561 langk
588 1531 633 1555 mit
645 1537 686 1560 mi
705 1531 764 1562 spilt
783 1531 823 1556 sso
842 1531 915 1556 leuffit
934 1538 963 1557 er
980 1539 1037 1557 zum
1057 1534 1123 1557 asse.
1160 1533 1199 1557 Sic
1217 1533 1292 1557 homo
1311 1535 1460 1558 commotus.
1479 1535 1616 1563 erumpunt
1633 1533 1748 1558 affectus

370 1580 431 1610 lam
463 1585 493 1610 et
515 1583 668 1610 innumera
693 1583 765 1611 fiunt
784 1592 801 1610 a
820 1583 908 1611 nobis
928 1582 1038 1611 affectu
1058 1593 1135 1621 quae
1155 1584 1213 1621 ipsi
1234 1594 1291 1612 non
1311 1583 1508 1621 intelligimus
1529 1593 1652 1621 quoium
1672 1584 1813 1612 iudicium
1840 1583 1983 1622 deprauat

285 1623 423 1652 affectus.
468 1623 549 1661 Ergo
569 1623 642 1651 nihil
661 1624 865 1661 periculosius
886 1635 974 1662 quam
994 1629 1134 1654 externae
1154 1630 1184 1654 et
1203 1626 1292 1664 plane
1313 1627 1449 1664 captiuae
1468 1626 1598 1655 libertati
1619 1627 1709 1655 fidere
1736 1630 1767 1655 ut
1786 1627 1892 1664 possis
1917 1636 1982 1655 eam

284 1675 389 1702 regere
408 1665 536 1693 consilio
555 1665 632 1693 Nam
652 1665 714 1693 fere
735 1666 894 1694 consilium
914 1667 1022 1696 affectu
1043 1672 1205 1706 occupatur
1223 1673 1254 1697 et
1272 1670 1515 1705 anteuertitur.S)

874 1725 928 1753 De
946 1730 1107 1763 peccato
1134 1726 1328 1764 Originali
1343 1733 1380 1761 a).

370 1782 453 1811 Vim
473 1792 616 1811 omnem
637 1787 832 1821 naturamque
851 1784 1023 1821 gentilis-iae
1043 1785 1150 1824 culpae
1168 1785 1246 1814 locis
1266 1786 1451 1815 Methodicis
1470 1797 1698 1825 prosequemur.
1715 1789 1741 1821 b)

371 1841 545 1871 Primum.
565 1841 770 1871 Peccatum
790 1843 992 1881 Originale
1013 1845 1103 1882 quid
1123 1846 1188 1874 sit.
1205 1849 1230 1881 c)

369 1902 429 1931 Est
443 1903 471 1935 ⁴³)
491 1902 591 1930 natiua
608 1903 770 1940 propensio
800 1902 929 1940 genialis
945 1908 969 1939 Β)
996 1904 1127 1942 impetus
1147 1908 1177 1933 et
1196 1906 1314 1943 energia
1335 1906 1371 1934 ad
1391 1906 1574 1943 peccandum
1599 1907 1625 1941 Γ)
1646 1911 1807 1944 propagata
1827 1907 1863 1935 ab
1884 1906 1980 1934 Adam

285 1945 313 1972 in
333 1954 438 1973 omnes
459 1944 597 1973 homines
613 1949 651 1981 g).

440 2004 453 2017 *
478 2005 546 2029 Sicut
564 2005 628 2035 lapis
647 2005 798 2030 naturaliter
815 2006 912 2035 rapitur
929 2006 1049 2031 deorsum
1069 2007 1105 2031 sic
1122 2008 1214 2032 natura
1231 2007 1264 2032 ad
1282 2008 1447 2037 peccandum.
1462 2009 1488 2038 h)

371 2055 599 2083 Secundum:
616 2056 640 2090 i)
660 2055 785 2084 Vnde:
800 2056 826 2088 k)
847 2053 923 2083 Cum
943 2057 1020 2085 deus
1040 2061 1106 2095 opt:
1125 2067 1210 2085 max:
1232 2057 1381 2086 hominem
1402 2059 1591 2088 condidisset
1611 2060 1630 2092 ¹)
1651 2060 1717 2087 sine
1731 2063 1855 2097 peceato
1868 2059 1981 2087 Aderat

286 2098 313 2125 ei
332 2107 385 2136 per
404 2099 539 2136 spiritum
564 2108 651 2126 suum
672 2099 721 2136 qui
742 2098 891 2127 homiuem
911 2099 947 2127 ad
968 2103 1046 2128 recta
1067 2100 1268 2129 inflammaret.
1300 2099 1382 2129 Idem
1403 2103 1526 2140 spiritus
1546 2103 1764 2140 guberuatums
1783 2106 1845 2130 erat
1865 2111 1981 2129 omnem

979 2202 1095 2227 CODICIS
1114 2204 1296 2228 DIYERSITAS.

360 2252 386 2281 1)
406 2252 554 2285 eyiptiace
597 2254 625 2282 2)
643 2252 747 2277 nichilo⁹
789 2254 818 2282 3)
837 2253 869 2283 sy·
889 2251 944 2277 Sic
957 2255 1085 2286 saepius.
1123 2255 1151 2283 4)
1170 2252 1256 2278 Haec
1274 2254 1306 2277 z'n
1324 2255 1462 2288 maryz‘ne
1476 2255 1579 2287 posita
1598 2253 1666 2279 MS.
1687 2255 1717 2278 in
1736 2252 1878 2286 inferiori
1892 2253 1979 2287 μαρί-

287 2292 345 2309 nae
364 2286 501 2319 mnrqine
519 2284 646 2310 erhibet.
683 2289 712 2316 5)
732 2287 769 2312 10²
804 2288 832 2316 6)
852 2288 1005 2312 creminetur
1042 2290 1069 2315 7)
1088 2290 1207 2313 externas
1252 2289 1280 2318 8)
1298 2290 1467 2314 anteuortitur

884 2365 1030 2390 EDITIONIS
1049 2365 1196 2389 PRINCIPIS
1215 2365 1387 2390 DISSENSIIS.

356 2414 383 2442 a)
403 2413 533 2442 originali]
553 2420 610 2436 vm-
647 2414 676 2444 b)
694 2415 748 2439 Vini
761 2433 767 2440 .
784 2434 789 2439 .
806 2433 811 2438 .
829 2416 1033 2446 prosequemur]
1058 2423 1114 2439 om.
1135 2414 1186 2439 sed
1213 2414 1281 2439 hah.
1302 2417 1360 2440 Mire
1380 2416 1599 2440 obscurarunt...
1625 2415 1765 2445 scripturae
1785 2420 1862 2439 more.
1914 2411 1975 2437 Vici.

285 2444 338 2478 fol.
362 2448 400 2472 13.
426 2454 454 2470 α.
475 2448 489 2471 9
510 2460 541 2464 —
563 2448 599 2472 16.
636 2449 660 2476 c)
678 2448 790 2473 Prirnum
869 2450 919 2479 sit]
946 2450 1013 2479 QVID
1033 2450 1195 2475 PECCATYM.
1221 2451 1247 2473 et
1272 2450 1304 2473 in
1322 2457 1419 2483 marq.
1440 2451 1447 2474 1
1502 2450 1530 2479 d)
1549 2450 1602 2480 Est]
1626 2451 1759 2474 Peccatum
1791 2448 1912 2477 originale
1939 2449 1979 2472 est

287 2481 314 2510 e)
333 2481 452 2511 genialis]
472 2483 496 2505 et
516 2481 616 2511 quidam
635 2482 742 2511 genialis
793 2483 815 2511 f)
834 2484 938 2512 energia
957 2484 990 2508 ad
1008 2484 1176 2514 peccandum]
1196 2485 1308 2514 energia7
1328 2490 1376 2515 qua
1395 2484 1427 2508 ad
1446 2484 1601 2514 peccandum
1620 2484 1752 2512 trahimur,
1798 2484 1827 2511 g)
1846 2483 1870 2506 in
1888 2488 1977 2506 omnes

285 2515 412 2545 homines]
432 2515 455 2539 in
475 2521 575 2540 omnem
594 2517 769 2546 posteritatem
805 2517 834 2545 h)
853 2518 979 2542 Sicut...
998 2518 1173 2548 peccandum]
1193 2525 1250 2542 om.
1277 2517 1336 2542 sed.
1364 2516 1432 2542 hab.
1453 2519 1521 2543 Sicut
1538 2519 1562 2543 in
1582 2519 1640 2548 igne
1655 2537 1660 2542 .
1675 2537 1680 2542 .
1693 2536 1699 2542 .
1718 2520 1805 2541 contra
1824 2517 1908 2545 legem
1929 2516 1977 2545 dei,

285 2552 424 2579 peccatum.
466 2547 528 2573 Vid.
546 2547 599 2581 fol.
623 2551 661 2576 13.
681 2557 708 2573 η.
729 2551 768 2575 21.
788 2565 819 2567 -
836 2549 890 2582 fol·
914 2553 952 2581 13,
972 2550 998 2575 b.
1021 2553 1058 2577 12.
1093 2552 1113 2581 i)
1132 2553 1275 2577 Secundum
1287 2552 1304 2582 z]
1324 2553 1344 2577 11
1365 2553 1411 2582 (in
1429 2554 1540 2586 mar-9.)
1590 2553 1619 2579 k)
1637 2551 1730 2581 Vnde2]
1750 2551 1827 2576 VNDE
1845 2552 1975 2581 peccatum

287 2582 351 2612 orig.
388 2584 409 2612 1)
429 2584 489 2607 Cum
510 2583 573 2608 deus
587 2604 592 2608 .
607 2604 611 2608 .
627 2603 632 2608 .
651 2584 816 2614 condidisset]
835 2586 901 2610 Deus
912 2586 967 2616 Opt.
985 2587 1046 2611 Max.
1066 2592 1122 2611 cum
1142 2587 1296 2612 condidisset
1314 2587 1442 2611 hominem

182 2639 301 2660 muru.
316 2640 381 2660 orm.
396 2640 445 2660 vni.
460 2641 507 2661 m.
1788 2637 1801 2660 2
