2358 2933
226 111 291 142 279

264 413 302 435 Ν,
323 420 343 435 a.

334 1914 338 1918 -
377 1893 509 1929 diaboli,
529 1894 671 1923 sciamus
691 1899 806 1923 contra
824 1894 856 1923 in
875 1891 1056 1933 Evangelio
1072 1901 1075 1930 1
1097 1892 1192 1921 deum

860 113 966 144 PfflL.
991 113 1092 144 MEL.
1117 112 1302 146 SCRIPTA
1324 115 1598 148 DOGMATICA.

385 212 458 234 sunt
488 206 597 234 sensui
628 206 796 234 subiet-tae
826 214 884 236 seu
908 207 1042 235 rationi.
1072 207 1115 236 ita
1137 216 1203 237 ma-

387 254 462 276 nent
487 247 637 276 {iniit-ium
667 255 695 276 et
721 246 868 277 delectus
897 257 1032 287 operum
1052 255 1202 278 externo-

385 299 453 318 rum
480 287 629 318 cixilmm.
676 288 714 317 Et
744 289 825 319 haec
849 297 897 319 est
924 289 1057 320 libertas
1089 286 1225 321 volun-¹

385 331 458 359 tatis
489 331 528 359 de
561 340 623 368 qua
659 329 844 371 philosophi
884 330 1070 371 loquuntur.
1106 310 1225 373 quami

382 371 492 410 aliquo
516 372 612 401 modo
642 380 671 401 et
704 383 820 403 sacrae
850 372 968 404 literae
998 373 1118 405 homini
1148 376 1202 405 tri-

383 415 493 443 buunt.
519 414 593 453 quia
637 413 758 444 Paulus
782 416 882 455 inquit
907 416 976 446 Lex
1000 424 1048 446 est
1074 418 1201 448 iniustis

381 456 498 495 posita.
549 456 630 486 sum
666 458 748 486 enim
780 459 941 497 scriptura
975 460 1135 498 approbat
1170 456 1225 489 et*

382 498 510 537 requirit
537 497 664 528 civilem
689 498 892 540 disciplinam
909 512 971 541 qna
990 503 1201 542 magistratus
1223 491 1225 512 ⁵

382 547 510 569 coercet
538 541 693 570 iniustos.
717 549 806 571 certe
834 544 929 573 sentit
956 542 1097 583 aliquam
1121 554 1197 574 esse
1223 547 1225 551 ’

380 580 563 612 libertatem
597 582 790 614 efficiendae
827 583 912 616 illius
943 584 1134 625 disciplinae
1170 587 1200 616 in

382 625 520 653 iniustis.
557 624 633 654 ltem
655 625 824 665 Scriptura
849 636 943 658 vocat
969 629 1131 668 quandam
1155 629 1201 659 iu·
1222 630 1224 640 '

379 667 499 695 stitiam
530 668 655 704 carnis,
691 679 770 709 ergo
806 676 853 699 est
889 672 1049 710 quaedam
1079 671 1199 700 iustitia

379 709 500 737 carnis.
525 720 620 749 quam
645 720 723 740 caro
748 712 766 740 i.
786 721 812 740 e.
838 710 935 741 homo
964 713 1032 741 suis
1058 713 1198 751 propriis·

378 751 503 780 viribus
527 750 636 781 estivit-
682 753 747 783 Sed
779 753 859 783 haec
890 755 960 792 ipsa
990 753 1125 784 libertas
1154 753 1198 784 es-

377 792 538 822 ficiendae
562 793 668 823 civilis
697 796 853 831 iustitiae,
879 794 1003 835 reliqua
1027 797 1057 825 in
1082 803 1197 827 natura

378 834 535 872 hominis,
571 846 670 875 saepe
702 838 841 867 vincitur
869 848 941 868 cum
976 837 1199 868 imbecillitate

378 884 513 907 naturae
537 888 621 917 quae
644 878 802 909 malorum
826 879 997 910 affectuum
1017 879 1113 920 plena
1137 887 1198 917 est,

378 920 493 959 quibus
522 921 653 959 saepius
677 922 902 961 obtemperant
931 921 1080 952 homines
1100 933 1197 963 quam
1219 919 1220 930 ¹

380 969 470 991 recto
512 962 640 992 iudicio.
694 962 784 994 Sicut
820 962 873 993 ille
912 965 954 994 ait
991 963 1101 995 Trahit
1137 974 1196 994 sua

377 1014 470 1044 quem
497 1014 536 1034 ue
559 1003 728 1045 voluptas,
756 1012 822 1036 tum
852 1007 946 1036 etiam
976 1016 1075 1046 saepe
1098 1008 1196 1047 impe-

377 1015 619 1077 ditm-(libertas
644 1058 661 1077 a
687 1046 835 1085 diabolo,
860 1050 912 1088 qui
937 1048 1071 1088 impellit
1097 1050 1196 1089 capti·
1217 1079 1219 1090 ⁴

376 1099 450 1118 vam
470 1097 618 1119 naturam
637 1090 677 1119 ad
697 1089 761 1120 alia
783 1090 907 1132 flagitia
931 1092 1026 1121 etiam
1050 1098 1196 1126 externa,
1217 1094 1219 1108 ⁴

377 1132 459 1161 sicut
488 1132 635 1161 xidenms
663 1134 823 1162 maximos
857 1133 965 1169 viros,
1001 1134 1052 1174 qui
1088 1140 1219 1164 tament

376 1183 509 1213 operam
539 1175 695 1204 dederunt
725 1181 757 1204 ut
789 1185 861 1205 cum
890 1177 1009 1205 virtute
1036 1177 1195 1211 viverent,

375 1214 495 1246 habere
518 1217 725 1255 turpissimos
748 1215 871 1256 lapsus.
918 1218 1081 1252 Quorsum
1112 1227 1195 1257 opus
1217 1250 1219 1254 Ι

376 1265 425 1288 est
450 1259 499 1288 sic
528 1259 715 1289 discernere
733 1260 809 1299 quid
828 1266 943 1290 natura
961 1259 1100 1290 hominis
1120 1269 1196 1299 pos·
1216 1260 1219 1290 i

375 1301 417 1330 sit
455 1301 531 1340 quid
567 1312 632 1331 non
666 1302 795 1341 possit?
839 1302 981 1332 Maxime
1016 1312 1098 1342 opus
1133 1308 1195 1338 est,

375 1342 519 1373 Primum
553 1345 635 1373 enim
668 1350 797 1384 oportet
825 1345 912 1374 scire
936 1345 1023 1384 quod
1046 1344 1194 1374 homines

376 1395 440 1415 non
465 1387 591 1425 possint
616 1385 810 1416 satisfacere
828 1385 893 1427 legi
918 1387 979 1417 dei.
1014 1387 1086 1417 Nisi
1110 1386 1194 1416 enim

374 1428 407 1458 id
432 1435 610 1466 teneamus,
633 1438 698 1459 non
720 1430 838 1468 poterit
862 1427 999 1469 intelligi
1018 1428 1082 1458 hoc
1106 1428 1194 1469 quod

374 1470 590 1512 Evangelium
625 1472 800 1510 praecipue
833 1472 1010 1510 praedicat.
1044 1470 1194 1501 homines

374 1521 508 1553 propter
536 1512 699 1544 Christum
734 1515 838 1544 iustos
872 1514 1098 1553 pronunciari,
1128 1522 1194 1543 non

374 1562 508 1595 propter
541 1562 687 1585 nostram
726 1554 945 1596 impletionem
984 1554 1079 1596 legis.
1135 1554 1194 1585 Se-

376 1598 494 1635 cundo=
519 1598 657 1638 Oportet
681 1599 767 1628 scire
791 1599 878 1638 quod
896 1597 981 1628 hanc
999 1605 1144 1628 veterem
1163 1602 1194 1627 et

375 1648 561 1680 corruptam
586 1647 735 1670 naturam
758 1639 883 1670 aboleri
902 1646 1063 1680 oporteat,
1088 1646 1117 1670 et
1136 1649 1194 1669 no-

375 1693 449 1712 vam
487 1690 515 1713 et
548 1682 752 1722 spiritualem
781 1689 930 1712 naturam
966 1682 1079 1719 condi,
1110 1690 1194 1721 quae

374 1730 516 1764 praestet
547 1734 660 1754 veram
688 1725 906 1755 obedientiam
936 1724 1008 1754 deo.
1055 1723 1194 1763 Oportet

374 1768 448 1798 item
482 1767 568 1796 scire
596 1776 697 1807 quare
732 1776 813 1806 opus
847 1767 887 1796 sit
916 1767 1032 1805 spiritu
1065 1773 1192 1802 sancto,

375 1818 476 1849 quare
507 1809 587 1839 deus
622 1807 814 1848 polliceatur
849 1809 997 1848 spiritum
1032 1814 1192 1844 sanctum,

376 1859 407 1881 ut
437 1852 569 1891 cognita
594 1857 706 1881 nostra
730 1849 951 1881 imbecillitate
973 1856 1003 1880 et
1020 1849 1192 1891 tyrannide

376 1936 470 1966 nobis
509 1934 734 1965 liberationem
773 1942 803 1965 et
837 1933 992 1965 auxilium
1032 1932 1191 1974 polliceri,

375 1978 462 2018 quod
488 1988 559 2008 cum
584 1979 722 2017 petimus
746 1984 775 2007 et
797 1976 990 2007 confidimus
1007 1986 1068 2006 nos
1087 1976 1192 2006 iuvari

375 2027 545 2051 exercetur
573 2020 655 2050 fides
685 2021 717 2049 in
746 2020 840 2049 nobis
870 2025 901 2049 et
931 2019 1050 2048 crescit
1078 2018 1192 2048 notitia

375 2063 436 2092 dei.
482 2061 626 2092 Econtra
657 2062 710 2102 qui
738 2068 861 2092 tantum
885 2060 940 2091 lib.
964 2061 1087 2091 arbitrii
1118 2060 1192 2089 firi—

376 2106 436 2136 bus
457 2106 600 2135 nituntur
624 2114 685 2134 nec
710 2110 868 2144 quaerunt
892 2102 1044 2133 auxilium
1069 2103 1136 2139 dei,
1159 2100 1191 2131 hi

377 2146 464 2177 nulla
487 2146 608 2177 habent
634 2147 788 2176 exercitia
817 2145 891 2176 fidei
915 2155 976 2175 nec
999 2145 1190 2184 perveniunt

375 2190 417 2220 ad
441 2190 585 2219 notitiam
605 2189 655 2219 dei
674 2199 735 2218 nec
754 2195 827 2218 sunt
847 2189 1008 2218 adversus
1026 2185 1191 2217 diabolum

375 2232 497 2262 muniti.
543 2231 663 2261 Tertio.
683 2230 832 2261 Ettamen
851 2231 938 2260 scire
957 2235 1085 2270 oportet
1104 2229 1191 2269 quod

375 2273 514 2303 honesta
549 2273 738 2313 disciplina,
776 2273 841 2303 hoc
875 2280 923 2303 est
965 2271 1072 2302 civilia
1105 2271 1191 2301 bona

376 2326 476 2355 opera
496 2326 513 2346 a
538 2316 633 2345 nobis
665 2314 750 2346 effici
773 2315 917 2355 possint,
948 2320 979 2345 et
998 2314 1085 2354 quod
1109 2313 1190 2343 deus

376 2357 460 2388 hanc
485 2356 686 2397 disciplinam
711 2359 865 2398 requirat,
889 2358 949 2387 etsi
968 2362 1103 2396 propter
1120 2366 1192 2385 eam

376 2410 440 2431 non
465 2401 565 2429 simus
590 2401 665 2430 iusti
690 2410 799 2430 coram
829 2400 900 2429 deo.
945 2398 1069 2429 Paulus
1098 2408 1216 2428 orna-·

377 2444 419 2473 vit
435 2443 480 2482 ⁵⁵)
500 2452 569 2471 eam
590 2443 724 2482 egregio
743 2442 919 2482 praeconio
940 2451 1011 2471 cum
1029 2441 1083 2470 ait.
1122 2440 1192 2470 Lex

220 2536 266 2565 55)
286 2536 380 2559 omaxit
400 2534 448 2564 (Ul
469 2535 511 2558 xis.
532 2535 621 2558 habet:
641 2535 711 2558 01113ι
739 2534 817 2563 (cons.
837 2540 912 2564 supra
931 2537 991 2559 nota
1010 2531 1072 2565 52).i

1246 215 1294 239 est
1324 210 1539 251 paedagogus
1570 210 1603 240 ln
1634 209 1807 241 Christum.
1860 212 1985 246 Quodsi
2019 213 2065 244 di-

1223 273 1225 283 ,
1246 251 1382 291 sciplina
1406 259 1454 282 est
1478 252 1684 293 paedagoga,
1707 259 1737 282 et
1761 253 1890 293 quidem
1914 254 1948 284 ln
1972 254 2065 285 Chri-

1246 301 1348 331 stum,
1382 304 1586 335 nequaquam
1616 293 1816 334 negligenda
1849 297 1920 326 erit.
1966 296 2063 328 Valet

1247 337 1330 366 enim
1344 337 1546 377 paedagogia
1561 342 1593 367 ut
1608 337 1786 366 assuefacti
1801 338 1894 367 bonis
1907 339 2064 377 moribus,

1223 374 1414 414 {audiamus
1447 386 1475 408 et
1508 379 1672 409 discamus
1699 378 1924 420 Evangelium.
1948 387 2065 421 postea

1247 421 1379 461 spiritus
1397 427 1531 451 sanctus
1555 420 1673 452 efficax
1691 427 1741 452 est
1759 431 1819 462 per
1837 421 2064 463 Evangelitun.

1290 462 1467 502 Postquam
1491 465 1627 503 exposui
1651 464 1727 504 quid
1754 465 1882 503 possint
1905 463 2064 496 humanae

1247 505 1334 534 vires
1359 505 1435 544 quid
1459 515 1524 535 non
1548 507 1686 545 possint,
1706 507 1930 537 admonendus
1950 513 1998 537 est
2019 506 2064 537 le-

1247 554 1319 576 ctor
1343 547 1417 587 quid
1442 546 1541 587 vulgo
1565 549 1703 578 sentiant
1729 548 1918 579 scholastici
1950 549 2063 580 docto-

1246 599 1315 625 res,
1345 595 1374 618 et
1400 590 1477 628 quid
1507 590 1710 629 probandum
1739 598 1791 621 aut
1817 591 2064 631 improbandtnn

1246 632 1297 660 sit.
1342 631 1416 661 Non
1446 630 1609 672 litigamus
1640 633 1815 672 praecipue
1844 634 1884 663 dc
1912 632 2063 664 libertate

1245 671 1422 703 voluntatis
1443 672 1612 704 humanae.
1644 674 1714 704 Nos
1727 676 1810 705 enim
1827 676 2063 715 propemodmn

1245 715 1434 744 tantundem
1485 716 1654 745 tribuinms
1699 715 1859 747 humanae
1902 716 2062 747 voluntati

1244 763 1399 796 quantum
1423 757 1565 787 tribuunt
1590 757 1787 797 philosophi.
1833 760 1899 789 Sed
1921 758 1984 789 alia
2008 769 2062 789 res

1243 798 1296 828 hic
1320 800 1439 839 agitur,
1462 798 1644 839 Praecipue
1666 799 1829 840 litigamus
1849 802 1890 832 de
1909 800 1982 841 lege
2001 802 2062 837 dei,

1245 841 1285 871 (le
1307 848 1446 879 peccato
1469 847 1500 870 et
1525 841 1566 871 de
1588 842 1828 873 iustificatione.
1864 842 2061 874 Scholastici

1244 883 1399 912 doctores
1422 888 1534 922 putant
1559 882 1624 923 legi
1649 884 1698 913 dei
1726 885 1879 914 satisfieri
1902 895 1962 924 per
1986 885 2063 915 civi-

1242 923 1291 954 les
1311 941 1314 953 ·
1339 935 1458 955 mores.

1242 966 1316 1007 lege
1340 966 1411 997 Dei.
1442 966 1572 997 Deinde
1594 968 1716 998 addunt
1740 967 1890 1008 amplius,
1913 968 2062 999 homines

1242 1010 1450 1049 pronunciari
1474 1010 1578 1038 iustos
1603 1019 1715 1040 coram
1742 1010 1804 1040 deo
1826 1017 1962 1050 propter
1987 1009 2062 1040 illos

1241 1052 1348 1081 bonos
1371 1061 1479 1081 mores
1503 1060 1563 1081 seu
1586 1058 1721 1091 propter
1743 1051 1834 1082 illam
1850 1051 1932 1092 legis
1949 1051 2062 1092 imple-

1242 1094 1362 1123 tionem
1385 1094 1426 1123 de
1450 1103 1513 1133 qua
1536 1092 1724 1133 loquuntur.
1770 1094 1816 1124 Ita
1841 1095 1982 1124 obruunt
2005 1095 2061 1125 do·-

1242 1136 1377 1165 ctrinam
1400 1133 1570 1175 Evangelii
1594 1136 1635 1165 de
1658 1135 1722 1166 fide
1745 1142 1777 1165 et
1801 1136 1841 1166 de
1864 1136 1983 1166 fiducia
2004 1137 2061 1166 mi-

1241 1177 1440 1207 sericordiae
1464 1183 1526 1207 etc.
1558 1177 1601 1207 At
1619 1178 1796 1217 scriptura,
1819 1184 1935 1208 contra
1953 1178 2061 1215 docet,

1241 1230 1306 1250 non
1326 1219 1480 1249 satisfieri
1498 1218 1562 1259 legi
1576 1220 1627 1249 dei
1646 1229 1706 1259 per
1725 1219 1838 1250 civiles
1857 1229 1978 1257 mores,
2001 1230 2062 1251 seu

1240 1272 1300 1302 per
1324 1260 1411 1291 illam
1435 1260 1638 1300 disciplinam
1662 1271 1759 1301 quam
1782 1262 1864 1292 ratio
1888 1269 2061 1302 praestare

1240 1309 1359 1344 potest.
1393 1302 1537 1333 Haerent
1562 1303 1646 1333 enim
1670 1304 1795 1334 interim
1818 1305 1851 1334 in
1870 1310 1986 1334 natura
2001 1303 2061 1334 ho-

1240 1347 1334 1376 minis
1358 1346 1436 1375 vitia
1458 1346 1631 1382 interiora,
1661 1346 1825 1386 ignoratio
1849 1346 1911 1383 dei,
1934 1346 2059 1377 dubita-

1239 1389 1300 1425 tio,
1329 1385 1524 1424 diffidentia,
1553 1389 1838 1427 concupiscentia,
1871 1398 1956 1428 quae
1984 1393 2059 1418 sunt

1240 1437 1272 1460 ut
1293 1436 1388 1460 vocat
1412 1428 1547 1466 Paulus,
1570 1430 1735 1460 inimicitia
1759 1430 1919 1460 adversus
1941 1429 2059 1460 Deum.

1239 1472 1382 1503 Proinde
1407 1470 1667 1511 reprehendendi
1686 1478 1761 1502 sunt
1781 1470 1970 1502 scholastici
1992 1481 2060 1502 non

1239 1521 1304 1544 tam
1333 1515 1374 1544 de
1402 1512 1506 1544 libero
1537 1515 1606 1544 arb.
1641 1523 1738 1553 quam
1773 1514 1813 1544 de
1847 1512 1920 1543 aliis
1953 1513 2060 1552 impiis

1240 1556 1446 1597 dogmatibus
1471 1566 1555 1595 quae
1577 1554 1786 1592 affinxerunt,
1810 1566 1884 1586 cum
1905 1560 2060 1595 putarent

1238 1597 1326 1628 illam
1350 1596 1565 1637 disciplinam,
1589 1607 1686 1637 quam
1708 1603 1818 1636 potest
1835 1603 2006 1636 praestare
2022 1595 2060 1627 li-

1240 1642 1352 1671 11611111]
1376 1640 1446 1669 arb.
1469 1638 1535 1680 legi
1558 1640 1608 1669 dei
1631 1638 1842 1676 satisfacere,
1870 1646 1901 1669 et
1924 1645 2059 1679 propter

1239 1692 1310 1712 eam
1343 1681 1491 1712 homines
1526 1682 1737 1721 pronunciari
1770 1682 1886 1711 iustos.
1937 1680 2057 1711 Trans-

1238 1724 1450 1754 formabimus
1478 1724 1576 1763 igitur
1606 1723 1831 1763 quaestionem
1860 1722 1955 1753 liberi
1987 1723 2057 1753 arb.

1237 1768 1270 1796 in
1293 1766 1517 1806 quaestionem
1545 1766 1585 1795 de
1612 1771 1751 1804 peccato
1782 1771 1811 1795 et
1840 1765 1881 1795 de
1908 1764 1997 1805 lege,
2027 1771 2059 1795 et

1238 1808 1486 1838 recensebimus
1510 1808 1625 1837 ordine
1649 1807 1725 1847 quid
1748 1807 1980 1846 improbemus.

1280 1849 1412 1880 Falsum
1441 1855 1490 1879 est
1520 1849 1607 1888 quod
1636 1854 1749 1888 putant
1773 1847 1970 1879 scholastici
1998 1847 2057 1878 ho-

1237 1893 1356 1922 minem
1384 1890 1448 1931 legi
1473 1891 1523 1921 dei
1542 1889 1734 1921 satisfacere
1755 1900 1855 1929 posse
1879 1896 1910 1920 et
1928 1890 2057 1930 quidem

1237 1935 1308 1964 sine
1337 1934 1453 1973 spiritu
1483 1938 1608 1963 sancto.
1658 1932 1776 1962 Errant
1807 1933 1895 1972 quod
1928 1942 1995 1962 non
2008 1934 2055 1972 5¹⁵)

1237 1977 1348 2006 vident
1384 1977 1415 2005 in
1447 1981 1562 2005 natura
1591 1974 1730 2004 hominis
1766 1974 1904 2004 haerere
1938 1984 2056 2015 pecca-

1236 2024 1314 2054 tum,
1338 2024 1367 2047 et
1391 2024 1425 2047 ut
1449 2015 1572 2047 Paulus
1596 2022 1703 2053 vocat,
1726 2017 1922 2047 inimicitiam
1940 2017 2056 2047 adver-

1237 2070 1294 2090 sus
1317 2059 1433 2089 Deum.
1468 2059 1610 2098 Ideoque
1633 2065 1742 2088 errant
1768 2060 1864 2089 etiam
1887 2059 1974 2098 quod
2020 2069 2056 2089 u-

1236 2109 1303 2132 tant
1334 2101 1398 2142 legi
1430 2101 1481 2131 dei
1510 2100 1662 2131 satisfieri
1697 2106 1821 2130 tantum
1855 2111 1913 2140 per
1943 2101 2004 2131 civi
2019 2110 2055 2131 es

1236 2154 1355 2174 mores·
1399 2143 1518 2173 Errant
1547 2143 1635 2183 quod
1662 2148 1776 2182 putant
1804 2142 1954 2173 homines
1980 2153 2055 2183 pro-

1235 2186 1382 2217 nunciari
1405 2187 1508 2216 iustos
1532 2195 1642 2215 coram
1665 2185 1726 2215 deo
1745 2191 1878 2225 propter
1900 2183 1973 2215 illos
1996 2186 2054 2215 bo-

1236 2240 1297 2259 nos
1335 2237 1444 2259 mores
1509 2226 1591 2257 alias
1627 2228 1668 2257 de
1709 2237 1856 2268 congruo
1897 2226 1978 2257 alias
2013 2227 2053 2257 de

1237 2272 1411 2311 condigno.
1456 2269 1575 2299 Errant
1607 2269 1694 2309 quod
1727 2276 1843 2309 putant
1868 2268 2053 2299 huiusmodi

1237 2324 1338 2354 opera
1390 2313 1507 2342 mereri
1557 2313 1781 2342 remissionem
1830 2318 2051 2351 peccatorum.

1235 2356 1355 2386 Errant
1383 2355 1469 2395 quod
1504 2361 1617 2394 putant
1652 2354 1814 2384 hominem
1848 2363 1949 2393 posse
1982 2354 2053 2384 sine

1237 2399 1351 2439 spiritu
1380 2403 1495 2427 sancto
1526 2396 1661 2437 diligere
1690 2397 1784 2427 deum
1811 2405 1910 2435 super
1945 2397 2052 2426 onmia

1237 2447 1267 2471 et
1308 2441 1479 2480 concipere
1514 2448 1624 2469 veram
1658 2439 1809 2469 fiduciam
1843 2439 1910 2475 dei,
1945 2445 1975 2468 et
2009 2439 2051 2467 si-

1237 2533 1282 2562 56)
1300 2533 1343 2557 Ms.
1364 2534 1419 2562 post
1438 2539 1494 2556 non
1513 2532 1589 2556 habet
1607 2537 1694 2556 vocem
1710 2529 1770 2561 side
1788 2531 1956 2556 obliteratam.

2156 119 2220 153 280

1505 924 1565 954 Hic
1589 931 1697 956 errant
1726 926 1766 956 de
1795 932 1933 965 peccato
1961 932 1993 957 et
2022 927 2063 956 de
2098 934 2138 963 25,
2156 940 2180 959 a.

2147 2238 2172 2262 b.
