2358 2933
241 129 299 160 317

305 218 480 250 Multarum
503 224 609 245 rerum
633 213 741 241 nativa
766 217 840 240 stuit
861 210 1007 245 dissidia,
1031 208 1096 239 Sed
1109 207 1210 238 multo

243 269 292 293 est
316 262 419 290 innius
443 257 609 289 dissidium
634 263 731 283 verae
754 251 942 288 Ecclesiae,
962 261 1035 281 cum
1059 250 1211 289 blasphe-

242 304 302 334 mis
332 310 361 331 et
393 299 563 341 parricidis
591 294 724 336 pollutis
759 294 918 334 sanguine
941 294 1077 332 piorum.
1122 292 1211 322 Nun-

243 354 337 385 quam
361 344 442 373 enim
456 337 615 370 Diabolus
639 343 734 366 exuet
759 336 868 366 odium
889 333 946 364 filii
965 334 1038 365 Dei.
1074 334 1212 365 Moveor

243 387 336 417 etiam
361 382 519 414 vaticiniis
535 378 782 419 Prophetarum.
806 378 860 417 qui
879 376 1065 418 significant
1085 383 1211 417 postre-

244 438 294 457 mo
325 434 469 465 tempore
495 422 664 462 pontifices
692 418 874 460 Evangelio
906 420 1062 449 acerrime
1096 420 1211 449 adver—

244 477 374 499 saturos>
399 475 484 496 csse.
515 465 625 499 Quare
649 473 721 493 cum
744 472 810 492 non
833 471 1002 501 sperarem
1021 470 1079 491 eos
1099 461 1208 491 sanari

244 520 356 550 posse,
379 515 525 538 nostrum
557 507 641 535 inter
668 514 729 534 nos
753 513 952 534 consensum
977 503 1131 533 tuendum
1153 513 1211 532 no-

243 553 292 581 bis
321 560 397 581 esse
421 549 528 584 sensi,
560 546 603 577 sui
629 547 794 583 hortator,
823 552 853 575 ut
879 552 1025 575 nostram
1049 546 1211 584 Spartam,

242 593 305 623 hoc
330 600 396 624 est.
420 597 553 621 nostras
572 588 743 619 Ecclesia>-
767 595 797 618 et
829 586 972 617 Scholas
997 587 1120 617 maiore
1145 592 1212 616 stu-

244 635 296 664 dio
321 642 523 665 ornaremus.
548 631 648 671 idque
671 637 704 660 ut
728 628 886 660 faciamus
909 628 1058 659 hortator
1081 638 1212 668 semper

243 686 310 707 ero.
362 676 448 705 Inter
473 684 534 704 nos
559 671 724 702 Psahnum
753 671 853 708 1132]
888 681 953 701 uno
984 676 1147 701 concentu
1180 676 1210 699 ct

243 729 307 748 11110
330 724 466 757 pectore
488 724 658 745 sonemus:
686 713 775 744 Ecce
800 724 895 753 qnam
921 714 1040 742 bonum
1064 711 1211 742 habitare

243 759 362 790 [ratres
387 760 417 789 in
441 769 550 794 tulum,
574 758 678 791 Quam
703 762 796 795 grata
820 754 910 791 Deo,
934 765 1031 794 quam
1059 753 1148 784 utilis
1172 764 1211 784 ac

244 800 349 832 dulcis
374 811 426 830 res
450 807 498 829 est
524 798 702 830 cont-ordia
721 796 903 833 Ecclesiae,
923 797 1012 826 Sicut
1024 795 1211 836 Ungentum

244 844 331 884 quod
355 841 496 872 destillat
520 852 538 871 a
559 841 680 870 vertice
700 840 730 868 in
753 840 886 869 barbam
904 839 1029 875 Aaron,
1052 848 1091 868 ac
1112 843 1212 868 totam

243 885 400 915 fimbriam
423 884 535 913 vestis.
570 882 664 912 Ludit
680 879 828 911 Psalmus
851 881 979 920 poetica
993 879 1212 916 similitudine,

244 926 451 967 Flagrantior
464 931 513 955 est
528 924 719 956 concordia,
738 933 834 963 quam
848 921 1041 959 balsamum,
1054 932 1119 962 quo
1131 931 1212 962 pon-

243 967 319 999 tifex
342 968 536 1009 ungebatur.
582 966 647 996 Sed
672 965 767 995 huius
780 964 924 995 Balsami
947 965 1142 995 mentionem
1166 962 1211 993 fa-

244 1011 297 1046 cit,
316 1017 349 1040 ut
367 1019 452 1050 quae
469 1010 507 1039 sit
529 1008 727 1039 concordiae
746 1016 846 1037 (musa
866 1007 1039 1047 significet.
1075 1005 1212 1036 Utidem

243 1051 431 1082 Balsamum
461 1052 493 1081 in
523 1061 562 1081 os
584 1049 766 1090 pontificis,
797 1059 836 1080 ac
865 1055 992 1079 vestem
1021 1054 1122 1079 totam
1158 1048 1211 1077 (18-

243 1093 360 1131 stillat,
391 1093 438 1123 lta
467 1093 580 1123 eadem
605 1091 759 1123 coelestis
789 1092 938 1122 doctrina
961 1090 1150 1130 pontificem
1181 1094 1211 1119 et

243 1142 343 1166 totum
364 1142 493 1166 coetum
524 1135 695 1165 doctorum
726 1134 864 1170 imbuat,
891 1143 930 1163 ac
962 1139 1066 1173 regat.
1111 1131 1211 1162 Addit

244 1184 273 1208 et
298 1188 372 1207 rore
396 1178 572 1218 gratiorem
599 1186 675 1207 esse
705 1175 932 1212 concordiam,
955 1175 1010 1215 qui
1035 1172 1157 1213 depluit
1179 1174 1211 1203 in

242 1219 332 1251 Sion.
369 1218 541 1249 Continent
555 1218 703 1249 doctrina
717 1218 830 1248 eadem
843 1218 1083 1258 gubernatores
1097 1225 1210 1246 onmes

242 1262 275 1292 111
302 1268 369 1291 1013
394 1260 585 1301 Republica.
630 1259 702 1290 Hoc
733 1268 900 1290 consensu
929 1259 1073 1299 piorum,
1098 1258 1211 1297 inquit,

242 1301 424 1333 delectatur
448 1303 555 1339 Deus,
584 1301 667 1332 haec
691 1300 826 1332 foedera
855 1301 1014 1341 verae²¹)
1044 1301 1212 1331 doctrinae

241 1345 357 1385 probat
379 1351 409 1375 et
429 1345 516 1386 tegit,
548 1343 632 1374 Toto
656 1351 790 1384 pectore
813 1348 891 1373 vota
914 1342 1011 1379 facio,
1033 1348 1068 1373 ut
1091 1342 1211 1381 ubique

242 1392 400 1418 terrarum
431 1393 520 1417 recte
550 1385 679 1417 colatur
700 1385 809 1422 Deus,
839 1391 873 1415 ut
903 1384 1042 1425 gloriam
1071 1383 1126 1414 filii
1148 1383 1212 1414 Dei

243 1440 356 1462 omnes
380 1434 581 1470 agnoscant,
614 1435 647 1458 ut
673 1437 787 1459 onmes
810 1426 990 1458 liberentur
1012 1427 1053 1456 ab
1076 1431 1211 1456 aeterno

243 1471 414 1512 supplicio.
459 1471 525 1502 Sed
549 1472 672 1501 interea
696 1481 769 1500 cum
788 1470 839 1506 iis,
864 1470 917 1509 qui
937 1468 1049 1499 delere
1060 1467 1212 1508 Evange-

242 1513 318 1546 lium
350 1520 526 1550 conantur,
556 1513 609 1553 qui
638 1512 836 1543 inflammant
862 1511 990 1552 Regum
1013 1510 1212 1541 iracundiam

852 118 962 148 Ptin„
987 116 1088 147 MEL.
1112 115 1298 148 SCRtPTA
1321 115 1596 147 DOGMAT1CA.

2167 116 2230 149 348

1262 208 1423 239 adversus
1453 218 1533 244 nos,
1567 218 1651 248 quae
1680 208 1775 238 nobis
1810 214 1949 248 possunt
1983 218 2058 238 esse
2091 208 2228 249 σπονδαὶ,

1263 261 1336 280 cum
1359 249 1483 281 Paulus
1502 251 1609 280 iubeat
1636 260 1693 280 eos
1718 251 1863 280 execrari
1876 256 2031 290 tanquam
2043 250 2227 287 ιῖναθέματα.

1261 291 1451 332 Expetenda
1475 298 1525 322 est
1549 292 1744 328 ‹micci-dia,
1768 292 1827 322 sed
1850 293 1894 322 ita
1916 302 1957 322 118
1980 291 2150 332 Evangelii
2172 291 2229 324 lux

1262 335 1485 374 extinguatur,
1520 334 1636 364 deinde
1667 334 1804 374 primtun
1839 335 1984 364 membra
2013 333 2134 364 Christi
2163 345 2228 365 non

1261 376 1374 406 hostes
1417 374 1682 416 complectamur.
1727 375 1797 406 Nec
1821 374 1969 414 profecto
2005 377 2142 417 exiguus
2178 383 2229 408 est

1261 417 1372 456 labor,
1412 419 1624 448 domesticam
1658 417 1868 449 concordiam
1902 418 2000 454 tueri,
2036 419 2230 458 praesertim

1262 460 1325 491 hoc
1351 466 1512 499 tempore,
1531 461 1617 500 quod
1646 470 1706 490 suo
1735 460 1876 499 quodam
1904 457 1971 489 sato
2001 458 2231 491 tumultuosius

1262 508 1323 532 est.
1368 501 1407 532 Et
1437 508 1694 533 consentaneum
1723 507 1775 532 est
1803 500 1961 540 quietiora
1991 510 2067 532 esse
2090 502 2231 543 ingenia,

1263 554 1336 574 cum
1359 542 1579 583 Respublicae
1603 548 1678 573 sunt
1701 541 1907 583 tranquillae.

1349 585 1441 615 lianc
1481 585 1822 615 commemorationem
1866 586 1898 615 in
1933 584 1997 616 1130
2030 584 2232 626 praefatione

1263 637 1328 657 non
1347 627 1608 667 intempestivam
1627 637 1701 657 esse
1714 627 1864 664 iudicavi,
1887 628 2023 667 prodest
2036 629 2120 659 enim
2135 627 2231 660 scho-

1263 668 1398 700 lasticos
1423 669 1601 706 admoneri,
1630 675 1785 709 quantum
1808 680 1892 699 onus
1912 670 2095 700 sustineant
2118 671 2231 701 divini-

1263 717 1315 742 tus
1344 712 1546 750 impositum,
1577 712 1619 741 ad
1642 722 1724 751 quos
1750 711 1830 741 tincs
1854 711 1936 742 haec
1966 710 2077 742 militia
2099 710 2230 743 schola-

1263 753 1347 783 stica
1369 753 1538 793 dirigenda
1562 753 1615 790 sit,
1639 763 1724 793 quae
1746 752 1893 793 pericula
1916 754 2074 784 cavenda.
2108 753 2231 785 Harum

1263 805 1371 825 rerum
1394 796 1604 825 maximarum
1628 796 1783 835 cogitatio
1807 796 1839 825 in
1863 796 1956 826 bonis
1980 801 2010 825 et
2030 796 2177 827 discendi
2200 802 2233 826 et

1264 837 1479 875 regendorum
1502 847 1626 867 morum
1650 847 1761 867 curam
1784 837 1956 867 exuscitat.
2000 837 2083 867 Nam
2112 838 2168 878 qui
2195 847 2232 868 se

1263 880 1418 909 divinitus
1447 879 1560 909 vocari
1589 879 1631 908 ad
1659 878 1742 909 haec
1762 879 1904 909 omnium
1925 880 2105 919 asperrima
2127 885 2232 911 certa-

1263 922 1348 951 mina
1374 930 1452 951 vere
1471 921 1605 957 sentiet,
1633 921 1661 951 is
1687 921 1906 960 praemetiens
1928 920 2149 960 periculorum
2166 931 2233 952 ma-⁴

1264 963 1467 1004 gnitudinem
1490 961 1675 1003 diligentius
1695 972 1731 992 se
1753 963 1972 1002 praeparabit,
1996 963 2099 994 discet
2124 961 2232 994 coele-

1263 1011 1347 1035 stem
1371 1005 1564 1041 doctrinam,
1588 1004 1724 1035 evolvet
1742 1014 1870 1035 0111118111
1892 1005 2133 1045 antiquitatem,
2156 1015 2234 1037 con-

1263 1045 1346 1077 seret
1373 1056 1453 1077 suas
1478 1046 1695 1087 cogitationes
1720 1057 1792 1077 cum
1814 1046 1893 1086 piis,
1917 1046 2034 1084 doctis,
2054 1053 2086 1078 et
2108 1048 2233 1087 peritis,

1263 1087 1372 1119 fontes
1396 1094 1531 1129 quaeret
1559 1088 1674 1119 harum
1703 1089 1970 1129 gravissimarum
1993 1089 2234 1121 controversia-

1263 1141 1348 1168 rum,
1378 1140 1461 1170 quae
1490 1131 1522 1160 in
1551 1129 1705 1161 Ecclesia
1734 1131 1907 1171 agitantur.
1954 1130 2040 1170 Opto
2069 1136 2178 1162 autem
2199 1136 2235 1161 ut

1263 1172 1396 1203 labores
1420 1173 1481 1203 mei
1507 1183 1579 1203 cum
1602 1173 1776 1203 universae
1798 1170 1983 1209 Ecclesiae,
2007 1179 2074 1203 tum
2097 1174 2235 1204 maxime

1264 1213 1501 1252 Scholasticis,
1535 1215 1588 1254 qui
1622 1214 1799 1254 praecipua
1833 1224 1910 1254 pars
1940 1220 2017 1245 sunt
2050 1214 2235 1252 Ecclesiae,

1263 1257 1401 1297 prosint,
1426 1267 1499 1287 cum
1522 1266 1586 1296 quo
1610 1257 1723 1286 ordine
1747 1266 1821 1287 cum
1844 1266 1908 1286 non
1934 1255 2041 1287 solum
2065 1255 2235 1288 voluntate

1265 1300 1323 1329 sed
1347 1299 1443 1328 etiam
1465 1303 1579 1328 natura
1608 1298 1802 1328 coniunctus
1826 1298 1903 1335 sim,
1926 1297 2012 1329 hanc
2034 1298 2235 1330 lucubratio-

1264 1351 1338 1371 nem
1367 1340 1572 1380 potissimum
1601 1340 1681 1379 ipsis
1707 1339 1920 1370 dedicandam
1950 1346 1981 1370 et
2006 1340 2234 1370 commendan-

1265 1384 1339 1413 dam
1362 1392 1439 1413 esse
1463 1382 1548 1419 dux-i,
1568 1388 1599 1412 et
1621 1382 1765 1413 vicissim
1789 1390 1846 1412 eos
1858 1381 2027 1419 adhortor,
2046 1388 2081 1412 ut
2092 1388 2235 1413 mutuam

1264 1430 1433 1466 praestent
1458 1423 1721 1455 benevolentiam
1743 1434 1782 1454 ac
1806 1422 1886 1453 illud
1898 1423 2062 1455 Theocriti
2081 1424 2235 1455 memine-

1264 1468 1326 1498 rint
1350 1469 1444 1504 τέττιξ
1461 1469 1516 1505 μὲν
1539 1470 1646 1504 τέττιγι
1668 1468 1764 1506 φίλος,
1787 1465 1920 1506 μύρμακι
1942 1465 1974 1496 δὲ
1992 1466 2119 1507 μύρμηξ.
2134 1466 2180 1507 ²²)

775 1652 909 1684 LOCI
951 1650 1271 1683 COMMUNES
1311 1648 1704 1683 THEOLOGICI.¹)

331 1724 419 1756 Sicut
445 1724 476 1754 in
499 1722 572 1753 aliis
591 1723 715 1753 artibus
734 1722 867 1762 prodest
887 1727 998 1751 tenere
1018 1720 1214 1760 praecipuos

246 1768 339 1798 locos
362 1766 516 1797 methodo
541 1772 571 1795 et
596 1765 681 1795 serie
706 1764 846 1804 quadam
869 1763 1067 1803 dispositos,
1097 1762 1215 1802 quibus

248 1810 387 1850 cognitis
416 1808 521 1844 initia,
555 1807 825 1848 progressiones,
859 1806 964 1835 exitus
995 1805 1111 1834 artium
1143 1813 1216 1843 pro-

247 1852 328 1892 spici
351 1857 500 1891 possunt,
523 1851 567 1879 113
591 1849 741 1879 conducit
765 1854 795 1879 et
819 1849 850 1878 in
870 1847 1019 1878 doctrina
1031 1845 1217 1876 Christiana

248 1893 434 1924 methodum
458 1891 598 1932 aliquam
626 1889 813 1921 informare.
860 1888 999 1919 Constat
1025 1889 1108 1919 enim
1132 1888 1216 1918 hanc

248 1946 345 1967 unam
369 1944 443 1964 esse
466 1934 583 1964 iustam
611 1932 757 1972 perfecte
781 1932 919 1962 docendi
943 1931 1045 1968 viam,
1076 1930 1217 1960 omnium

251 1979 420 2008 doctorum
447 1982 477 2006 et
501 1976 696 2016 pmdentum
718 1973 833 2004 litteris
858 1973 1066 2004 celebratam.
1112 1972 1216 2002 Porro

251 2020 380 2060 quidam
413 2018 445 2048 in
480 2016 675 2058 colligendis
710 2015 919 2047 Theolowicis
954 2015 1053 2052 locis,
1093 2020 1217 2045 tantum

252 2061 410 2102 quosdam
441 2070 480 2090 ex
508 2059 720 2100 Philosophia
755 2059 867 2089 morai
901 2062 1086 2088 accersunt.
1132 2056 1216 2086 Enu-

252 2109 375 2133 merant
395 2102 541 2138 virtutes,
564 2108 598 2132 ut
622 2101 791 2138 Iustitiam,
815 2100 1089 2141 Temperantiam,
1111 2098 1217 2128 Bene-

252 2144 413 2174 ficentiam
426 2150 457 2173 et
471 2142 604 2173 similes.
629 2143 695 2174 Sed
708 2142 883 2174 Christiani
902 2143 988 2172 scire
1001 2142 1132 2177 debent,
1156 2141 1217 2171 etsi

251 2185 284 2216 hi
308 2184 527 2225 Philosophici
557 2185 620 2216 loci
650 2186 690 2215 ad
720 2191 844 2225 partem
874 2184 1015 2225 aliquam
1042 2182 1126 2224 legis
1155 2182 1217 2213 Dei

253 2234 344 2258 recte
368 2227 562 2264 releruntur,
585 2235 693 2258 13111811
716 2228 834 2268 ingens
858 2227 1032 2257 discrimen
1055 2226 1138 2256 inter
1161 2226 1217 2255 do-

255 2269 389 2299 ctrinam
413 2268 631 2299 Christianam
655 2276 685 2300 et
710 2268 955 2308 Philosophiam
985 2278 1077 2305 esse,
1112 2274 1143 2298 et
1166 2277 1217 2297 re-

255 2312 429 2352 quirendas
451 2311 504 2340 hic
528 2321 602 2341 esse
624 2310 705 2342 alias
722 2321 775 2341 res
794 2311 893 2342 multo
914 2311 1065 2347 maiores,
1087 2311 1216 2351 ignotas

255 2352 497 2392 Philosophiae,
521 2360 552 2383 ut
573 2364 647 2383 mox
665 2354 834 2393 apparebit
853 2354 885 2383 111
898 2352 1047 2394 catalogo
1058 2351 1216 2382 locortun.

256 2395 306 2424 Ac
329 2395 355 2424 si
386 2396 457 2435 quis
486 2395 619 2433 propius
649 2396 865 2426 considerabit
889 2396 993 2434 ipsam
1023 2395 1138 2426 seriem
1167 2404 1218 2424 sa-

259 2446 386 2467 crorum
415 2435 587 2473 librorum,
615 2438 850 2468 animadvertet
873 2443 981 2477 aptam
1011 2447 1087 2468 esse
1106 2446 1218 2467 eomm

258 2528 302 2558 21)
325 2528 410 2559 verae]
433 2529 467 2553 sie
487 2529 529 2553 Ed.
550 2530 602 2559 143
622 2529 662 2553 Ed.
683 2530 712 2553 13
731 2535 798 2554 vere.

1267 1717 1501 1748 oeconomiam.
1546 1716 1674 1746 Primus
1703 1716 1791 1747 initio
1824 1716 2037 1746 concionatur
2067 1717 2107 1747 de
2128 1726 2236 1748 rerum

1265 1760 1461 1800 primordiiS,
1484 1759 1580 1789 docet
1600 1759 1753 1789 mundum
1771 1769 1790 1789 a
1802 1758 1874 1788 Deo
1894 1758 2058 1789 conditum
2075 1768 2162 1796 esse,
2182 1759 2236 1790 de-

1267 1802 1381 1832 scribit
1414 1800 1552 1831 hominis
1586 1807 1735 1831 naturam
1769 1806 1799 1831 et
1834 1801 2040 1841 dignitatem,
2074 1806 2236 1832 monstrat

1267 1844 1406 1875 initium,
1438 1852 1587 1879 causam,
1617 1849 1648 1873 et
1679 1852 1804 1882 poenas
1833 1842 1970 1881 peccati.
2015 1841 2183 1874 Describit
2205 1848 2237 1874 et

1267 1887 1389 1916 initium
1401 1883 1583 1925 Evangelii,
1603 1885 1767 1925 quomodo
1791 1885 1878 1915 initio
1903 1885 2099 1924 promissum
2122 1886 2163 1916 sit
2185 1895 2236 1916 se-

1268 1938 1357 1965 men,
1384 1928 1471 1968 quod
1500 1927 1655 1957 liberaret
1681 1936 1742 1957 nos
1766 1937 1786 1956 a
1808 1927 1981 1967 tyrannide
2004 1925 2142 1964 diaboli,
2172 1927 2237 1958 1100

1269 1976 1329 2007 est,
1354 1980 1373 2000 a
1396 1975 1533 2009 peccato
1558 1975 1589 1999 et
1612 1975 1727 1999 morte.
1773 1968 1863 1999 Haec
1885 1969 1947 1998 iam
1970 1969 2060 2000 initia
2083 1974 2159 2000 sunt
2175 1968 2237 2000 Ec-

1270 2011 1400 2042 clesiae.
1445 2011 1567 2042 Postea
1594 2011 1625 2041 in
1648 2010 1792 2041 historiis
1815 2017 1994 2051 sequuntur
2016 2010 2137 2042 multae
2160 2021 2237 2042 con-

1270 2055 1383 2085 ciones
1413 2055 1453 2084 de
1484 2052 1560 2094 lege
1590 2058 1622 2083 et
1648 2051 1846 2094 Evangelio,
1882 2051 2033 2084 videlicet
2056 2054 2097 2084 de
2118 2053 2235 2085 iudicio

1268 2096 1347 2133 Dei,
1372 2097 1412 2127 de
1435 2097 1550 2135 poenis
1569 2096 1754 2135 impiorum,
1786 2096 1826 2126 de
1848 2096 2000 2135 praemiis
2023 2095 2166 2136 piorum,
2197 2095 2237 2126 de

1269 2140 1335 2170 vita
1359 2145 1502 2169 aeterna.
1548 2137 1662 2172 Qualis
1686 2143 1736 2167 est
1759 2136 1813 2168 illa
1836 2138 1940 2177 prima
1963 2138 2079 2169 concio
2101 2139 2143 2169 ad
2156 2137 2237 2169 Cain

1271 2181 1448 2218 [Genes.4,
1467 2181 1529 2218 7.],
1554 2179 1588 2210 Si
1607 2181 1691 2210 bene
1720 2178 1852 2217 feceris,
1876 2180 2032 2219 recipies,
2056 2181 2106 2211 sin
2129 2185 2236 2211 autem

1269 2223 1371 2260 male,
1394 2229 1563 2262 peccatum
1586 2228 1674 2253 tuum
1698 2223 1759 2253 etsi
1783 2223 1945 2263 quiescet,
1970 2221 2169 2253 revelabitur
2190 2228 2235 2253 ta-

1270 2276 1354 2303 men,
1378 2265 1437 2296 sed
1460 2270 1630 2305 peccatum
1653 2265 1692 2295 sit
1716 2266 1777 2295 sub
1801 2271 1843 2302 te,
1869 2271 1896 2295 et
1918 2271 1952 2295 tu
1969 2265 2144 2296 domineris
2162 2265 2234 2305 ipsi.

1270 2376 1315 2405 22)
1334 2376 1435 2399 Theocr.
1455 2375 1524 2404 ldyll.
1542 2376 1579 2399 IX.
1600 2376 1639 2399 31.
1657 2388 1688 2392 —-
1707 2375 1768 2399 Huic
1786 2375 1870 2399 versui
1888 2375 1990 2399 Theocr.
2009 2375 2033 2400 in
2051 2375 2124 2399 Editt.
2145 2375 2182 2400 13.
2195 2374 2232 2399 14.

1338 2409 1497 2434 subiunctum
1529 2411 1568 2433 est
1599 2409 1660 2433 illud
1688 2409 1824 2433 camerarii
1848 2409 2007 2438 Epigramma
2031 2414 2109 2438 supra
2126 2408 2151 2433 in
2177 2408 2233 2433 Pro-

1339 2443 1405 2472 legg.
1424 2449 1448 2473 p.
1467 2444 1513 2465 211
1534 2450 1571 2473 sq.
1591 2443 1705 2468 allatum.

1290 2495 1315 2521 1)
1336 2493 1377 2518 Ed.
1405 2494 1441 2516 11.
1462 2493 1544 2518 addit:
1574 2493 1678 2518 PfflLlP.
1696 2493 1854 2522 MELANTH„
1882 2493 1907 2517 it.
1933 2493 1992 2523 Opp.
2012 2493 2082 2518 Bas:
2107 2491 2233 2517 PHILIPPI

1338 2527 1526 2552 Melanchtonis.
