2358 2933
80 93 141 125 861
544 94 565 124 1.
589 94 690 126 LOCl
713 93 993 125 THEOLOGICI:

81 186 198 226 spiritu
225 185 288 216 Dei
321 191 480 226 aguntur,
514 185 547 217 hi
576 194 652 218 sunt
676 186 733 217 filii
761 187 832 217 Dei.
867 185 949 217 Cum
972 197 1053 228 ergo

82 233 206 258 certum
234 228 287 264 sit,
311 227 371 258 1105
393 225 534 259 infantes
565 239 642 260 esse
669 236 796 269 partem
819 227 993 259 Ecclesiae
1023 235 1055 260 et

81 269 213 310 placere
230 269 316 306 Deo,
348 275 470 300 certum
494 277 526 301 et
549 271 611 302 hoc
635 277 700 308 est,
728 271 836 302 Deum
858 271 891 300 in
915 272 964 301 eis
987 269 1055 301 effi-

80 322 192 343 cacem
227 322 313 349 esse,
347 312 423 352 quia
457 313 556 343 vitam
589 320 755 344 aeternam
785 318 916 352 oportet
936 315 969 344 in
991 312 1054 343 hac

81 355 148 385 vita
168 354 328 385 inchoari.

165 395 257 427 Haec
290 396 330 426 de
352 395 521 437 Baptismo
544 398 596 438 pie
619 404 651 428 et
674 396 849 438 diligenter
868 397 1054 428 considere-

80 447 152 469 mus
175 448 307 475 omnes,
332 444 368 469 ut
389 449 452 470 nos
475 440 570 470 etiam
594 440 789 481 grandiores
812 445 910 479 pacto
934 445 965 469 et
987 438 1054 470 soe-

85 481 164 511 dere
196 479 253 512 illo
278 490 340 511 nos
360 481 588 518 consolemur,
610 487 647 512 ut
670 491 770 522 supra
793 481 868 511 dixi.
913 480 1055 512 Maxime

80 532 159 553 vero
182 521 414 554 adolescentes
443 529 596 561 caveant,
619 533 661 553 ne
684 524 804 554 donum
827 523 985 564 Baptismi
1009 522 1054 554 ef-

79 563 232 602 fundant,
271 575 356 596 neve
394 564 483 596 illam
522 567 687 607 ingentem
721 564 859 607 gloriam
893 566 1053 603 amittant,

79 617 176 647 quam
210 608 378 647 praedicat
400 607 552 638 Christus
583 608 623 638 de
646 606 823 638 infantibus
846 608 878 638 in
901 606 1054 639 Ecclesia

79 648 209 688 [Matth.
231 649 281 687 18,
306 649 388 687 14.]:
435 650 510 680 Non
529 656 580 680 est
602 649 757 680 voluntas
780 650 901 687 Patris,
923 656 958 681 ut
980 660 1053 690 per-

79 697 132 721 eat
164 701 249 721 unus
284 692 324 721 de
358 691 504 731 parvulis
540 693 622 722 istis.
680 692 772 727 Quae
806 698 915 732 potest
948 693 1053 722 maior

77 731 183 774 gloria
206 734 355 774 cogitari,
380 744 476 774 quam
500 735 588 774 quod
611 732 764 772 affirmat,
787 734 849 765 hos
874 740 965 765 certo
984 734 1052 775 pla-

78 784 154 806 cere
186 773 258 806 Deo
294 781 324 806 et
358 776 388 806 ei
422 786 522 807 curae
542 777 639 807 esse?
666 776 707 807 Et
729 783 884 817 parentes
907 776 970 807 hac
988 776 1052 808 fide

77 817 118 848 de
139 816 309 857 Baptismo
342 818 497 849 invocent
519 819 625 850 Deum
654 829 714 859 pro
738 818 916 850 infantibus
940 825 971 850 et
994 829 1052 849 eos

77 858 150 889 Deo
185 860 412 890 commendent
443 871 483 892 ac
506 862 631 899 statim,
666 871 740 892 cum
763 862 875 892 doceri
898 867 1050 902 possunt,

76 900 299 932 assuefaciant
331 912 401 940 eos,
434 909 470 933 ut
491 904 553 944 ipsi
576 905 732 934 invocent
753 903 859 935 Deum
883 910 915 934 et
938 902 1052 934 Filium

77 944 158 980 eius,
183 950 215 974 et
238 943 394 984 paulatim
413 945 461 975 eis
481 946 667 986 tradant21)
692 956 850 976 summam
869 945 1050 987 Evangelii.

77 984 228 1026 Denique
253 996 326 1016 cnm
348 988 439 1026 pueri
463 988 528 1018 sint
549 997 671 1028 magna
692 997 770 1027 pars
782 987 966 1025 Ecclesiae,
989 989 1051 1018 sci-

76 1033 131 1058 ant
152 1034 306 1067 parentes
329 1034 360 1059 et
382 1035 615 1070 praeceptores
639 1031 702 1061 sibi
724 1040 790 1061 non
814 1031 965 1071 exiguum
983 1029 1051 1061 the-

76 1080 208 1101 saurum
221 1072 482 1102 commendatum
496 1081 588 1107 esse3
601 1072 713 1107 Quare
724 1078 894 1112 praestent
910 1072 1006 1103 fidem
1020 1079 1051 1103 et

76 1110 276 1153 diligentiam
299 1114 331 1143 in
356 1114 504 1145 docenda
527 1120 558 1145 et
581 1115 724 1155 regenda
747 1115 926 1146 iuventute.

352 1240 409 1270 DE
434 1239 583 1271 COENA
606 1240 772 1272 DOMlNl.

159 1323 268 1363 Saepe
291 1324 411 1355 dictum
433 1330 496 1361 est,
521 1324 687 1365 singulare
712 1331 743 1356 et
766 1326 884 1366 ingens
908 1325 970 1355 Dei
995 1326 1049 1355 be-

74 1365 226 1397 neficium
248 1375 324 1396 esse
348 1372 379 1396 et
401 1366 624 1398 admirabilius
644 1368 716 1408 ipsa
741 1369 906 1398 creatione
929 1378 1048 1405 rerum,

95 1408 162 1438 uod
184 1407 277 1439 Deus
312 1418 348 1438 se
384 1407 538 1448 patefecit
571 1409 714 1440 humano
749 1411 861 1450 generi
896 1411 995 1440 certis
1019 1416 1050 1441 et

73 1452 81 1481 i
107 1450 254 1481 ustribus
288 1451 481 1481 testimoniis
511 1457 542 1482 et
576 1451 778 1482 voluntatem
812 1462 905 1483 suam
929 1453 970 1483 de
993 1463 1050 1483 no-

73 1499 142 1523 stra
186 1491 292 1523 salute
337 1494 464 1523 traditis
510 1493 608 1524 claris
643 1495 915 1535 promissionibus
951 1496 1048 1526 nobis

72 1533 271 1571 declaravit,
296 1541 327 1566 et
350 1534 464 1566 harum
486 1537 737 1576 promissionum
760 1547 843 1568 voce
866 1536 1049 1568 Ecclesiam

72 1577 135 1608 sibi
159 1577 235 1608 inde
258 1587 363 1618 usque
391 1578 432 1608 ab
456 1578 546 1609 initio
569 1585 645 1619 post
670 1586 823 1619 receptos
846 1580 969 1620 primos
993 1590 1049 1620 pa-

72 1625 183 1650 rentes
214 1620 357 1650 condidit
393 1626 423 1650 et
459 1619 602 1662 collegit.
651 1621 741 1652 Haec
775 1622 848 1662 ipsa
873 1620 1048 1662 patefactio

72 1660 243 1693 manifeste
266 1663 428 1693 convincit
452 1669 585 1694 nostras
608 1670 745 1701 mentes,
769 1671 803 1694 ut
826 1670 971 1695 statuere
995 1675 1048 1695 co-

73 1710 203 1745 gantur,
226 1714 288 1736 nos
311 1704 384 1736 Deo
405 1715 504 1736 curae
527 1715 603 1736 esse
626 1713 658 1737 et
681 1707 722 1736 ab
748 1716 787 1737 eo
810 1707 940 1747 respici.
972 1707 1047 1737 ldeo

71 1746 230 1778 historiae
253 1757 367 1778 omnes
389 1746 664 1788 patefactionum,
689 1759 772 1789 quae
796 1750 939 1789 scriptae
963 1756 1048 1786 sunt,

72 1799 172 1829 saepe
207 1790 400 1830 cogitentur,
436 1797 470 1821 ut
499 1801 570 1821 cum
605 1790 718 1832 lapsos
747 1793 869 1831 primos
892 1798 1047 1831 parentes

72 1830 165 1863 Deus
198 1832 320 1872 recepit
354 1838 384 1863 et
407 1834 544 1873 primam
567 1834 819 1873 promissionem
842 1835 951 1868 edidit,
976 1845 1049 1865 cum

72 1874 216 1911 Noae22)
239 1875 418 1911 mandavit,
443 1881 478 1905 ut
501 1886 613 1906 arcam
638 1877 810 1911 conderet,
848 1887 919 1907 cum
943 1877 1048 1907 Abra-

74 1915 135 1947 hae
168 1917 421 1957 promissionem
456 1928 574 1948 novam
608 1919 755 1952 tradidit..
791 1929 864 1950 cum
892 1918 1048 1960 populum

72 1969 111 1990 ex
134 1959 289 2000 Aegypto
313 1960 423 1990 eduxit
446 1966 477 1990 et
489 1959 660 1991 Ecclesiae
684 1963 820 1998 suae23)
845 1967 968 1992 certum
991 1962 1048 1992 do-

71 2000 234 2037 micilium,
257 2007 293 2032 ut
313 2001 357 2032 ita
381 2003 496 2040 dicam,
520 2008 551 2032 et
573 2009 694 2034 certam
717 2004 829 2034 sedem
852 2004 949 2038 dedit,
976 2014 1047 2034 cum

71 2044 158 2074 misit
191 2043 375 2084 Prophetas
411 2055 450 2075 ac
483 2045 623 2086 denique
657 2044 759 2076 filium
781 2046 956 2078 Dominum
990 2057 1047 2077 no-

72 2091 176 2116 strum
210 2085 317 2116 Iesum
340 2086 518 2123 Christum,
549 2093 581 2117 et
615 2089 869 2120 resuscitatione
904 2095 1046 2119 mortuo-

72 2138 141 2159 rum
176 2134 208 2158 et
242 2127 315 2158 aliis
339 2127 502 2160 miraculis
527 2128 706 2160 declaravit
729 2141 808 2161 vere
832 2142 851 2162 a
876 2131 949 2162 Deo
973 2132 1046 2162 mis-

71 2180 129 2201 sos
153 2180 239 2201 esse.

157 2213 295 2248 Quoties
319 2219 424 2244 autem
449 2213 484 2243 fit
507 2215 627 2245 mentio
649 2216 902 2255 promissionum
925 2223 1047 2247 818011-

75 2349 118 2379 21)
139 2350 175 2374 eis
196 2350 308 2382 tradant]
330 2351 403 2376 Editt.
428 2352 448 2374 1.
469 2351 492 2374 3.
513 2352 615 2376 tradant
634 2353 670 2377 eis

73 2400 117 2429 22)
136 2400 216 2431 Noae]
253 2401 326 2426 Editt.
350 2402 370 2424 1.
390 2401 413 2426 3.
432 2401 454 2426 6,
477 2402 498 2427 7.
521 2403 557 2427 12.
575 2403 676 2431 Nonam
712 2404 784 2429 Editt.
810 2406 831 2427 4.
862 2406 883 2430 5.
903 2406 925 2429 8.
948 2407 986 2428 10.
1009 2406 1046 2429 11.

144 2434 249 2457 13411.
269 2435 311 2458 3.
332 2435 382 2463 34..
402 2436 473 2466 0.
494 2437 574 2464 1-8.,
595 2437 653 2467 opp.
678 2438 697 2461 1.
716 2437 738 2459 2.
757 2438 808 2463 Noe

73 2483 117 2509 23)
137 2487 162 2508 et
181 2485 304 2509 ecclesiae
324 2486 397 2515 suae]
417 2487 491 2511 Edita.
516 2488 604 2509 114.
627 2488 661 2512 19,
682 2488 720 2512 20.
740 2488 859 2517 eb-22,
878 2490 947 2518 corp.
974 2490 1044 2511 18.

140 2521 164 2542 et.
183 2525 245 2543 suae
265 2520 403 2545 ecclesiae:
423 2520 467 2545 Ed.
490 2521 526 2544 18.
548 2526 610 2545 suae
630 2524 656 2546 et
674 2523 796 2546 ecclesiae

1039 95 1079 126 D.
1103 94 1263 127 TERTIA
1281 95 1437 127 EORUM
1460 97 1615 129 AETAS.

2009 103 2072 134 862

1097 188 1185 218 ditae
1219 198 1279 219 seu
1312 190 1515 221 instauratae
1537 190 1724 229 Ecclesiae,
1760 192 1856 223 simul
1880 194 2070 225 consideres

1096 239 1116 259 a
1150 229 1223 261 Deo
1257 231 1368 262 addita
1401 233 1586 264 testimonia
1614 234 1774 274 quaedam
1806 234 2005 266 incurrentia
2038 238 2070 267 in

1097 270 1226 309 oculos,
1249 283 1334 313 quae
1357 280 1470 305 essent
1493 276 1587 315 quasi
1807 277 2069 316 promissionum.

1183 314 1223 345 Et
1257 321 1323 345 tres
1359 326 1499 347 caussae
1530 327 1672 358 magnae
1704 327 1744 348 ac
1766 319 1963 359 praecipuae
1986 326 2070 357 sunt,

1097 366 1156 386 cur
1178 355 1224 387 illi
1247 359 1373 388 externi
1395 359 1477 389 ritus
1500 359 1602 390 additi
1624 360 1689 390 sint
1710 361 1931 400 promissioni.

1183 398 1302 436 Prima,
1337 405 1372 430 ut
1404 401 1555 440 privatim
1589 401 1908 434 commonefacerent
1941 410 2070 435 utentes

1097 440 1137 470 de
1171 441 1390 480 promissione
1425 448 1456 473 et
1480 443 1520 473 de
1542 442 1713 474 voluntate
1735 443 1798 475 Dei
1821 454 1902 487 erga
1925 455 1998 483 nos,
2021 452 2069 477 at

1097 492 1159 522 que
1188 483 1232 513 ita
1254 493 1313 523 per
1336 493 1375 514 ea
1397 483 1480 515 fides
1504 486 1536 515 in
1559 486 1654 516 nobis
1678 496 1759 528 erga
1781 485 1888 518 Deum
1912 489 2069 519 excitare

1096 530 1149 555 tur
1172 531 1203 555 et
1228 525 1484 557 confirmaretur.

1183 566 1337 598 Secunda
1361 577 1480 599 caussa
1502 567 1561 599 fuit
1584 576 1617 600 et
1639 577 1700 608 est,
1734 577 1768 601 ut
1791 573 1946 603 memoria
1968 572 2070 613 publi-

1097 618 1135 638 ce
1169 608 1348 639 durabilior
1375 616 1465 640 esset
1488 617 1519 641 et
1542 613 1721 653 propagari
1745 613 1787 643 ad
1811 623 1938 645 onmem
1961 621 2069 654 poste-

1096 651 1224 681 ritatem
1248 652 1423 691 promissio
1447 654 1568 684 certius
1591 660 1717 694 posset.
1756 655 1839 685 Nam
1862 657 1941 687 ritus
1964 658 2070 688 incur-

1096 697 1207 722 rentes
1247 694 1279 723 in
1314 692 1430 724 oculos
1466 700 1542 725 sunt
1577 697 1821 734 diuturniores,
1854 704 1889 728 ut
1923 699 2069 730 videmus

1096 734 1256 765 Ethnicos
1291 736 1387 766 etiam
1418 737 1592 768 retinuisse
1626 739 1707 769 ritus
1741 746 1896 780 acceptos
1925 751 1944 771 a
1968 740 2069 772 Patri-

1097 778 1171 813 bus,
1206 778 1330 808 amissa
1365 779 1515 810 doctrina
1548 779 1697 818 Patrum,
1731 791 1815 821 quos
1849 783 1929 812 ritus
1965 789 2070 813 tamen

1097 827 1326 859 corruperunt,
1350 830 1423 851 eum
1446 823 1585 852 subinde
1607 833 1712 854 novas
1736 824 1908 864 opiniones
1931 831 1962 855 et
1984 836 2069 855 nova

1096 859 1182 891 idola
1205 861 1379 903 fingerent.
1415 862 1568 895 Ceterum
1601 864 1806 896 manifestum
1830 873 1891 905 est,
1924 868 2005 898 ritus
2028 868 2070 898 ad

1095 905 1284 934 memoriam
1319 911 1350 935 et
1377 907 1649 948 propagationem
1672 908 1866 939 conducere
1914 909 1955 940 Et
1977 909 2069 940 multi

1095 946 1176 976 ritus
1199 947 1374 986 pinxerunt
1396 950 1644 988 promissiones,
1668 956 1702 981 ut
1725 951 1931 982 circumcisio
1955 952 2069 983 admo-

1094 989 1193 1018 nebat
1215 989 1383 1020 Abraham
1418 996 1449 1021 et
1482 997 1637 1031 posteros
1662 993 1702 1023 de
1733 993 1864 1023 semine.
1911 994 2067 1025 Mactatio

1095 1031 1298 1062 victimarum
1339 1032 1535 1064 admonebat
1569 1034 1685 1065 Patres
1727 1036 1767 1065 de
1801 1042 1905 1066 morte
1939 1046 2003 1067 ven
2018 1038 2067 1068 uri

1094 1071 1237 1103 Domini.

1181 1114 1291 1145 Tertia
1325 1127 1444 1148 caussa
1477 1117 1536 1148 fuit
1571 1126 1602 1149 et
1626 1126 1688 1155 est,
1724 1127 1758 1150 ut
1781 1121 1862 1150 ritus
1885 1120 1931 1152 illi
1955 1130 2067 1153 essent

1094 1157 1186 1186 nervi
1220 1157 1429 1197 publicorum
1464 1170 1713 1201 congressuum.
1759 1161 1837 1193 Vult
1868 1165 1952 1194 enim
1974 1163 2067 1195 Deus

1094 1199 1308 1229 ministerium
1332 1199 1501 1242 Evangelii
1531 1202 1695 1242 publicum
1726 1214 1812 1242 esse,
1846 1215 1911 1236 non
1945 1205 2013 1236 vult
2037 1208 2067 1237 in

1094 1239 1240 1278 latebriS,
1264 1248 1298 1272 ut
1310 1241 1488 1282 Eleusinia,
1513 1251 1635 1276 tantum
1659 1247 1762 1276 teneri
1785 1245 1944 1278 inclusam
1962 1248 2068 1279 Evan-

1094 1281 1169 1323 gelii
1203 1293 1329 1321 vocem,
1364 1286 1423 1316 sed
1457 1288 1603 1318 exaudiri
1622 1298 1693 1318 eam
1717 1287 1787 1320 vult
1809 1299 1829 1320 a
1852 1296 1921 1320 toto
1945 1300 2067 1331 genere

1094 1325 1248 1362 humano,
1284 1326 1353 1357 vult
1387 1338 1424 1358 se
1457 1331 1595 1371 agnosci
1629 1337 1661 1361 et
1694 1331 1850 1362 invocari.
1895 1332 1970 1363 ldeo
2001 1332 2068 1363 vult

1095 1377 1172 1398 esse
1206 1367 1357 1408 publicos
1394 1377 1424 1400 et
1458 1370 1618 1403 honestos
1641 1382 1861 1414 congressus,
1898 1381 1929 1405 et
1962 1375 1993 1405 in
2017 1374 2066 1406 his

1095 1408 1164 1440 vult
1173 1411 1217 1445 24)
1252 1421 1372 1442 sonare
1394 1412 1565 1445 Evanwelii
1598 1425 1726 1452 vocem,
1762 1415 1830 1447 vult
1852 1426 1889 1447 se
1912 1417 1955 1448 ibi
1978 1418 2068 1449 invo

1095 1452 1160 1482 cari
1185 1458 1218 1482 et
1242 1452 1418 1492 celebrari,
1453 1438 1521 1486 vult
1544 1457 1639 1487 etiam
1661 1456 1723 1487 hos
1747 1458 1839 1498 ipsos
1863 1469 2067 1501 congressus

1094 1499 1195 1524 testes
1229 1504 1304 1526 esse
1338 1498 1551 1530 seiunctionis
1575 1498 1747 1531 Ecclesiae
1769 1499 1832 1531 Dei
1867 1502 1907 1532 ab
1931 1501 2067 1533 aliarum

1095 1536 1250 1568 Gentium
1263 1539 1378 1576 sectis,
1390 1538 1591 1573 factionibus
1621 1548 1653 1572 et
1677 1543 1895 1582 opinionibus.
1941 1543 2067 1576 Conve-

1093 1580 1139 1609 nit
1162 1579 1301 1611 loannes
1324 1580 1445 1621 Ephesi
1479 1593 1553 1614 cum
1576 1594 1637 1615 suo
1668 1590 1764 1615 coetu
1787 1591 1818 1615 et
1842 1586 1937 1616 docet
1960 1586 2067 1617 Evan-

1094 1620 1226 1663 gelium,
1250 1629 1282 1653 et
1303 1633 1367 1654 usu
1390 1624 1593 1656 Sacramenti
1616 1632 1703 1657 totus
1728 1633 1842 1658 coetus
1866 1629 2007 1659 ostendit
2031 1639 2067 1660 se

1093 1664 1179 1694 hanc
1214 1665 1394 1697 doctrinam
1429 1667 1581 1708 amplecti
1605 1674 1637 1700 et
1658 1668 1746 1700 hunc
1768 1668 1875 1700 Deum
1898 1672 2064 1709 invocare,

1094 1707 1148 1746 qui
1170 1705 1386 1748 Evangelium
1420 1711 1563 1748 tradidit,
1599 1717 1631 1742 et
1663 1712 1845 1743 seiunctum
1878 1721 1916 1743 58
1947 1723 2024 1744 esse
2046 1725 2065 1744 a

1094 1748 1231 1786 Dianae,
1251 1750 1338 1781 Iovis
1362 1757 1393 1781 et
1411 1750 1547 1783 aliorum
1570 1753 1733 1784 ldolorum
1756 1753 1947 1785 cultoribus.
1989 1755 2067 1786 Vult

1094 1792 1178 1821 enim
1201 1790 1294 1823 Deus
1330 1795 1475 1834 conspici
1506 1801 1537 1826 et
1570 1796 1673 1827 audiri
1703 1806 1795 1827 suam
1817 1796 2001 1828 Ecclesiam
2034 1799 2066 1829 in

1094 1834 1225 1871 mundo,
1260 1841 1290 1865 et
1314 1834 1382 1866 vult
1405 1837 1588 1869 seiunctam
1611 1848 1689 1869 esse
1712 1837 1820 1869 multis
1845 1838 1985 1879 publicis
2009 1851 2066 1872 no-

1093 1877 1133 1906 tis
1168 1886 1188 1906 a
1221 1876 1357 1918 reliquis
1392 1880 1557 1920 gentibus,
1603 1880 1660 1912 Sic
1681 1880 1866 1912 habuerunt
1889 1891 1969 1913 suos
1994 1893 2066 1914 coe-

1093 1924 1145 1948 tus
1179 1918 1296 1956 Adam,
1320 1920 1411 1959 Seth,
1434 1921 1563 1960 Enoch,
1587 1923 1677 1961 Noa,
1713 1923 1800 1959 Sem,
1833 1923 2011 1961 Abraham,
2035 1932 2066 1956 et

1093 1961 1249 2001 deinceps
1294 1961 1407 2003 politia
1430 1964 1534 1996 lsrael
1563 1966 1677 1996 habuit
1699 1965 1820 1996 multos
1843 1967 1935 2003 ritus,
1959 1975 1992 1997 ut
2016 1977 2065 1998 se-

1092 2004 1212 2034 iunctio
1236 2003 1293 2035 illa
1316 2016 1335 2036 a
1364 2008 1516 2047 gentibus
1540 2014 1631 2039 esset
1650 2009 1868 2048 conspectior.

1157 2046 1350 2088 Quanquam
1380 2056 1488 2080 autem
1510 2049 1672 2081 Diabolus
1698 2061 1827 2091 semper
1856 2060 1992 2083 conatus
2016 2061 2065 2085 est

1092 2094 1124 2118 et
1147 2095 1286 2120 conatur
1309 2089 1419 2122 delere
1442 2093 1656 2124 ministerium
1679 2093 1850 2135 Evangelii
1874 2100 1905 2124 et
1928 2095 2064 2137 dissipa-

1093 2141 1127 2161 re
1161 2130 1222 2161 hos
1258 2139 1375 2163 coetus
1399 2140 1430 2164 et
1454 2144 1656 2175 congressus
1680 2134 1852 2167 Ecclesiae
1874 2146 1933 2177 per
1956 2143 2064 2179 tyran-

1092 2183 1153 2203 nos
1173 2180 1205 2204 et
1228 2173 1431 2214 haereticos,
1466 2183 1574 2208 tamen
1598 2177 1690 2208 Deus
1725 2188 1786 2208 sua
1821 2179 1976 2210 immensa
2009 2182 2063 2211 mi-

1092 2217 1272 2247 sericordia
1295 2227 1426 2257 semper
1459 2221 1604 2250 servavit
1633 2227 1665 2250 et
1699 2220 1838 2251 subinde
1871 2223 2009 2253 restituit
2033 2230 2064 2253 et

1091 2259 1300 2290 ministerium
1333 2260 1505 2301 Evangelii
1536 2269 1566 2292 et
1599 2261 1748 2302 publicos
1783 2261 1953 2294 Ecclesiae
1987 2276 2063 2295 con-

1091 2311 1240 2341 gressus.
1277 2301 1363 2336 Quid
1386 2313 1472 2334 nunc
1492 2314 1583 2334 arma
1605 2303 1743 2335 Turcica
1766 2304 1854 2335 aliud
1876 2305 2063 2343 moliuntur,

1090 2344 1151 2373 nisi
1193 2350 1225 2374 ut
1261 2342 1389 2375 deleant
1422 2356 1538 2377 vocem
1572 2346 1742 2388 Evangelii
1778 2354 1809 2377 et
1826 2349 1871 2382 )
1905 2348 2063 2389 dissipent

1091 2472 1135 2498 '29
1157 2473 1243 2496 Hocce
1262 2473 1313 2496 ruit
1334 2473 1467 2498 omittunt
1486 2474 1557 2503 t'vrp.
1578 2474 1652 2498 28.

1093 2522 1135 2549 25)
1157 2525 1179 2545 et
1200 2521 1310 2547 addunt
1330 2523 1401 2547 Edita.
1425 2524 1493 2545 1-7.
1514 2524 1537 2547 9.
1561 2525 1598 2546 12
