<?xml version="1.0" encoding="UTF-8"?>
<!DOCTYPE html PUBLIC "-//W3C//DTD XHTML 1.0 Transitional//EN"
    "http://www.w3.org/TR/xhtml1/DTD/xhtml1-transitional.dtd">
<html xmlns="http://www.w3.org/1999/xhtml" xml:lang="en" lang="en">
 <head>
  <title>
</title>
<meta http-equiv="Content-Type" content="text/html;charset=utf-8" />
  <meta name='ocr-system' content='tesseract 3.04.00' />
  <meta name='ocr-capabilities' content='ocr_page ocr_carea ocr_par ocr_line ocrx_word'/>
</head>
<body>
  <div class='ocr_page' id='page_1' title='image "./operaquaesupersu21melauoft_0322.png"; bbox 0 0 2358 2933; ppageno 0'>
   <div class='ocr_carea' id='block_1_1' title="bbox 239 123 302 154">
    <p class='ocr_par' dir='ltr' id='par_1_1' title="bbox 239 123 302 154">
     <span class='ocr_line' id='line_1_1' title="bbox 239 123 302 154; baseline -0.032 0"><span class='ocrx_word' id='word_1_1' title='bbox 239 123 302 154; x_wconf 68' lang='lat'>613</span> 
     </span>
    </p>
   </div>
   <div class='ocr_carea' id='block_1_2' title="bbox 869 95 1608 154">
    <p class='ocr_par' dir='ltr' id='par_1_2' title="bbox 869 95 1608 154">
     <span class='ocr_line' id='line_1_2' title="bbox 869 95 1608 154; baseline -0.001 -1"><span class='ocrx_word' id='word_1_2' title='bbox 869 123 978 154; x_wconf 66' lang='lat' dir='ltr'>Ptin..</span> <span class='ocrx_word' id='word_1_3' title='bbox 1001 122 1103 153; x_wconf 77' lang='lat' dir='ltr'>MEL.</span> <span class='ocrx_word' id='word_1_4' title='bbox 1127 121 1311 153; x_wconf 75' lang='lat' dir='ltr'><strong>SCRIPTA</strong></span> <span class='ocrx_word' id='word_1_5' title='bbox 1334 95 1608 153; x_wconf 73' lang='lat' dir='ltr'>DtiGMA&#39;ricA.</span> 
     </span>
    </p>
   </div>
   <div class='ocr_carea' id='block_1_3' title="bbox 2171 125 2236 157">
    <p class='ocr_par' dir='ltr' id='par_1_3' title="bbox 2171 125 2236 157">
     <span class='ocr_line' id='line_1_3' title="bbox 2171 125 2236 157; baseline 0 0"><span class='ocrx_word' id='word_1_6' title='bbox 2171 125 2236 157; x_wconf 83' lang='lat'>616</span> 
     </span>
    </p>
   </div>
   <div class='ocr_carea' id='block_1_4' title="bbox 244 213 2235 260">
    <p class='ocr_par' dir='ltr' id='par_1_4' title="bbox 244 213 2235 260">
     <span class='ocr_line' id='line_1_4' title="bbox 244 213 2235 260; baseline 0.001 -13"><span class='ocrx_word' id='word_1_7' title='bbox 244 226 342 247; x_wconf 81' lang='lat' dir='ltr'>cesse</span> <span class='ocrx_word' id='word_1_8' title='bbox 366 222 433 247; x_wconf 78' lang='grc'><strong>851.</strong></span> <span class='ocrx_word' id='word_1_9' title='bbox 464 217 555 256; x_wconf 86' lang='lat' dir='ltr'>quia.</span> <span class='ocrx_word' id='word_1_10' title='bbox 579 223 611 245; x_wconf 92' lang='grc'>111</span> <span class='ocrx_word' id='word_1_11' title='bbox 636 216 730 245; x_wconf 83' lang='grc'><strong>101185</strong></span> <span class='ocrx_word' id='word_1_12' title='bbox 755 216 816 245; x_wconf 88' lang='lat' dir='ltr'>iam</span> <span class='ocrx_word' id='word_1_13' title='bbox 841 215 961 245; x_wconf 88' lang='lat' dir='ltr'>dictum</span> <span class='ocrx_word' id='word_1_14' title='bbox 986 221 1053 245; x_wconf 84' lang='lat' dir='ltr'>est.</span> <span class='ocrx_word' id='word_1_15' title='bbox 1084 215 1124 245; x_wconf 91' lang='lat' dir='ltr'>de</span> <span class='ocrx_word' id='word_1_16' title='bbox 1146 214 1220 246; x_wconf 89' lang='lat' dir='ltr'>Deo</span> <span class='ocrx_word' id='word_1_17' title='bbox 1241 217 1245 260; x_wconf 84' lang='grc'>1</span> <span class='ocrx_word' id='word_1_18' title='bbox 1264 215 1407 245; x_wconf 84' lang='lat' dir='ltr'>secunda</span> <span class='ocrx_word' id='word_1_19' title='bbox 1431 224 1574 255; x_wconf 82' lang='lat' dir='ltr'>persona</span> <span class='ocrx_word' id='word_1_20' title='bbox 1598 213 1699 245; x_wconf 89' lang='lat' dir='ltr'>Filius</span> <span class='ocrx_word' id='word_1_21' title='bbox 1722 215 1856 252; x_wconf 74' lang='grc'><strong>(11011111,</strong></span> <span class='ocrx_word' id='word_1_22' title='bbox 1889 216 1964 257; x_wconf 86' lang='lat' dir='ltr'>quia</span> <span class='ocrx_word' id='word_1_23' title='bbox 1988 217 2028 247; x_wconf 87' lang='lat' dir='ltr'>de</span> <span class='ocrx_word' id='word_1_24' title='bbox 2051 217 2235 249; x_wconf 80' lang='lat' dir='ltr'>substantia</span> 
     </span>
    </p>
   </div>
   <div class='ocr_carea' id='block_1_5' title="bbox 243 256 1221 802">
    <p class='ocr_par' dir='ltr' id='par_1_5' title="bbox 243 256 1221 802">
     <span class='ocr_line' id='line_1_5' title="bbox 245 256 1221 299; baseline 0 -11"><span class='ocrx_word' id='word_1_25' title='bbox 245 259 449 288; x_wconf 84' lang='lat' dir='ltr'>sentiendum</span> <span class='ocrx_word' id='word_1_26' title='bbox 479 266 546 288; x_wconf 90' lang='lat' dir='ltr'>cst.</span> <span class='ocrx_word' id='word_1_27' title='bbox 575 259 657 287; x_wconf 84' lang='lat' dir='ltr'>sicut</span> <span class='ocrx_word' id='word_1_28' title='bbox 688 268 724 287; x_wconf 87' lang='lat' dir='ltr'>se</span> <span class='ocrx_word' id='word_1_29' title='bbox 753 256 917 297; x_wconf 70' lang='lat' dir='ltr'>patefecit.</span> <span class='ocrx_word' id='word_1_30' title='bbox 966 256 1092 287; x_wconf 73' lang='lat' dir='ltr'>Ethnici</span> <span class='ocrx_word' id='word_1_31' title='bbox 1123 267 1221 299; x_wconf 82' lang='lat' dir='ltr'>vaga-</span> 
     </span>
     <span class='ocr_line' id='line_1_6' title="bbox 245 298 1221 339; baseline -0.002 -9"><span class='ocrx_word' id='word_1_32' title='bbox 245 302 364 330; x_wconf 86' lang='lat' dir='ltr'>bantur</span> <span class='ocrx_word' id='word_1_33' title='bbox 393 301 509 329; x_wconf 86' lang='lat' dir='ltr'>animis</span> <span class='ocrx_word' id='word_1_34' title='bbox 540 306 736 339; x_wconf 85' lang='lat' dir='ltr'>quaerentes</span> <span class='ocrx_word' id='word_1_35' title='bbox 763 298 865 329; x_wconf 83' lang='lat' dir='ltr'>Deum</span> <span class='ocrx_word' id='word_1_36' title='bbox 897 300 965 329; x_wconf 86' lang='lat' dir='ltr'>suis</span> <span class='ocrx_word' id='word_1_37' title='bbox 989 298 1221 339; x_wconf 83' lang='lat' dir='ltr'>speculationi-</span> 
     </span>
     <span class='ocr_line' id='line_1_7' title="bbox 245 340 1221 383; baseline -0.002 -10"><span class='ocrx_word' id='word_1_38' title='bbox 245 344 325 373; x_wconf 91' lang='lat' dir='ltr'>bus:</span> <span class='ocrx_word' id='word_1_39' title='bbox 364 340 565 371; x_wconf 57' lang='grc' dir='ltr'><strong>,111ἶο018510</strong></span> <span class='ocrx_word' id='word_1_40' title='bbox 585 342 735 383; x_wconf 80' lang='lat' dir='ltr'>agnoscit</span> <span class='ocrx_word' id='word_1_41' title='bbox 750 341 856 372; x_wconf 82' lang='lat' dir='ltr'>Deum</span> <span class='ocrx_word' id='word_1_42' title='bbox 876 348 1041 371; x_wconf 81' lang='lat' dir='ltr'>aeternum</span> <span class='ocrx_word' id='word_1_43' title='bbox 1066 348 1096 371; x_wconf 90' lang='lat' dir='ltr'>et</span> <span class='ocrx_word' id='word_1_44' title='bbox 1121 342 1221 371; x_wconf 88' lang='lat' dir='ltr'>onmi-</span> 
     </span>
     <span class='ocr_line' id='line_1_8' title="bbox 243 382 1221 425; baseline 0 -12"><span class='ocrx_word' id='word_1_45' title='bbox 243 391 411 425; x_wconf 83' lang='lat' dir='ltr'>potcntem</span> <span class='ocrx_word' id='word_1_46' title='bbox 441 384 643 413; x_wconf 88' lang='lat' dir='ltr'>conditorem</span> <span class='ocrx_word' id='word_1_47' title='bbox 671 383 787 414; x_wconf 84' lang='lat' dir='ltr'>talem.</span> <span class='ocrx_word' id='word_1_48' title='bbox 818 384 901 413; x_wconf 91' lang='lat' dir='ltr'>sicut</span> <span class='ocrx_word' id='word_1_49' title='bbox 926 394 962 413; x_wconf 87' lang='lat' dir='ltr'>se</span> <span class='ocrx_word' id='word_1_50' title='bbox 986 382 1159 422; x_wconf 84' lang='lat' dir='ltr'>patefecit:</span> <span class='ocrx_word' id='word_1_51' title='bbox 1190 389 1221 413; x_wconf 96' lang='lat' dir='ltr'>et</span> 
     </span>
     <span class='ocr_line' id='line_1_9' title="bbox 244 425 1219 467; baseline 0 -12"><span class='ocrx_word' id='word_1_52' title='bbox 244 436 430 467; x_wconf 78' lang='lat' dir='ltr'>quanquam</span> <span class='ocrx_word' id='word_1_53' title='bbox 462 425 542 455; x_wconf 92' lang='lat' dir='ltr'>haec</span> <span class='ocrx_word' id='word_1_54' title='bbox 576 436 697 456; x_wconf 86' lang='lat' dir='ltr'>arcana</span> <span class='ocrx_word' id='word_1_55' title='bbox 732 436 796 455; x_wconf 92' lang='lat' dir='ltr'>non</span> <span class='ocrx_word' id='word_1_56' title='bbox 830 426 958 465; x_wconf 87' lang='lat' dir='ltr'>penitus</span> <span class='ocrx_word' id='word_1_57' title='bbox 989 426 1219 466; x_wconf 70' lang='lat' dir='ltr'>perspicimus.</span> 
     </span>
     <span class='ocr_line' id='line_1_10' title="bbox 244 466 1221 508; baseline -0.002 -10"><span class='ocrx_word' id='word_1_58' title='bbox 244 476 351 498; x_wconf 87' lang='lat' dir='ltr'>tamen</span> <span class='ocrx_word' id='word_1_59' title='bbox 377 468 406 497; x_wconf 92' lang='lat' dir='ltr'>in</span> <span class='ocrx_word' id='word_1_60' title='bbox 431 467 493 497; x_wconf 91' lang='lat' dir='ltr'>hac</span> <span class='ocrx_word' id='word_1_61' title='bbox 518 468 583 498; x_wconf 83' lang='lat' dir='ltr'>vita</span> <span class='ocrx_word' id='word_1_62' title='bbox 598 467 690 498; x_wconf 85' lang='lat' dir='ltr'>Deus</span> <span class='ocrx_word' id='word_1_63' title='bbox 712 466 856 497; x_wconf 88' lang='lat' dir='ltr'>inchoari</span> <span class='ocrx_word' id='word_1_64' title='bbox 881 467 949 498; x_wconf 91' lang='lat' dir='ltr'>vult</span> <span class='ocrx_word' id='word_1_65' title='bbox 973 467 1059 497; x_wconf 89' lang='lat' dir='ltr'>hanc</span> <span class='ocrx_word' id='word_1_66' title='bbox 1084 468 1221 508; x_wconf 84' lang='lat' dir='ltr'>agnitio-</span> 
     </span>
     <span class='ocr_line' id='line_1_11' title="bbox 244 508 1219 546; baseline -0.002 -6"><span class='ocrx_word' id='word_1_67' title='bbox 244 521 316 540; x_wconf 87' lang='lat' dir='ltr'>nem</span> <span class='ocrx_word' id='word_1_68' title='bbox 342 517 371 539; x_wconf 91' lang='lat' dir='ltr'>et</span> <span class='ocrx_word' id='word_1_69' title='bbox 397 511 636 540; x_wconf 86' lang='lat' dir='ltr'>invocationem</span> <span class='ocrx_word' id='word_1_70' title='bbox 653 511 699 546; x_wconf 67' lang='lat'>⁸7)</span> <span class='ocrx_word' id='word_1_71' title='bbox 728 516 873 539; x_wconf 87' lang='lat' dir='ltr'>nostram</span> <span class='ocrx_word' id='word_1_72' title='bbox 904 520 922 539; x_wconf 87' lang='lat' dir='ltr'>a</span> <span class='ocrx_word' id='word_1_73' title='bbox 952 508 1035 540; x_wconf 81' lang='lat' dir='ltr'>salsa</span> <span class='ocrx_word' id='word_1_74' title='bbox 1066 510 1219 546; x_wconf 72' lang='lat' dir='ltr'>discerni,</span> 
     </span>
     <span class='ocr_line' id='line_1_12' title="bbox 244 550 1220 592; baseline -0.001 -9"><span class='ocrx_word' id='word_1_75' title='bbox 244 560 272 583; x_wconf 85' lang='lat' dir='ltr'>et</span> <span class='ocrx_word' id='word_1_76' title='bbox 300 550 534 582; x_wconf 67' lang='lat' dir='ltr'>revelationem</span> <span class='ocrx_word' id='word_1_77' title='bbox 559 552 657 581; x_wconf 86' lang='lat' dir='ltr'>certis</span> <span class='ocrx_word' id='word_1_78' title='bbox 681 552 875 582; x_wconf 68' lang='lat' dir='ltr'>testimoniis</span> <span class='ocrx_word' id='word_1_79' title='bbox 895 552 926 581; x_wconf 94' lang='lat' dir='ltr'>in</span> <span class='ocrx_word' id='word_1_80' title='bbox 946 552 1048 582; x_wconf 88' lang='lat' dir='ltr'>verbo</span> <span class='ocrx_word' id='word_1_81' title='bbox 1067 561 1128 582; x_wconf 86' lang='lat' dir='ltr'>suo</span> <span class='ocrx_word' id='word_1_82' title='bbox 1147 562 1220 592; x_wconf 89' lang='lat' dir='ltr'>pro-</span> 
     </span>
     <span class='ocr_line' id='line_1_13' title="bbox 243 592 1220 635; baseline 0.001 -12"><span class='ocrx_word' id='word_1_83' title='bbox 243 595 370 635; x_wconf 80' lang='lat' dir='ltr'>posuit.</span> <span class='ocrx_word' id='word_1_84' title='bbox 401 594 432 623; x_wconf 91' lang='lat' dir='ltr'>in</span> <span class='ocrx_word' id='word_1_85' title='bbox 457 604 538 634; x_wconf 90' lang='lat' dir='ltr'>quo.</span> <span class='ocrx_word' id='word_1_86' title='bbox 569 604 627 625; x_wconf 86' lang='lat' dir='ltr'>ceu</span> <span class='ocrx_word' id='word_1_87' title='bbox 656 592 765 625; x_wconf 67' lang='grc'><strong>11101115</strong></span> <span class='ocrx_word' id='word_1_88' title='bbox 793 595 824 624; x_wconf 91' lang='grc'>111</span> <span class='ocrx_word' id='word_1_89' title='bbox 848 592 924 624; x_wconf 82' lang='lat' dir='ltr'>alvo</span> <span class='ocrx_word' id='word_1_90' title='bbox 947 600 1096 624; x_wconf 88' lang='lat' dir='ltr'>materno</span> <span class='ocrx_word' id='word_1_91' title='bbox 1120 593 1220 624; x_wconf 84' lang='lat' dir='ltr'>nutri-</span> 
     </span>
     <span class='ocr_line' id='line_1_14' title="bbox 243 635 1219 676; baseline -0.002 -10"><span class='ocrx_word' id='word_1_92' title='bbox 243 644 383 667; x_wconf 86' lang='lat' dir='ltr'>mentum</span> <span class='ocrx_word' id='word_1_93' title='bbox 420 635 588 666; x_wconf 80' lang='lat' dir='ltr'>attrahens</span> <span class='ocrx_word' id='word_1_94' title='bbox 620 635 774 666; x_wconf 86' lang='lat' dir='ltr'>umbilico</span> <span class='ocrx_word' id='word_1_95' title='bbox 804 643 833 665; x_wconf 90' lang='lat' dir='ltr'>et</span> <span class='ocrx_word' id='word_1_96' title='bbox 858 635 1128 676; x_wconf 54' lang='lat' dir='ltr'>cotvledonibus.</span> <span class='ocrx_word' id='word_1_97' title='bbox 1158 646 1219 665; x_wconf 86' lang='lat' dir='ltr'>nos</span> 
     </span>
     <span class='ocr_line' id='line_1_15' title="bbox 244 677 1219 720; baseline -0.003 -11"><span class='ocrx_word' id='word_1_98' title='bbox 244 688 373 720; x_wconf 77' lang='lat' dir='ltr'>quoque</span> <span class='ocrx_word' id='word_1_99' title='bbox 398 679 550 708; x_wconf 76' lang='lat' dir='ltr'>sedemus</span> <span class='ocrx_word' id='word_1_100' title='bbox 580 677 697 708; x_wconf 88' lang='lat' dir='ltr'>inclusi</span> <span class='ocrx_word' id='word_1_101' title='bbox 729 686 758 708; x_wconf 91' lang='lat' dir='ltr'>et</span> <span class='ocrx_word' id='word_1_102' title='bbox 794 677 987 708; x_wconf 88' lang='lat' dir='ltr'>attrahimus</span> <span class='ocrx_word' id='word_1_103' title='bbox 1021 678 1219 718; x_wconf 76' lang='lat' dir='ltr'>agnitionem</span> 
     </span>
     <span class='ocr_line' id='line_1_16' title="bbox 244 719 1219 757; baseline -0.002 -6"><span class='ocrx_word' id='word_1_104' title='bbox 244 721 304 751; x_wconf 85' lang='lat' dir='ltr'>Dei</span> <span class='ocrx_word' id='word_1_105' title='bbox 340 727 371 751; x_wconf 91' lang='lat' dir='ltr'>et</span> <span class='ocrx_word' id='word_1_106' title='bbox 406 721 504 750; x_wconf 81' lang='lat' dir='ltr'>vitam</span> <span class='ocrx_word' id='word_1_107' title='bbox 533 730 573 751; x_wconf 80' lang='lat' dir='ltr'>ex</span> <span class='ocrx_word' id='word_1_108' title='bbox 603 721 704 751; x_wconf 84' lang='lat' dir='ltr'>verbo</span> <span class='ocrx_word' id='word_1_109' title='bbox 734 719 812 757; x_wconf 81' lang='lat' dir='ltr'>Dei.</span> <span class='ocrx_word' id='word_1_110' title='bbox 846 727 880 750; x_wconf 90' lang='lat' dir='ltr'>ut</span> <span class='ocrx_word' id='word_1_111' title='bbox 911 729 983 750; x_wconf 87' lang='lat' dir='ltr'>eum</span> <span class='ocrx_word' id='word_1_112' title='bbox 1018 721 1219 756; x_wconf 72' lang='lat' dir='ltr'>invocemus,</span> 
     </span>
     <span class='ocr_line' id='line_1_17' title="bbox 244 761 576 802; baseline -0.003 -10"><span class='ocrx_word' id='word_1_113' title='bbox 244 764 327 794; x_wconf 91' lang='grc'><strong>510111</strong></span> <span class='ocrx_word' id='word_1_114' title='bbox 353 773 390 793; x_wconf 89' lang='grc'>58</span> <span class='ocrx_word' id='word_1_115' title='bbox 413 761 576 802; x_wconf 81' lang='lat' dir='ltr'>patefecit.</span> 
     </span>
    </p>
   </div>
   <div class='ocr_carea' id='block_1_6' title="bbox 626 853 838 884">
    <p class='ocr_par' dir='ltr' id='par_1_6' title="bbox 626 853 838 884">
     <span class='ocr_line' id='line_1_18' title="bbox 626 853 838 884; baseline -0.005 0"><span class='ocrx_word' id='word_1_116' title='bbox 626 853 684 884; x_wconf 88' lang='lat' dir='ltr'>DE</span> <span class='ocrx_word' id='word_1_117' title='bbox 715 853 838 883; x_wconf 77' lang='lat' dir='ltr'>FttJo.</span> 
     </span>
    </p>
   </div>
   <div class='ocr_carea' id='block_1_7' title="bbox 244 927 1222 2369">
    <p class='ocr_par' dir='ltr' id='par_1_7' title="bbox 244 927 1222 1392">
     <span class='ocr_line' id='line_1_19' title="bbox 331 927 1219 965; baseline -0.002 -6"><span class='ocrx_word' id='word_1_118' title='bbox 331 930 387 960; x_wconf 86' lang='lat' dir='ltr'>Sic</span> <span class='ocrx_word' id='word_1_119' title='bbox 413 937 520 960; x_wconf 86' lang='lat' dir='ltr'>autem</span> <span class='ocrx_word' id='word_1_120' title='bbox 545 930 741 960; x_wconf 87' lang='lat' dir='ltr'>describitur</span> <span class='ocrx_word' id='word_1_121' title='bbox 763 929 875 960; x_wconf 87' lang='lat' dir='ltr'>Filius.</span> <span class='ocrx_word' id='word_1_122' title='bbox 921 929 1010 959; x_wconf 81' lang='lat' dir='ltr'>Ioan.</span> <span class='ocrx_word' id='word_1_123' title='bbox 1036 928 1063 958; x_wconf 93' lang='lat' dir='ltr'>l.</span> <span class='ocrx_word' id='word_1_124' title='bbox 1090 932 1152 965; x_wconf 81' lang='lat' dir='ltr'>[vs.</span> <span class='ocrx_word' id='word_1_125' title='bbox 1178 927 1219 965; x_wconf 91' lang='grc'>1.1</span> 
     </span>
     <span class='ocr_line' id='line_1_20' title="bbox 244 969 1219 1012; baseline -0.003 -9"><span class='ocrx_word' id='word_1_126' title='bbox 244 973 429 1003; x_wconf 86' lang='lat' dir='ltr'>nominatur</span> <span class='ocrx_word' id='word_1_127' title='bbox 460 974 553 1010; x_wconf 55' lang='grc' dir='ltr'><em>λόγος.</em></span> <span class='ocrx_word' id='word_1_128' title='bbox 607 972 638 1002; x_wconf 90' lang='grc'>111</span> <span class='ocrx_word' id='word_1_129' title='bbox 671 971 819 1012; x_wconf 84' lang='lat' dir='ltr'>Epistola</span> <span class='ocrx_word' id='word_1_130' title='bbox 851 972 890 1002; x_wconf 91' lang='lat' dir='ltr'>ad</span> <span class='ocrx_word' id='word_1_131' title='bbox 923 970 1057 1001; x_wconf 80' lang='lat' dir='ltr'>Coloss.</span> <span class='ocrx_word' id='word_1_132' title='bbox 1089 971 1132 1007; x_wconf 76' lang='grc'>11,</span> <span class='ocrx_word' id='word_1_133' title='bbox 1157 969 1219 1007; x_wconf 86' lang='grc'><strong>15.1</strong></span> 
     </span>
     <span class='ocr_line' id='line_1_21' title="bbox 244 1012 1219 1055; baseline -0.004 -10"><span class='ocrx_word' id='word_1_134' title='bbox 244 1016 430 1045; x_wconf 91' lang='lat' dir='ltr'>nominatur</span> <span class='ocrx_word' id='word_1_135' title='bbox 452 1015 560 1055; x_wconf 81' lang='lat' dir='ltr'>imago</span> <span class='ocrx_word' id='word_1_136' title='bbox 583 1014 656 1045; x_wconf 85' lang='lat' dir='ltr'>Dei.</span> <span class='ocrx_word' id='word_1_137' title='bbox 691 1014 724 1043; x_wconf 93' lang='lat' dir='ltr'>ln</span> <span class='ocrx_word' id='word_1_138' title='bbox 742 1013 845 1054; x_wconf 76' lang='lat' dir='ltr'>Epist.</span> <span class='ocrx_word' id='word_1_139' title='bbox 868 1015 910 1044; x_wconf 92' lang='lat' dir='ltr'>ad</span> <span class='ocrx_word' id='word_1_140' title='bbox 923 1013 1094 1043; x_wconf 84' lang='lat' dir='ltr'>Hebraeos</span> <span class='ocrx_word' id='word_1_141' title='bbox 1119 1013 1163 1052; x_wconf 71' lang='lat' dir='ltr'>[l.</span> <span class='ocrx_word' id='word_1_142' title='bbox 1177 1012 1219 1049; x_wconf 66' lang='grc'>71</span> 
     </span>
     <span class='ocr_line' id='line_1_22' title="bbox 247 1054 1220 1097; baseline -0.004 -10"><span class='ocrx_word' id='word_1_143' title='bbox 247 1064 384 1087; x_wconf 85' lang='lat' dir='ltr'>vocatur</span> <span class='ocrx_word' id='word_1_144' title='bbox 407 1056 564 1096; x_wconf 74' lang='lat' dir='ltr'>splendor</span> <span class='ocrx_word' id='word_1_145' title='bbox 587 1055 723 1097; x_wconf 86' lang='lat' dir='ltr'>gloriae.</span> <span class='ocrx_word' id='word_1_146' title='bbox 747 1057 777 1086; x_wconf 92' lang='lat' dir='ltr'>id</span> <span class='ocrx_word' id='word_1_147' title='bbox 801 1063 862 1088; x_wconf 87' lang='lat' dir='ltr'>est.</span> <span class='ocrx_word' id='word_1_148' title='bbox 887 1054 1014 1097; x_wconf 81' lang='lat' dir='ltr'>efligies</span> <span class='ocrx_word' id='word_1_149' title='bbox 1035 1066 1094 1085; x_wconf 88' lang='lat' dir='ltr'>sen</span> <span class='ocrx_word' id='word_1_150' title='bbox 1112 1056 1220 1095; x_wconf 79' lang='lat' dir='ltr'>imago</span> 
     </span>
     <span class='ocr_line' id='line_1_23' title="bbox 246 1098 1221 1139; baseline -0.003 -10"><span class='ocrx_word' id='word_1_151' title='bbox 246 1100 450 1130; x_wconf 85' lang='lat' dir='ltr'>substantiae</span> <span class='ocrx_word' id='word_1_152' title='bbox 474 1099 600 1130; x_wconf 80' lang='lat' dir='ltr'>Patris:</span> <span class='ocrx_word' id='word_1_153' title='bbox 631 1109 670 1129; x_wconf 87' lang='lat' dir='ltr'>ac</span> <span class='ocrx_word' id='word_1_154' title='bbox 699 1098 787 1139; x_wconf 91' lang='lat' dir='ltr'>loqui</span> <span class='ocrx_word' id='word_1_155' title='bbox 818 1104 939 1129; x_wconf 77' lang='lat' dir='ltr'>textum</span> <span class='ocrx_word' id='word_1_156' title='bbox 968 1098 1008 1127; x_wconf 91' lang='lat' dir='ltr'>de</span> <span class='ocrx_word' id='word_1_157' title='bbox 1037 1104 1153 1128; x_wconf 91' lang='lat' dir='ltr'>natura</span> <span class='ocrx_word' id='word_1_158' title='bbox 1177 1098 1221 1126; x_wconf 92' lang='grc'><strong>(11-</strong></span> 
     </span>
     <span class='ocr_line' id='line_1_24' title="bbox 246 1140 1222 1181; baseline -0.003 -9"><span class='ocrx_word' id='word_1_159' title='bbox 246 1143 321 1172; x_wconf 87' lang='lat' dir='ltr'>vina</span> <span class='ocrx_word' id='word_1_160' title='bbox 345 1140 416 1171; x_wconf 81' lang='lat' dir='ltr'>Filii</span> <span class='ocrx_word' id='word_1_161' title='bbox 440 1140 647 1172; x_wconf 77' lang='lat' dir='ltr'>manifestum</span> <span class='ocrx_word' id='word_1_162' title='bbox 672 1148 740 1177; x_wconf 72' lang='lat' dir='ltr'>est.</span> <span class='ocrx_word' id='word_1_163' title='bbox 770 1142 843 1181; x_wconf 89' lang='lat' dir='ltr'>quia</span> <span class='ocrx_word' id='word_1_164' title='bbox 873 1141 993 1181; x_wconf 68' lang='lat' dir='ltr'>inquit,</span> <span class='ocrx_word' id='word_1_165' title='bbox 1025 1140 1139 1170; x_wconf 82' lang='lat' dir='ltr'>Omnia</span> <span class='ocrx_word' id='word_1_166' title='bbox 1163 1149 1222 1179; x_wconf 89' lang='lat' dir='ltr'>per</span> 
     </span>
     <span class='ocr_line' id='line_1_25' title="bbox 246 1182 1221 1224; baseline -0.004 -9"><span class='ocrx_word' id='word_1_167' title='bbox 246 1195 318 1215; x_wconf 89' lang='lat' dir='ltr'>eum</span> <span class='ocrx_word' id='word_1_168' title='bbox 344 1185 475 1214; x_wconf 86' lang='lat' dir='ltr'>condita</span> <span class='ocrx_word' id='word_1_169' title='bbox 499 1194 584 1214; x_wconf 88' lang='lat' dir='ltr'>esse.</span> <span class='ocrx_word' id='word_1_170' title='bbox 631 1183 664 1213; x_wconf 93' lang='lat' dir='ltr'>ln</span> <span class='ocrx_word' id='word_1_171' title='bbox 689 1183 847 1224; x_wconf 65' lang='lat' dir='ltr'>Symbolo</span> <span class='ocrx_word' id='word_1_172' title='bbox 873 1183 1005 1213; x_wconf 87' lang='lat' dir='ltr'>dicitur:</span> <span class='ocrx_word' id='word_1_173' title='bbox 1034 1182 1157 1213; x_wconf 82' lang='lat' dir='ltr'>Lumen</span> <span class='ocrx_word' id='word_1_174' title='bbox 1181 1182 1221 1211; x_wconf 88' lang='lat' dir='ltr'>de</span> 
     </span>
     <span class='ocr_line' id='line_1_26' title="bbox 245 1223 1220 1266; baseline -0.005 -8"><span class='ocrx_word' id='word_1_175' title='bbox 245 1226 376 1258; x_wconf 89' lang='lat' dir='ltr'>lumine.</span> <span class='ocrx_word' id='word_1_176' title='bbox 412 1226 532 1256; x_wconf 87' lang='lat' dir='ltr'>Harum</span> <span class='ocrx_word' id='word_1_177' title='bbox 557 1224 811 1266; x_wconf 79' lang='lat' dir='ltr'>appellationum</span> <span class='ocrx_word' id='word_1_178' title='bbox 833 1224 965 1255; x_wconf 87' lang='lat' dir='ltr'>collatio</span> <span class='ocrx_word' id='word_1_179' title='bbox 985 1223 1130 1255; x_wconf 89' lang='lat' dir='ltr'>declarat</span> <span class='ocrx_word' id='word_1_180' title='bbox 1152 1233 1220 1254; x_wconf 91' lang='lat' dir='ltr'>eas.</span> 
     </span>
     <span class='ocr_line' id='line_1_27' title="bbox 246 1267 1222 1309; baseline -0.003 -10"><span class='ocrx_word' id='word_1_181' title='bbox 246 1268 348 1299; x_wconf 84' lang='lat' dir='ltr'>Filius</span> <span class='ocrx_word' id='word_1_182' title='bbox 372 1269 490 1299; x_wconf 88' lang='lat' dir='ltr'>dicitur</span> <span class='ocrx_word' id='word_1_183' title='bbox 512 1269 619 1309; x_wconf 80' lang='lat' dir='ltr'>imago</span> <span class='ocrx_word' id='word_1_184' title='bbox 643 1275 671 1297; x_wconf 91' lang='lat' dir='ltr'>et</span> <span class='ocrx_word' id='word_1_185' title='bbox 697 1269 790 1306; x_wconf 60' lang='grc' dir='ltr'><strong><em>λόγος.</em></strong></span> <span class='ocrx_word' id='word_1_186' title='bbox 830 1267 889 1297; x_wconf 80' lang='lat' dir='ltr'>Est</span> <span class='ocrx_word' id='word_1_187' title='bbox 912 1267 1012 1307; x_wconf 86' lang='lat' dir='ltr'>igitur</span> <span class='ocrx_word' id='word_1_188' title='bbox 1034 1267 1142 1308; x_wconf 80' lang='lat' dir='ltr'>imago</span> <span class='ocrx_word' id='word_1_189' title='bbox 1168 1276 1222 1296; x_wconf 90' lang='grc' dir='ltr'>οο-</span> 
     </span>
     <span class='ocr_line' id='line_1_28' title="bbox 246 1308 1221 1353; baseline -0.003 -12"><span class='ocrx_word' id='word_1_190' title='bbox 246 1312 402 1353; x_wconf 81' lang='lat' dir='ltr'>gitatione</span> <span class='ocrx_word' id='word_1_191' title='bbox 426 1310 532 1340; x_wconf 81' lang='lat' dir='ltr'>Patris</span> <span class='ocrx_word' id='word_1_192' title='bbox 557 1311 681 1351; x_wconf 82' lang='lat' dir='ltr'>genita.</span> <span class='ocrx_word' id='word_1_193' title='bbox 712 1310 798 1351; x_wconf 89' lang='lat' dir='ltr'>quod</span> <span class='ocrx_word' id='word_1_194' title='bbox 822 1316 855 1339; x_wconf 93' lang='lat' dir='ltr'>ut</span> <span class='ocrx_word' id='word_1_195' title='bbox 887 1308 996 1350; x_wconf 87' lang='lat' dir='ltr'>aliquo</span> <span class='ocrx_word' id='word_1_196' title='bbox 1024 1310 1121 1339; x_wconf 92' lang='lat' dir='ltr'>modo</span> <span class='ocrx_word' id='word_1_197' title='bbox 1145 1319 1221 1339; x_wconf 88' lang='grc'><strong>0011-</strong></span> 
     </span>
     <span class='ocr_line' id='line_1_29' title="bbox 245 1350 1220 1392; baseline -0.004 -8"><span class='ocrx_word' id='word_1_198' title='bbox 245 1354 383 1384; x_wconf 84' lang='lat' dir='ltr'>siderari</span> <span class='ocrx_word' id='word_1_199' title='bbox 407 1354 528 1392; x_wconf 84' lang='lat' dir='ltr'>possit.</span> <span class='ocrx_word' id='word_1_200' title='bbox 560 1364 578 1383; x_wconf 91' lang='lat' dir='ltr'>a</span> <span class='ocrx_word' id='word_1_201' title='bbox 602 1360 717 1383; x_wconf 86' lang='lat' dir='ltr'>nostra</span> <span class='ocrx_word' id='word_1_202' title='bbox 739 1359 846 1382; x_wconf 81' lang='lat' dir='ltr'>mente</span> <span class='ocrx_word' id='word_1_203' title='bbox 870 1350 1017 1391; x_wconf 79' lang='lat' dir='ltr'>exempla</span> <span class='ocrx_word' id='word_1_204' title='bbox 1043 1352 1220 1391; x_wconf 84' lang='lat' dir='ltr'>capiamus.</span> 
     </span>
    </p>

    <p class='ocr_par' dir='ltr' id='par_1_8' title="bbox 244 1394 1221 1858">
     <span class='ocr_line' id='line_1_30' title="bbox 332 1394 1220 1434; baseline -0.003 -9"><span class='ocrx_word' id='word_1_205' title='bbox 332 1394 443 1425; x_wconf 85' lang='lat' dir='ltr'>Voluit</span> <span class='ocrx_word' id='word_1_206' title='bbox 474 1397 557 1425; x_wconf 89' lang='lat' dir='ltr'>enim</span> <span class='ocrx_word' id='word_1_207' title='bbox 582 1394 674 1425; x_wconf 85' lang='lat' dir='ltr'>Deus</span> <span class='ocrx_word' id='word_1_208' title='bbox 703 1396 734 1424; x_wconf 93' lang='lat' dir='ltr'>in</span> <span class='ocrx_word' id='word_1_209' title='bbox 759 1394 889 1424; x_wconf 90' lang='lat' dir='ltr'>homine</span> <span class='ocrx_word' id='word_1_210' title='bbox 913 1394 1060 1433; x_wconf 86' lang='lat' dir='ltr'>conspici</span> <span class='ocrx_word' id='word_1_211' title='bbox 1085 1394 1220 1434; x_wconf 80' lang='lat' dir='ltr'>vestigia</span> 
     </span>
     <span class='ocr_line' id='line_1_31' title="bbox 245 1434 1219 1475; baseline -0.003 -7"><span class='ocrx_word' id='word_1_212' title='bbox 245 1449 318 1475; x_wconf 69' lang='lat' dir='ltr'>sua,</span> <span class='ocrx_word' id='word_1_213' title='bbox 342 1446 372 1468; x_wconf 88' lang='lat' dir='ltr'>et</span> <span class='ocrx_word' id='word_1_214' title='bbox 397 1439 425 1467; x_wconf 92' lang='lat' dir='ltr'>si</span> <span class='ocrx_word' id='word_1_215' title='bbox 449 1437 588 1467; x_wconf 85' lang='lat' dir='ltr'>hominis</span> <span class='ocrx_word' id='word_1_216' title='bbox 612 1445 726 1467; x_wconf 91' lang='lat' dir='ltr'>natura</span> <span class='ocrx_word' id='word_1_217' title='bbox 746 1437 931 1467; x_wconf 76' lang='lat' dir='ltr'>retinuisset</span> <span class='ocrx_word' id='word_1_218' title='bbox 951 1437 1086 1475; x_wconf 87' lang='lat' dir='ltr'>primam</span> <span class='ocrx_word' id='word_1_219' title='bbox 1102 1434 1219 1468; x_wconf 82' lang='lat' dir='ltr'>lucem.</span> 
     </span>
     <span class='ocr_line' id='line_1_32' title="bbox 246 1478 1219 1521; baseline -0.005 -10"><span class='ocrx_word' id='word_1_220' title='bbox 246 1479 417 1521; x_wconf 84' lang='lat' dir='ltr'>speculum</span> <span class='ocrx_word' id='word_1_221' title='bbox 451 1487 540 1510; x_wconf 88' lang='lat' dir='ltr'>esset</span> <span class='ocrx_word' id='word_1_222' title='bbox 573 1480 700 1509; x_wconf 86' lang='lat' dir='ltr'>divinae</span> <span class='ocrx_word' id='word_1_223' title='bbox 729 1486 867 1509; x_wconf 87' lang='lat' dir='ltr'>naturae</span> <span class='ocrx_word' id='word_1_224' title='bbox 898 1478 1003 1508; x_wconf 90' lang='lat' dir='ltr'>minus</span> <span class='ocrx_word' id='word_1_225' title='bbox 1032 1479 1219 1508; x_wconf 84' lang='lat' dir='ltr'>obscurum.</span> 
     </span>
     <span class='ocr_line' id='line_1_33' title="bbox 244 1519 1219 1563; baseline -0.004 -10"><span class='ocrx_word' id='word_1_226' title='bbox 244 1523 340 1554; x_wconf 72' lang='lat' dir='ltr'>Nunc</span> <span class='ocrx_word' id='word_1_227' title='bbox 367 1523 398 1552; x_wconf 89' lang='grc'>111</span> <span class='ocrx_word' id='word_1_228' title='bbox 430 1521 493 1552; x_wconf 82' lang='grc'><strong>11110</strong></span> <span class='ocrx_word' id='word_1_229' title='bbox 523 1520 663 1563; x_wconf 84' lang='lat' dir='ltr'>caligine</span> <span class='ocrx_word' id='word_1_230' title='bbox 686 1528 794 1551; x_wconf 88' lang='lat' dir='ltr'>tamen</span> <span class='ocrx_word' id='word_1_231' title='bbox 819 1519 926 1560; x_wconf 90' lang='lat' dir='ltr'>aliqua</span> <span class='ocrx_word' id='word_1_232' title='bbox 951 1521 1056 1550; x_wconf 89' lang='lat' dir='ltr'>notari</span> <span class='ocrx_word' id='word_1_233' title='bbox 1080 1520 1219 1561; x_wconf 80' lang='lat' dir='ltr'>vestigia</span> 
     </span>
     <span class='ocr_line' id='line_1_34' title="bbox 244 1563 1221 1606; baseline -0.003 -11"><span class='ocrx_word' id='word_1_234' title='bbox 244 1572 395 1606; x_wconf 88' lang='lat' dir='ltr'>possunt.</span> <span class='ocrx_word' id='word_1_235' title='bbox 438 1565 532 1595; x_wconf 75' lang='lat' dir='ltr'>Mens</span> <span class='ocrx_word' id='word_1_236' title='bbox 555 1563 695 1594; x_wconf 87' lang='lat' dir='ltr'>humana</span> <span class='ocrx_word' id='word_1_237' title='bbox 720 1563 897 1604; x_wconf 71' lang='lat' dir='ltr'>cogitando</span> <span class='ocrx_word' id='word_1_238' title='bbox 922 1573 996 1593; x_wconf 83' lang='lat' dir='ltr'>mox</span> <span class='ocrx_word' id='word_1_239' title='bbox 1019 1563 1121 1603; x_wconf 79' lang='lat' dir='ltr'>pingit</span> <span class='ocrx_word' id='word_1_240' title='bbox 1144 1563 1221 1592; x_wconf 90' lang='lat' dir='ltr'>ima-</span> 
     </span>
     <span class='ocr_line' id='line_1_35' title="bbox 246 1603 1220 1649; baseline -0.006 -11"><span class='ocrx_word' id='word_1_241' title='bbox 246 1609 352 1649; x_wconf 84' lang='lat' dir='ltr'>ginem</span> <span class='ocrx_word' id='word_1_242' title='bbox 384 1608 429 1637; x_wconf 89' lang='lat' dir='ltr'>rei</span> <span class='ocrx_word' id='word_1_243' title='bbox 459 1608 641 1648; x_wconf 76' lang='lat' dir='ltr'>cogitatae.</span> <span class='ocrx_word' id='word_1_244' title='bbox 676 1606 734 1636; x_wconf 90' lang='lat' dir='ltr'>sed</span> <span class='ocrx_word' id='word_1_245' title='bbox 769 1615 830 1635; x_wconf 88' lang='lat' dir='ltr'>nos</span> <span class='ocrx_word' id='word_1_246' title='bbox 864 1615 930 1635; x_wconf 90' lang='lat' dir='ltr'>non</span> <span class='ocrx_word' id='word_1_247' title='bbox 964 1603 1220 1635; x_wconf 66' lang='lat' dir='ltr'>transfundimus</span> 
     </span>
     <span class='ocr_line' id='line_1_36' title="bbox 245 1647 1221 1689; baseline -0.004 -9"><span class='ocrx_word' id='word_1_248' title='bbox 245 1655 390 1680; x_wconf 90' lang='lat' dir='ltr'>nostram</span> <span class='ocrx_word' id='word_1_249' title='bbox 415 1650 591 1679; x_wconf 75' lang='lat' dir='ltr'>essentiam</span> <span class='ocrx_word' id='word_1_250' title='bbox 616 1650 646 1678; x_wconf 94' lang='lat' dir='ltr'>in</span> <span class='ocrx_word' id='word_1_251' title='bbox 671 1647 744 1678; x_wconf 90' lang='lat' dir='ltr'>illas</span> <span class='ocrx_word' id='word_1_252' title='bbox 767 1648 942 1689; x_wconf 74' lang='lat' dir='ltr'>imagines,</span> <span class='ocrx_word' id='word_1_253' title='bbox 970 1654 1110 1688; x_wconf 86' lang='lat' dir='ltr'>suntque</span> <span class='ocrx_word' id='word_1_254' title='bbox 1134 1648 1221 1687; x_wconf 85' lang='lat' dir='ltr'>cogi-</span> 
     </span>
     <span class='ocr_line' id='line_1_37' title="bbox 246 1689 1219 1723; baseline -0.004 -1"><span class='ocrx_word' id='word_1_255' title='bbox 246 1693 385 1723; x_wconf 87' lang='lat' dir='ltr'>tationes</span> <span class='ocrx_word' id='word_1_256' title='bbox 409 1690 485 1721; x_wconf 91' lang='lat' dir='ltr'>illae</span> <span class='ocrx_word' id='word_1_257' title='bbox 509 1692 635 1721; x_wconf 87' lang='lat' dir='ltr'>subitae</span> <span class='ocrx_word' id='word_1_258' title='bbox 659 1698 689 1721; x_wconf 89' lang='lat' dir='ltr'>et</span> <span class='ocrx_word' id='word_1_259' title='bbox 714 1696 950 1721; x_wconf 82' lang='lat' dir='ltr'>evanescentes</span> <span class='ocrx_word' id='word_1_260' title='bbox 975 1690 1131 1720; x_wconf 80' lang='lat' dir='ltr'>actiones.</span> <span class='ocrx_word' id='word_1_261' title='bbox 1178 1689 1219 1719; x_wconf 80' lang='lat' dir='ltr'>At</span> 
     </span>
     <span class='ocr_line' id='line_1_38' title="bbox 245 1732 1221 1774; baseline -0.003 -10"><span class='ocrx_word' id='word_1_262' title='bbox 245 1741 339 1774; x_wconf 87' lang='lat' dir='ltr'>pater</span> <span class='ocrx_word' id='word_1_263' title='bbox 361 1741 513 1764; x_wconf 85' lang='lat' dir='ltr'>aeternus</span> <span class='ocrx_word' id='word_1_264' title='bbox 537 1743 613 1763; x_wconf 87' lang='lat' dir='ltr'>sese</span> <span class='ocrx_word' id='word_1_265' title='bbox 632 1734 763 1763; x_wconf 88' lang='lat' dir='ltr'>intuens</span> <span class='ocrx_word' id='word_1_266' title='bbox 784 1733 887 1774; x_wconf 78' lang='lat' dir='ltr'>gignit</span> <span class='ocrx_word' id='word_1_267' title='bbox 909 1733 1140 1773; x_wconf 82' lang='lat' dir='ltr'>cogitationem</span> <span class='ocrx_word' id='word_1_268' title='bbox 1160 1732 1221 1761; x_wconf 87' lang='lat' dir='ltr'>sui.</span> 
     </span>
     <span class='ocr_line' id='line_1_39' title="bbox 246 1775 1221 1817; baseline -0.002 -11"><span class='ocrx_word' id='word_1_269' title='bbox 246 1787 330 1817; x_wconf 88' lang='lat' dir='ltr'>quae</span> <span class='ocrx_word' id='word_1_270' title='bbox 353 1783 403 1806; x_wconf 87' lang='lat' dir='ltr'>est</span> <span class='ocrx_word' id='word_1_271' title='bbox 426 1776 533 1816; x_wconf 85' lang='lat' dir='ltr'>imago</span> <span class='ocrx_word' id='word_1_272' title='bbox 557 1776 672 1816; x_wconf 84' lang='lat' dir='ltr'>ipsius,</span> <span class='ocrx_word' id='word_1_273' title='bbox 698 1785 763 1805; x_wconf 91' lang='lat' dir='ltr'>non</span> <span class='ocrx_word' id='word_1_274' title='bbox 788 1785 1007 1811; x_wconf 77' lang='lat' dir='ltr'>evanescens,</span> <span class='ocrx_word' id='word_1_275' title='bbox 1031 1775 1090 1805; x_wconf 90' lang='lat' dir='ltr'>sed</span> <span class='ocrx_word' id='word_1_276' title='bbox 1115 1775 1221 1804; x_wconf 86' lang='lat' dir='ltr'>subsi-</span> 
     </span>
     <span class='ocr_line' id='line_1_40' title="bbox 246 1818 919 1858; baseline 0 -11"><span class='ocrx_word' id='word_1_277' title='bbox 246 1826 338 1849; x_wconf 86' lang='lat' dir='ltr'>stens</span> <span class='ocrx_word' id='word_1_278' title='bbox 363 1818 600 1849; x_wconf 83' lang='lat' dir='ltr'>communicata</span> <span class='ocrx_word' id='word_1_279' title='bbox 623 1818 684 1858; x_wconf 86' lang='lat' dir='ltr'>ipsi</span> <span class='ocrx_word' id='word_1_280' title='bbox 708 1818 861 1848; x_wconf 84' lang='lat' dir='ltr'>essentia.</span> <span class='ocrx_word' id='word_1_281' title='bbox 876 1818 919 1847; x_wconf 51' lang='lat' dir='ltr'>ns,</span> 
     </span>
    </p>

    <p class='ocr_par' dir='ltr' id='par_1_9' title="bbox 246 1856 1222 2272">
     <span class='ocr_line' id='line_1_41' title="bbox 332 1856 1220 1901; baseline -0.005 -10"><span class='ocrx_word' id='word_1_282' title='bbox 332 1860 423 1891; x_wconf 81' lang='lat' dir='ltr'>Haec</span> <span class='ocrx_word' id='word_1_283' title='bbox 457 1861 556 1901; x_wconf 78' lang='lat' dir='ltr'>igitur</span> <span class='ocrx_word' id='word_1_284' title='bbox 589 1861 696 1901; x_wconf 81' lang='lat' dir='ltr'>imago</span> <span class='ocrx_word' id='word_1_285' title='bbox 731 1866 779 1890; x_wconf 86' lang='lat' dir='ltr'>est</span> <span class='ocrx_word' id='word_1_286' title='bbox 815 1859 962 1889; x_wconf 91' lang='lat' dir='ltr'>secunda</span> <span class='ocrx_word' id='word_1_287' title='bbox 995 1856 1156 1899; x_wconf 55' lang='lat' dir='ltr'>personst.</span> <span class='ocrx_word' id='word_1_288' title='bbox 1191 1864 1220 1887; x_wconf 90' lang='lat' dir='ltr'>et</span> 
     </span>
     <span class='ocr_line' id='line_1_42' title="bbox 247 1901 1221 1942; baseline -0.004 -9"><span class='ocrx_word' id='word_1_289' title='bbox 247 1903 444 1933; x_wconf 86' lang='lat' dir='ltr'>conveniunt</span> <span class='ocrx_word' id='word_1_290' title='bbox 469 1901 716 1942; x_wconf 77' lang='lat' dir='ltr'>appellationes.</span> <span class='ocrx_word' id='word_1_291' title='bbox 760 1901 889 1931; x_wconf 86' lang='lat' dir='ltr'>Dicitur</span> <span class='ocrx_word' id='word_1_292' title='bbox 913 1902 1007 1939; x_wconf 66' lang='grc' dir='ltr'><em>λόγος.</em></span> <span class='ocrx_word' id='word_1_293' title='bbox 1032 1902 1106 1942; x_wconf 89' lang='lat' dir='ltr'>quia</span> <span class='ocrx_word' id='word_1_294' title='bbox 1132 1901 1221 1941; x_wconf 82' lang='lat' dir='ltr'>cogi-</span> 
     </span>
     <span class='ocr_line' id='line_1_43' title="bbox 247 1943 1221 1985; baseline -0.003 -10"><span class='ocrx_word' id='word_1_295' title='bbox 247 1946 369 1976; x_wconf 83' lang='lat' dir='ltr'>tatione</span> <span class='ocrx_word' id='word_1_296' title='bbox 401 1951 586 1985; x_wconf 82' lang='lat' dir='ltr'>generatur.</span> <span class='ocrx_word' id='word_1_297' title='bbox 631 1944 761 1975; x_wconf 89' lang='lat' dir='ltr'>Dicitur</span> <span class='ocrx_word' id='word_1_298' title='bbox 796 1945 921 1985; x_wconf 76' lang='lat' dir='ltr'>imago.</span> <span class='ocrx_word' id='word_1_299' title='bbox 956 1945 1028 1984; x_wconf 87' lang='lat' dir='ltr'>quia</span> <span class='ocrx_word' id='word_1_300' title='bbox 1065 1943 1221 1985; x_wconf 83' lang='lat' dir='ltr'>cogitatio</span> 
     </span>
     <span class='ocr_line' id='line_1_44' title="bbox 247 1984 1220 2029; baseline -0.004 -11"><span class='ocrx_word' id='word_1_301' title='bbox 247 1994 298 2018; x_wconf 86' lang='lat' dir='ltr'>est</span> <span class='ocrx_word' id='word_1_302' title='bbox 323 1989 430 2029; x_wconf 82' lang='lat' dir='ltr'>imago</span> <span class='ocrx_word' id='word_1_303' title='bbox 456 1988 501 2017; x_wconf 87' lang='lat' dir='ltr'>rei</span> <span class='ocrx_word' id='word_1_304' title='bbox 526 1989 700 2029; x_wconf 80' lang='lat' dir='ltr'>cogitatae.</span> <span class='ocrx_word' id='word_1_305' title='bbox 745 1985 874 2017; x_wconf 88' lang='lat' dir='ltr'>Dicitur</span> <span class='ocrx_word' id='word_1_306' title='bbox 903 1984 1059 2026; x_wconf 87' lang='lat' dir='ltr'>splendor</span> <span class='ocrx_word' id='word_1_307' title='bbox 1083 1985 1220 2026; x_wconf 81' lang='lat' dir='ltr'>gloriae.</span> 
     </span>
     <span class='ocr_line' id='line_1_45' title="bbox 247 2028 1221 2071; baseline -0.003 -11"><span class='ocrx_word' id='word_1_308' title='bbox 247 2031 334 2071; x_wconf 84' lang='lat' dir='ltr'>quod</span> <span class='ocrx_word' id='word_1_309' title='bbox 359 2029 487 2060; x_wconf 81' lang='lat' dir='ltr'>Graece</span> <span class='ocrx_word' id='word_1_310' title='bbox 517 2029 754 2071; x_wconf 81' lang='lat' dir='ltr'>significantius</span> <span class='ocrx_word' id='word_1_311' title='bbox 779 2029 934 2068; x_wconf 88' lang='lat' dir='ltr'>scriptum</span> <span class='ocrx_word' id='word_1_312' title='bbox 958 2036 1003 2059; x_wconf 84' lang='lat' dir='ltr'>est</span> <span class='ocrx_word' id='word_1_313' title='bbox 1030 2028 1221 2066; x_wconf 59' lang='lat' dir='ltr'>dnm‘qaopcz.</span> 
     </span>
     <span class='ocr_line' id='line_1_46' title="bbox 246 2069 1221 2112; baseline -0.003 -10"><span class='ocrx_word' id='word_1_314' title='bbox 246 2073 279 2103; x_wconf 90' lang='lat' dir='ltr'>id</span> <span class='ocrx_word' id='word_1_315' title='bbox 303 2078 363 2103; x_wconf 86' lang='lat' dir='ltr'>est.</span> <span class='ocrx_word' id='word_1_316' title='bbox 387 2073 428 2102; x_wconf 90' lang='lat' dir='ltr'>ab</span> <span class='ocrx_word' id='word_1_317' title='bbox 451 2071 514 2102; x_wconf 90' lang='lat' dir='ltr'>alia</span> <span class='ocrx_word' id='word_1_318' title='bbox 538 2072 613 2102; x_wconf 80' lang='lat' dir='ltr'>luce</span> <span class='ocrx_word' id='word_1_319' title='bbox 635 2070 794 2112; x_wconf 79' lang='lat' dir='ltr'>splendor</span> <span class='ocrx_word' id='word_1_320' title='bbox 817 2071 932 2101; x_wconf 80' lang='lat' dir='ltr'>editus.</span> <span class='ocrx_word' id='word_1_321' title='bbox 966 2071 1021 2101; x_wconf 87' lang='lat' dir='ltr'>Sic</span> <span class='ocrx_word' id='word_1_322' title='bbox 1047 2069 1148 2101; x_wconf 75' lang='lat' dir='ltr'>filins</span> <span class='ocrx_word' id='word_1_323' title='bbox 1172 2076 1221 2100; x_wconf 86' lang='lat' dir='ltr'>est</span> 
     </span>
     <span class='ocr_line' id='line_1_47' title="bbox 247 2112 1222 2154; baseline -0.002 -9"><span class='ocrx_word' id='word_1_324' title='bbox 247 2113 407 2154; x_wconf 81' lang='lat' dir='ltr'>splendor</span> <span class='ocrx_word' id='word_1_325' title='bbox 436 2124 454 2144; x_wconf 85' lang='lat' dir='ltr'>a</span> <span class='ocrx_word' id='word_1_326' title='bbox 482 2113 556 2145; x_wconf 86' lang='lat' dir='ltr'>luce</span> <span class='ocrx_word' id='word_1_327' title='bbox 584 2122 720 2154; x_wconf 86' lang='lat' dir='ltr'>paterna</span> <span class='ocrx_word' id='word_1_328' title='bbox 746 2114 869 2143; x_wconf 86' lang='lat' dir='ltr'>editus:</span> <span class='ocrx_word' id='word_1_329' title='bbox 900 2114 981 2144; x_wconf 88' lang='lat' dir='ltr'>sicut</span> <span class='ocrx_word' id='word_1_330' title='bbox 1007 2114 1037 2143; x_wconf 95' lang='lat' dir='ltr'>in</span> <span class='ocrx_word' id='word_1_331' title='bbox 1062 2112 1222 2154; x_wconf 60' lang='lat' dir='ltr'>Symbolo</span> 
     </span>
     <span class='ocr_line' id='line_1_48' title="bbox 247 2154 1222 2198; baseline -0.002 -12"><span class='ocrx_word' id='word_1_332' title='bbox 247 2156 382 2198; x_wconf 79' lang='lat' dir='ltr'>legitur:</span> <span class='ocrx_word' id='word_1_333' title='bbox 407 2155 530 2186; x_wconf 90' lang='lat' dir='ltr'>Lumen</span> <span class='ocrx_word' id='word_1_334' title='bbox 556 2157 596 2186; x_wconf 87' lang='lat' dir='ltr'>de</span> <span class='ocrx_word' id='word_1_335' title='bbox 619 2156 750 2186; x_wconf 90' lang='lat' dir='ltr'>lumine.</span> <span class='ocrx_word' id='word_1_336' title='bbox 796 2155 887 2185; x_wconf 88' lang='lat' dir='ltr'>ltem:</span> <span class='ocrx_word' id='word_1_337' title='bbox 910 2154 1047 2196; x_wconf 80' lang='lat' dir='ltr'>Effigies</span> <span class='ocrx_word' id='word_1_338' title='bbox 1070 2157 1222 2185; x_wconf 86' lang='lat' dir='ltr'>substan-</span> 
     </span>
     <span class='ocr_line' id='line_1_49' title="bbox 247 2198 1222 2240; baseline -0.002 -11"><span class='ocrx_word' id='word_1_339' title='bbox 247 2200 312 2229; x_wconf 92' lang='lat' dir='ltr'>tiae</span> <span class='ocrx_word' id='word_1_340' title='bbox 334 2199 448 2238; x_wconf 86' lang='lat' dir='ltr'>patris.</span> <span class='ocrx_word' id='word_1_341' title='bbox 473 2199 503 2228; x_wconf 89' lang='lat' dir='ltr'>id</span> <span class='ocrx_word' id='word_1_342' title='bbox 528 2205 590 2235; x_wconf 85' lang='lat' dir='ltr'>est.</span> <span class='ocrx_word' id='word_1_343' title='bbox 614 2200 721 2240; x_wconf 82' lang='lat' dir='ltr'>imago</span> <span class='ocrx_word' id='word_1_344' title='bbox 745 2208 809 2229; x_wconf 91' lang='lat' dir='ltr'>non</span> <span class='ocrx_word' id='word_1_345' title='bbox 830 2208 1046 2228; x_wconf 73' lang='lat' dir='ltr'>evanescens.</span> <span class='ocrx_word' id='word_1_346' title='bbox 1069 2199 1126 2228; x_wconf 89' lang='lat' dir='ltr'>sed</span> <span class='ocrx_word' id='word_1_347' title='bbox 1147 2198 1222 2228; x_wconf 89' lang='lat' dir='ltr'>sub-</span> 
     </span>
     <span class='ocr_line' id='line_1_50' title="bbox 248 2242 812 2272; baseline -0.002 -1"><span class='ocrx_word' id='word_1_348' title='bbox 248 2243 370 2272; x_wconf 86' lang='lat' dir='ltr'>sistens</span> <span class='ocrx_word' id='word_1_349' title='bbox 395 2242 633 2271; x_wconf 82' lang='lat' dir='ltr'>comnnmicata</span> <span class='ocrx_word' id='word_1_350' title='bbox 658 2242 812 2270; x_wconf 87' lang='lat' dir='ltr'>essentia.</span> 
     </span>
    </p>

    <p class='ocr_par' dir='ltr' id='par_1_10' title="bbox 249 2281 1222 2369">
     <span class='ocr_line' id='line_1_51' title="bbox 334 2281 1222 2324; baseline -0.001 -12"><span class='ocrx_word' id='word_1_351' title='bbox 334 2283 377 2313; x_wconf 65' lang='grc' dir='ltr'>[Ἰ</span> <span class='ocrx_word' id='word_1_352' title='bbox 408 2283 504 2324; x_wconf 81' lang='lat' dir='ltr'>igitur</span> <span class='ocrx_word' id='word_1_353' title='bbox 533 2285 563 2313; x_wconf 93' lang='lat' dir='ltr'>in</span> <span class='ocrx_word' id='word_1_354' title='bbox 595 2291 709 2313; x_wconf 90' lang='lat' dir='ltr'>natura</span> <span class='ocrx_word' id='word_1_355' title='bbox 740 2283 904 2313; x_wconf 87' lang='lat' dir='ltr'>hominum</span> <span class='ocrx_word' id='word_1_356' title='bbox 937 2281 1048 2313; x_wconf 72' lang='grc'><strong>111111111</strong></span> <span class='ocrx_word' id='word_1_357' title='bbox 1084 2283 1222 2313; x_wconf 89' lang='lat' dir='ltr'>dicimus</span> 
     </span>
     <span class='ocr_line' id='line_1_52' title="bbox 249 2324 1221 2369; baseline -0.003 -12"><span class='ocrx_word' id='word_1_358' title='bbox 249 2327 394 2369; x_wconf 86' lang='lat' dir='ltr'>genitum</span> <span class='ocrx_word' id='word_1_359' title='bbox 425 2326 465 2355; x_wconf 91' lang='lat' dir='ltr'>de</span> <span class='ocrx_word' id='word_1_360' title='bbox 498 2327 683 2356; x_wconf 78' lang='lat' dir='ltr'>substantia</span> <span class='ocrx_word' id='word_1_361' title='bbox 711 2326 834 2356; x_wconf 84' lang='lat' dir='ltr'>Patris.</span> <span class='ocrx_word' id='word_1_362' title='bbox 866 2324 1002 2355; x_wconf 87' lang='lat' dir='ltr'>similem</span> <span class='ocrx_word' id='word_1_363' title='bbox 1036 2325 1142 2356; x_wconf 84' lang='lat' dir='ltr'>Patri:</span> <span class='ocrx_word' id='word_1_364' title='bbox 1176 2324 1221 2355; x_wconf 90' lang='lat' dir='ltr'>lta</span> 
     </span>
    </p>
   </div>
   <div class='ocr_carea' id='block_1_8' title="bbox 248 2461 1051 2490">
    <p class='ocr_par' dir='ltr' id='par_1_11' title="bbox 248 2461 1051 2490">
     <span class='ocr_line' id='line_1_53' title="bbox 248 2461 1051 2490; baseline 0.001 -5"><span class='ocrx_word' id='word_1_365' title='bbox 248 2462 293 2487; x_wconf 72' lang='grc'>371</span> <span class='ocrx_word' id='word_1_366' title='bbox 314 2467 337 2485; x_wconf 80' lang='lat' dir='ltr'>et</span> <span class='ocrx_word' id='word_1_367' title='bbox 358 2461 552 2490; x_wconf 63' lang='lat' dir='ltr'>invocationem}</span> <span class='ocrx_word' id='word_1_368' title='bbox 576 2461 646 2485; x_wconf 72' lang='grc'><strong>[(1111.</strong></span> <span class='ocrx_word' id='word_1_369' title='bbox 671 2463 690 2483; x_wconf 84' lang='grc' dir='ltr'>ι.</span> <span class='ocrx_word' id='word_1_370' title='bbox 710 2461 732 2483; x_wconf 84' lang='grc'>3.</span> <span class='ocrx_word' id='word_1_371' title='bbox 753 2466 777 2485; x_wconf 84' lang='grc'>81</span> <span class='ocrx_word' id='word_1_372' title='bbox 796 2462 849 2486; x_wconf 78' lang='lat' dir='ltr'>vult</span> <span class='ocrx_word' id='word_1_373' title='bbox 869 2462 1051 2486; x_wconf 80' lang='lat' dir='ltr'>invocationem</span> 
     </span>
    </p>
   </div>
   <div class='ocr_carea' id='block_1_9' title="bbox 248 2511 1222 2570">
    <p class='ocr_par' dir='ltr' id='par_1_12' title="bbox 248 2511 1222 2570">
     <span class='ocr_line' id='line_1_54' title="bbox 248 2511 1222 2542; baseline 0 -6"><span class='ocrx_word' id='word_1_374' title='bbox 248 2512 294 2538; x_wconf 66' lang='lat'>38&gt;</span> <span class='ocrx_word' id='word_1_375' title='bbox 314 2518 364 2536; x_wconf 87' lang='lat' dir='ltr'>non</span> <span class='ocrx_word' id='word_1_376' title='bbox 383 2518 540 2535; x_wconf 73' lang='lat' dir='ltr'>evanescens</span> <span class='ocrx_word' id='word_1_377' title='bbox 611 2511 742 2542; x_wconf 51' lang='lat' dir='ltr'>essentia]</span> <span class='ocrx_word' id='word_1_378' title='bbox 765 2512 836 2536; x_wconf 74' lang='lat' dir='ltr'>Editt.</span> <span class='ocrx_word' id='word_1_379' title='bbox 854 2513 873 2535; x_wconf 84' lang='lat'>1.</span> <span class='ocrx_word' id='word_1_380' title='bbox 885 2512 908 2535; x_wconf 97' lang='grc'>3</span> <span class='ocrx_word' id='word_1_381' title='bbox 927 2516 950 2536; x_wconf 89' lang='grc'>81</span> <span class='ocrx_word' id='word_1_382' title='bbox 966 2512 1022 2537; x_wconf 81' lang='lat' dir='ltr'>huic</span> <span class='ocrx_word' id='word_1_383' title='bbox 1033 2512 1136 2542; x_wconf 78' lang='lat' dir='ltr'>imagini</span> <span class='ocrx_word' id='word_1_384' title='bbox 1155 2518 1222 2536; x_wconf 72' lang='lat' dir='ltr'>com-</span> 
     </span>
     <span class='ocr_line' id='line_1_55' title="bbox 318 2551 686 2570; baseline -0.005 0"><span class='ocrx_word' id='word_1_385' title='bbox 318 2551 427 2570; x_wconf 78' lang='lat' dir='ltr'>municat</span> <span class='ocrx_word' id='word_1_386' title='bbox 447 2551 519 2570; x_wconf 73' lang='lat' dir='ltr'>suam</span> <span class='ocrx_word' id='word_1_387' title='bbox 539 2551 686 2570; x_wconf 76' lang='lat' dir='ltr'>essentiam.</span> 
     </span>
    </p>
   </div>
   <div class='ocr_carea' id='block_1_10' title="bbox 1241 273 1247 775">
    <p class='ocr_par' dir='ltr' id='par_1_13' title="bbox 1241 273 1247 775">
     <span class='ocr_line' id='line_1_56' title="bbox 1241 273 1247 775; baseline 0 0"><span class='ocrx_word' id='word_1_388' title='bbox 1241 273 1247 775; x_wconf 95' lang='lat' dir='ltr'> </span> 
     </span>
    </p>
   </div>
   <div class='ocr_carea' id='block_1_11' title="bbox 1243 919 1247 1800">
    <p class='ocr_par' dir='ltr' id='par_1_14' title="bbox 1243 919 1247 1800">
     <span class='ocr_line' id='line_1_57' title="bbox 1243 919 1247 1800; baseline 0 0"><span class='ocrx_word' id='word_1_389' title='bbox 1243 919 1247 1800; x_wconf 95' lang='lat' dir='ltr'> </span> 
     </span>
    </p>
   </div>
   <div class='ocr_carea' id='block_1_12' title="bbox 1243 1938 1247 2560">
    <p class='ocr_par' dir='ltr' id='par_1_15' title="bbox 1243 1938 1247 2560">
     <span class='ocr_line' id='line_1_58' title="bbox 1243 1938 1247 2560; baseline 0 0"><span class='ocrx_word' id='word_1_390' title='bbox 1243 1938 1247 2560; x_wconf 95' lang='lat' dir='ltr'> </span> 
     </span>
    </p>
   </div>
   <div class='ocr_carea' id='block_1_13' title="bbox 1242 2501 1245 2522">
    <p class='ocr_par' dir='ltr' id='par_1_16' title="bbox 1242 2501 1245 2522">
     <span class='ocr_line' id='line_1_59' title="bbox 1242 2501 1245 2522; baseline 0 0"><span class='ocrx_word' id='word_1_391' title='bbox 1242 2501 1245 2522; x_wconf 72' lang='lat' dir='ltr'>i</span> 
     </span>
    </p>
   </div>
   <div class='ocr_carea' id='block_1_14' title="bbox 1264 257 2237 595">
    <p class='ocr_par' dir='ltr' id='par_1_17' title="bbox 1264 257 2237 595">
     <span class='ocr_line' id='line_1_60' title="bbox 1264 257 2234 301; baseline 0.005 -15"><span class='ocrx_word' id='word_1_392' title='bbox 1264 257 1371 288; x_wconf 88' lang='lat' dir='ltr'>Patris</span> <span class='ocrx_word' id='word_1_393' title='bbox 1390 264 1485 288; x_wconf 87' lang='lat' dir='ltr'>natus</span> <span class='ocrx_word' id='word_1_394' title='bbox 1505 262 1553 287; x_wconf 91' lang='lat' dir='ltr'>est</span> <span class='ocrx_word' id='word_1_395' title='bbox 1571 263 1603 287; x_wconf 88' lang='lat' dir='ltr'>et</span> <span class='ocrx_word' id='word_1_396' title='bbox 1625 263 1674 287; x_wconf 87' lang='lat' dir='ltr'>est</span> <span class='ocrx_word' id='word_1_397' title='bbox 1694 258 1763 287; x_wconf 90' lang='lat' dir='ltr'>eius</span> <span class='ocrx_word' id='word_1_398' title='bbox 1782 258 1900 298; x_wconf 84' lang='lat' dir='ltr'>imago.</span> <span class='ocrx_word' id='word_1_399' title='bbox 1944 258 2131 298; x_wconf 82' lang='lat' dir='ltr'>Proprietas</span> <span class='ocrx_word' id='word_1_400' title='bbox 2153 269 2234 301; x_wconf 85' lang='lat' dir='ltr'>ergo</span> 
     </span>
     <span class='ocr_line' id='line_1_61' title="bbox 1264 298 2236 342; baseline 0.003 -13"><span class='ocrx_word' id='word_1_401' title='bbox 1264 299 1457 329; x_wconf 84' lang='lat' dir='ltr'>discernens</span> <span class='ocrx_word' id='word_1_402' title='bbox 1470 298 1585 329; x_wconf 83' lang='lat' dir='ltr'>Filium</span> <span class='ocrx_word' id='word_1_403' title='bbox 1598 309 1615 329; x_wconf 92' lang='lat' dir='ltr'>a</span> <span class='ocrx_word' id='word_1_404' title='bbox 1630 300 1747 329; x_wconf 88' lang='lat' dir='ltr'>ceteris</span> <span class='ocrx_word' id='word_1_405' title='bbox 1760 301 1911 340; x_wconf 86' lang='lat' dir='ltr'>personis</span> <span class='ocrx_word' id='word_1_406' title='bbox 1924 299 2005 331; x_wconf 85' lang='lat' dir='ltr'>haec</span> <span class='ocrx_word' id='word_1_407' title='bbox 2019 307 2081 337; x_wconf 88' lang='lat' dir='ltr'>est,</span> <span class='ocrx_word' id='word_1_408' title='bbox 2093 302 2236 342; x_wconf 80' lang='lat' dir='ltr'>genitum</span> 
     </span>
     <span class='ocr_line' id='line_1_62' title="bbox 1264 341 2236 382; baseline 0.004 -11"><span class='ocrx_word' id='word_1_409' title='bbox 1264 351 1339 371; x_wconf 83' lang='lat' dir='ltr'>esse</span> <span class='ocrx_word' id='word_1_410' title='bbox 1368 348 1400 371; x_wconf 88' lang='lat' dir='ltr'>et</span> <span class='ocrx_word' id='word_1_411' title='bbox 1430 342 1602 382; x_wconf 79' lang='lat' dir='ltr'>imaginem</span> <span class='ocrx_word' id='word_1_412' title='bbox 1626 351 1712 371; x_wconf 85' lang='lat' dir='ltr'>esse.</span> <span class='ocrx_word' id='word_1_413' title='bbox 1758 341 1797 371; x_wconf 86' lang='lat' dir='ltr'>Et</span> <span class='ocrx_word' id='word_1_414' title='bbox 1827 341 1860 371; x_wconf 79' lang='lat' dir='ltr'>fit</span> <span class='ocrx_word' id='word_1_415' title='bbox 1888 341 2024 373; x_wconf 85' lang='lat' dir='ltr'>illustris</span> <span class='ocrx_word' id='word_1_416' title='bbox 2052 343 2236 382; x_wconf 85' lang='lat' dir='ltr'>discrimen,</span> 
     </span>
     <span class='ocr_line' id='line_1_63' title="bbox 1265 383 2237 426; baseline 0.003 -13"><span class='ocrx_word' id='word_1_417' title='bbox 1265 394 1334 414; x_wconf 85' lang='lat' dir='ltr'>cun·</span> <span class='ocrx_word' id='word_1_418' title='bbox 1357 384 1516 417; x_wconf 82' lang='lat' dir='ltr'>addimus.</span> <span class='ocrx_word' id='word_1_419' title='bbox 1539 383 1625 413; x_wconf 88' lang='lat' dir='ltr'>hanc</span> <span class='ocrx_word' id='word_1_420' title='bbox 1639 383 1816 413; x_wconf 87' lang='lat' dir='ltr'>secandam</span> <span class='ocrx_word' id='word_1_421' title='bbox 1828 393 2002 424; x_wconf 87' lang='lat' dir='ltr'>personam</span> <span class='ocrx_word' id='word_1_422' title='bbox 2014 387 2237 426; x_wconf 83' lang='lat' dir='ltr'>assumpsisse</span> 
     </span>
     <span class='ocr_line' id='line_1_64' title="bbox 1264 425 2234 467; baseline 0.003 -12"><span class='ocrx_word' id='word_1_423' title='bbox 1264 432 1355 456; x_wconf 89' lang='lat' dir='ltr'>certo</span> <span class='ocrx_word' id='word_1_424' title='bbox 1386 432 1533 467; x_wconf 87' lang='lat' dir='ltr'>tempore</span> <span class='ocrx_word' id='word_1_425' title='bbox 1561 425 1732 456; x_wconf 85' lang='lat' dir='ltr'>humanam</span> <span class='ocrx_word' id='word_1_426' title='bbox 1762 432 1911 456; x_wconf 83' lang='lat' dir='ltr'>naturam</span> <span class='ocrx_word' id='word_1_427' title='bbox 1939 427 1970 456; x_wconf 93' lang='lat' dir='ltr'>in</span> <span class='ocrx_word' id='word_1_428' title='bbox 2000 427 2076 458; x_wconf 85' lang='lat' dir='ltr'>alvo</span> <span class='ocrx_word' id='word_1_429' title='bbox 2100 429 2234 459; x_wconf 82' lang='lat' dir='ltr'>Mariae.</span> 
     </span>
     <span class='ocr_line' id='line_1_65' title="bbox 1265 466 2235 507; baseline 0.004 -10"><span class='ocrx_word' id='word_1_430' title='bbox 1265 468 1363 498; x_wconf 89' lang='lat' dir='ltr'>Pater</span> <span class='ocrx_word' id='word_1_431' title='bbox 1386 469 1468 498; x_wconf 90' lang='lat' dir='ltr'>enim</span> <span class='ocrx_word' id='word_1_432' title='bbox 1492 479 1557 498; x_wconf 92' lang='lat' dir='ltr'>non</span> <span class='ocrx_word' id='word_1_433' title='bbox 1580 468 1759 506; x_wconf 87' lang='lat' dir='ltr'>assumpsit</span> <span class='ocrx_word' id='word_1_434' title='bbox 1784 466 1958 498; x_wconf 84' lang='lat' dir='ltr'>humanam</span> <span class='ocrx_word' id='word_1_435' title='bbox 1980 475 2147 507; x_wconf 75' lang='lat' dir='ltr'>naturam,</span> <span class='ocrx_word' id='word_1_436' title='bbox 2174 480 2235 502; x_wconf 88' lang='lat' dir='ltr'>nec</span> 
     </span>
     <span class='ocr_line' id='line_1_66' title="bbox 1265 508 2235 549; baseline 0.003 -9"><span class='ocrx_word' id='word_1_437' title='bbox 1265 509 1288 540; x_wconf 90' lang='lat' dir='ltr'>S</span> <span class='ocrx_word' id='word_1_438' title='bbox 1303 510 1405 540; x_wconf 75' lang='lat' dir='ltr'>›ii-itus</span> <span class='ocrx_word' id='word_1_439' title='bbox 1428 516 1565 540; x_wconf 83' lang='lat' dir='ltr'>sanctus</span> <span class='ocrx_word' id='word_1_440' title='bbox 1589 510 1768 549; x_wconf 84' lang='lat' dir='ltr'>assumpsit</span> <span class='ocrx_word' id='word_1_441' title='bbox 1792 508 1964 540; x_wconf 86' lang='lat' dir='ltr'>humanam</span> <span class='ocrx_word' id='word_1_442' title='bbox 1986 517 2152 548; x_wconf 78' lang='lat' dir='ltr'>naturam,</span> <span class='ocrx_word' id='word_1_443' title='bbox 2175 513 2235 543; x_wconf 90' lang='lat' dir='ltr'>sed</span> 
     </span>
     <span class='ocr_line' id='line_1_67' title="bbox 1264 551 2236 595; baseline 0.004 -14"><span class='ocrx_word' id='word_1_444' title='bbox 1264 552 1298 581; x_wconf 88' lang='lat' dir='ltr'>Fi</span> <span class='ocrx_word' id='word_1_445' title='bbox 1314 552 1363 581; x_wconf 90' lang='grc'><strong>1115</strong></span> <span class='ocrx_word' id='word_1_446' title='bbox 1395 558 1443 581; x_wconf 89' lang='lat' dir='ltr'>est</span> <span class='ocrx_word' id='word_1_447' title='bbox 1475 551 1500 581; x_wconf 75' lang='lat' dir='ltr'><strong><em>C</em></strong></span> <span class='ocrx_word' id='word_1_448' title='bbox 1504 551 1641 581; x_wconf 85' lang='lat' dir='ltr'>hristus.</span> <span class='ocrx_word' id='word_1_449' title='bbox 1670 551 1701 580; x_wconf 85' lang='lat' dir='ltr'>id</span> <span class='ocrx_word' id='word_1_450' title='bbox 1731 558 1797 587; x_wconf 77' lang='lat' dir='ltr'>est.</span> <span class='ocrx_word' id='word_1_451' title='bbox 1827 553 2011 591; x_wconf 71' lang='lat' dir='ltr'>promissus</span> <span class='ocrx_word' id='word_1_452' title='bbox 2040 554 2236 595; x_wconf 84' lang='lat' dir='ltr'>redemptor,</span> 
     </span>
    </p>
   </div>
   <div class='ocr_carea' id='block_1_15' title="bbox 1242 593 2236 633">
    <p class='ocr_par' dir='ltr' id='par_1_18' title="bbox 1242 593 2236 633">
     <span class='ocr_line' id='line_1_68' title="bbox 1242 593 2236 633; baseline 0.005 -11"><span class='ocrx_word' id='word_1_453' title='bbox 1242 616 1244 622; x_wconf 93' lang='lat'>.</span> <span class='ocrx_word' id='word_1_454' title='bbox 1264 604 1327 624; x_wconf 90' lang='lat' dir='ltr'>una</span> <span class='ocrx_word' id='word_1_455' title='bbox 1350 602 1492 633; x_wconf 82' lang='lat' dir='ltr'>persona</span> <span class='ocrx_word' id='word_1_456' title='bbox 1516 594 1644 623; x_wconf 83' lang='lat' dir='ltr'>duabus</span> <span class='ocrx_word' id='word_1_457' title='bbox 1666 594 1791 623; x_wconf 84' lang='lat' dir='ltr'>naturis</span> <span class='ocrx_word' id='word_1_458' title='bbox 1819 593 2008 624; x_wconf 90' lang='lat' dir='ltr'>mirabiliter</span> <span class='ocrx_word' id='word_1_459' title='bbox 2030 596 2142 632; x_wconf 75' lang='lat' dir='ltr'>unitis,</span> <span class='ocrx_word' id='word_1_460' title='bbox 2173 597 2236 627; x_wconf 87' lang='lat' dir='ltr'>sci-</span> 
     </span>
    </p>
   </div>
   <div class='ocr_carea' id='block_1_16' title="bbox 1264 633 2237 1433">
    <p class='ocr_par' dir='ltr' id='par_1_19' title="bbox 1264 633 2236 750">
     <span class='ocr_line' id='line_1_69' title="bbox 1265 633 2236 678; baseline 0.005 -14"><span class='ocrx_word' id='word_1_461' title='bbox 1265 635 1340 665; x_wconf 91' lang='lat' dir='ltr'>licet</span> <span class='ocrx_word' id='word_1_462' title='bbox 1363 633 1416 664; x_wconf 88' lang='lat' dir='ltr'>illa</span> <span class='ocrx_word' id='word_1_463' title='bbox 1441 641 1575 665; x_wconf 90' lang='lat' dir='ltr'>aeterna</span> <span class='ocrx_word' id='word_1_464' title='bbox 1590 634 1698 665; x_wconf 87' lang='lat' dir='ltr'>Patris</span> <span class='ocrx_word' id='word_1_465' title='bbox 1717 636 1858 677; x_wconf 81' lang='lat' dir='ltr'>imagine</span> <span class='ocrx_word' id='word_1_466' title='bbox 1881 646 1939 666; x_wconf 91' lang='lat' dir='ltr'>seu</span> <span class='ocrx_word' id='word_1_467' title='bbox 1964 637 2041 678; x_wconf 72' lang='grc' dir='ltr'>λόγῳ</span> <span class='ocrx_word' id='word_1_468' title='bbox 2065 643 2095 668; x_wconf 90' lang='grc'>81</span> <span class='ocrx_word' id='word_1_469' title='bbox 2119 644 2236 669; x_wconf 80' lang='lat' dir='ltr'>natura</span> 
     </span>
     <span class='ocr_line' id='line_1_70' title="bbox 1264 677 2236 711; baseline 0.003 -3"><span class='ocrx_word' id='word_1_470' title='bbox 1264 677 1415 708; x_wconf 88' lang='lat' dir='ltr'>humana.</span> <span class='ocrx_word' id='word_1_471' title='bbox 1460 677 1542 707; x_wconf 67' lang='lat' dir='ltr'>Nam</span> <span class='ocrx_word' id='word_1_472' title='bbox 1568 678 1669 707; x_wconf 81' lang='lat' dir='ltr'>verbo</span> <span class='ocrx_word' id='word_1_473' title='bbox 1693 678 1822 708; x_wconf 85' lang='lat' dir='ltr'>unionis</span> <span class='ocrx_word' id='word_1_474' title='bbox 1844 679 1876 708; x_wconf 88' lang='grc'>111</span> <span class='ocrx_word' id='word_1_475' title='bbox 1899 678 1964 709; x_wconf 89' lang='grc'><strong>1100</strong></span> <span class='ocrx_word' id='word_1_476' title='bbox 1987 679 2124 710; x_wconf 86' lang='lat' dir='ltr'>articulo</span> <span class='ocrx_word' id='word_1_477' title='bbox 2149 689 2236 711; x_wconf 88' lang='lat' dir='ltr'>eom-</span> 
     </span>
     <span class='ocr_line' id='line_1_71' title="bbox 1264 718 1924 750; baseline 0 0"><span class='ocrx_word' id='word_1_478' title='bbox 1264 719 1370 750; x_wconf 87' lang='lat' dir='ltr'>munis</span> <span class='ocrx_word' id='word_1_479' title='bbox 1395 719 1599 749; x_wconf 83' lang='lat' dir='ltr'>consuetudo</span> <span class='ocrx_word' id='word_1_480' title='bbox 1622 718 1794 749; x_wconf 84' lang='lat' dir='ltr'>Ecclesiae</span> <span class='ocrx_word' id='word_1_481' title='bbox 1815 721 1924 750; x_wconf 88' lang='lat' dir='ltr'>utitur.</span> 
     </span>
    </p>

    <p class='ocr_par' dir='ltr' id='par_1_20' title="bbox 1264 759 2237 1096">
     <span class='ocr_line' id='line_1_72' title="bbox 1350 759 2236 802; baseline 0.005 -12"><span class='ocrx_word' id='word_1_482' title='bbox 1350 761 1432 791; x_wconf 81' lang='lat' dir='ltr'>Mira</span> <span class='ocrx_word' id='word_1_483' title='bbox 1457 767 1531 790; x_wconf 87' lang='lat' dir='ltr'>sunt</span> <span class='ocrx_word' id='word_1_484' title='bbox 1554 759 1636 790; x_wconf 83' lang='lat' dir='ltr'>haec</span> <span class='ocrx_word' id='word_1_485' title='bbox 1659 767 1688 790; x_wconf 90' lang='lat' dir='ltr'>et</span> <span class='ocrx_word' id='word_1_486' title='bbox 1711 760 1810 802; x_wconf 82' lang='lat' dir='ltr'>longe</span> <span class='ocrx_word' id='word_1_487' title='bbox 1833 772 1934 802; x_wconf 85' lang='lat' dir='ltr'>supra</span> <span class='ocrx_word' id='word_1_488' title='bbox 1958 772 2084 793; x_wconf 89' lang='lat' dir='ltr'>omnem</span> <span class='ocrx_word' id='word_1_489' title='bbox 2109 770 2236 795; x_wconf 82' lang='lat' dir='ltr'>creatu-</span> 
     </span>
     <span class='ocr_line' id='line_1_73' title="bbox 1265 802 2236 843; baseline 0.003 -10"><span class='ocrx_word' id='word_1_490' title='bbox 1265 813 1373 833; x_wconf 87' lang='lat' dir='ltr'>rarum</span> <span class='ocrx_word' id='word_1_491' title='bbox 1408 808 1536 843; x_wconf 87' lang='lat' dir='ltr'>captum</span> <span class='ocrx_word' id='word_1_492' title='bbox 1570 803 1688 842; x_wconf 87' lang='lat' dir='ltr'>posita.</span> <span class='ocrx_word' id='word_1_493' title='bbox 1745 802 1810 833; x_wconf 81' lang='lat' dir='ltr'>Sed</span> <span class='ocrx_word' id='word_1_494' title='bbox 1843 805 1966 834; x_wconf 82' lang='lat' dir='ltr'>scimus</span> <span class='ocrx_word' id='word_1_495' title='bbox 1999 803 2082 835; x_wconf 88' lang='lat' dir='ltr'>haec</span> <span class='ocrx_word' id='word_1_496' title='bbox 2115 815 2236 836; x_wconf 81' lang='lat' dir='ltr'>arcana</span> 
     </span>
     <span class='ocr_line' id='line_1_74' title="bbox 1265 843 2236 884; baseline 0.003 -9"><span class='ocrx_word' id='word_1_497' title='bbox 1265 844 1438 875; x_wconf 80' lang='lat' dir='ltr'>Ecclesiae</span> <span class='ocrx_word' id='word_1_498' title='bbox 1457 843 1618 884; x_wconf 85' lang='lat' dir='ltr'>patefacta</span> <span class='ocrx_word' id='word_1_499' title='bbox 1641 854 1727 874; x_wconf 84' lang='lat' dir='ltr'>esse.</span> <span class='ocrx_word' id='word_1_500' title='bbox 1751 851 1784 875; x_wconf 93' lang='lat' dir='ltr'>ut</span> <span class='ocrx_word' id='word_1_501' title='bbox 1807 844 1912 875; x_wconf 88' lang='lat' dir='ltr'>Deum</span> <span class='ocrx_word' id='word_1_502' title='bbox 1935 854 2023 877; x_wconf 88' lang='lat' dir='ltr'>recte</span> <span class='ocrx_word' id='word_1_503' title='bbox 2045 848 2236 878; x_wconf 84' lang='lat' dir='ltr'>invocemus</span> 
     </span>
     <span class='ocr_line' id='line_1_75' title="bbox 1266 886 2237 930; baseline 0.003 -13"><span class='ocrx_word' id='word_1_504' title='bbox 1266 893 1296 917; x_wconf 92' lang='lat' dir='ltr'>et</span> <span class='ocrx_word' id='word_1_505' title='bbox 1320 896 1457 917; x_wconf 85' lang='lat' dir='ltr'>caussas</span> <span class='ocrx_word' id='word_1_506' title='bbox 1482 887 1665 927; x_wconf 83' lang='lat' dir='ltr'>cogitemus</span> <span class='ocrx_word' id='word_1_507' title='bbox 1689 886 1783 917; x_wconf 87' lang='lat' dir='ltr'>huius</span> <span class='ocrx_word' id='word_1_508' title='bbox 1805 888 1943 918; x_wconf 87' lang='lat' dir='ltr'>mirandi</span> <span class='ocrx_word' id='word_1_509' title='bbox 1966 888 2127 926; x_wconf 74' lang='lat' dir='ltr'>beneficii,</span> <span class='ocrx_word' id='word_1_510' title='bbox 2149 890 2237 930; x_wconf 85' lang='lat' dir='ltr'>quod</span> 
     </span>
     <span class='ocr_line' id='line_1_76' title="bbox 1266 927 2236 962; baseline 0.003 -3"><span class='ocrx_word' id='word_1_511' title='bbox 1266 928 1358 959; x_wconf 87' lang='lat' dir='ltr'>Deus</span> <span class='ocrx_word' id='word_1_512' title='bbox 1370 935 1522 959; x_wconf 91' lang='lat' dir='ltr'>aeternus</span> <span class='ocrx_word' id='word_1_513' title='bbox 1532 931 1575 957; x_wconf 60' lang='lat'>⁸⁹]</span> <span class='ocrx_word' id='word_1_514' title='bbox 1593 927 1727 959; x_wconf 77' lang='lat' dir='ltr'>foedere</span> <span class='ocrx_word' id='word_1_515' title='bbox 1747 930 1807 959; x_wconf 88' lang='lat' dir='ltr'>sibi</span> <span class='ocrx_word' id='word_1_516' title='bbox 1824 936 1972 960; x_wconf 89' lang='lat' dir='ltr'>naturam</span> <span class='ocrx_word' id='word_1_517' title='bbox 1989 929 2162 961; x_wconf 81' lang='lat' dir='ltr'>humanam</span> <span class='ocrx_word' id='word_1_518' title='bbox 2181 942 2236 962; x_wconf 85' lang='lat' dir='ltr'>co-</span> 
     </span>
     <span class='ocr_line' id='line_1_77' title="bbox 1265 970 2237 1012; baseline 0.004 -12"><span class='ocrx_word' id='word_1_519' title='bbox 1265 970 1398 1011; x_wconf 89' lang='lat' dir='ltr'>pulavit.</span> <span class='ocrx_word' id='word_1_520' title='bbox 1424 971 1511 1000; x_wconf 72' lang='lat' dir='ltr'>Vere</span> <span class='ocrx_word' id='word_1_521' title='bbox 1523 972 1620 1011; x_wconf 75' lang='lat' dir='ltr'>igitur</span> <span class='ocrx_word' id='word_1_522' title='bbox 1633 981 1703 1001; x_wconf 90' lang='lat' dir='ltr'>eam</span> <span class='ocrx_word' id='word_1_523' title='bbox 1717 978 1808 1001; x_wconf 88' lang='lat' dir='ltr'>curat</span> <span class='ocrx_word' id='word_1_524' title='bbox 1821 981 1860 1001; x_wconf 90' lang='lat' dir='ltr'>ac</span> <span class='ocrx_word' id='word_1_525' title='bbox 1873 971 1985 1012; x_wconf 75' lang='lat' dir='ltr'>diligit,</span> <span class='ocrx_word' id='word_1_526' title='bbox 1998 978 2029 1003; x_wconf 64' lang='lat' dir='ltr'>et&gt;</span> <span class='ocrx_word' id='word_1_527' title='bbox 2038 971 2126 1003; x_wconf 88' lang='lat' dir='ltr'>hunc</span> <span class='ocrx_word' id='word_1_528' title='bbox 2137 970 2237 1004; x_wconf 87' lang='lat' dir='ltr'>filium</span> 
     </span>
     <span class='ocr_line' id='line_1_78' title="bbox 1264 1014 2237 1056; baseline 0.004 -13"><span class='ocrx_word' id='word_1_529' title='bbox 1264 1014 1362 1050; x_wconf 71' lang='lat' dir='ltr'>misit,</span> <span class='ocrx_word' id='word_1_530' title='bbox 1384 1020 1418 1043; x_wconf 92' lang='lat' dir='ltr'>ut</span> <span class='ocrx_word' id='word_1_531' title='bbox 1443 1019 1531 1043; x_wconf 87' lang='lat' dir='ltr'>esset</span> <span class='ocrx_word' id='word_1_532' title='bbox 1554 1014 1739 1053; x_wconf 89' lang='lat' dir='ltr'>redemptor</span> <span class='ocrx_word' id='word_1_533' title='bbox 1760 1020 1790 1043; x_wconf 87' lang='lat' dir='ltr'>et</span> <span class='ocrx_word' id='word_1_534' title='bbox 1814 1014 1892 1044; x_wconf 87' lang='lat' dir='ltr'>iram</span> <span class='ocrx_word' id='word_1_535' title='bbox 1917 1015 2078 1045; x_wconf 78' lang='lat' dir='ltr'>adversus</span> <span class='ocrx_word' id='word_1_536' title='bbox 2099 1021 2237 1056; x_wconf 82' lang='lat' dir='ltr'>peecata</span> 
     </span>
     <span class='ocr_line' id='line_1_79' title="bbox 1265 1054 2050 1096; baseline 0.003 -11"><span class='ocrx_word' id='word_1_537' title='bbox 1265 1054 1422 1096; x_wconf 71' lang='lat' dir='ltr'>placaret,</span> <span class='ocrx_word' id='word_1_538' title='bbox 1446 1062 1478 1085; x_wconf 94' lang='lat' dir='ltr'>ut</span> <span class='ocrx_word' id='word_1_539' title='bbox 1497 1062 1613 1095; x_wconf 84' lang='lat' dir='ltr'>postea</span> <span class='ocrx_word' id='word_1_540' title='bbox 1637 1056 1770 1094; x_wconf 87' lang='lat' dir='ltr'>saepius</span> <span class='ocrx_word' id='word_1_541' title='bbox 1795 1056 1965 1087; x_wconf 87' lang='lat' dir='ltr'>dicendum</span> <span class='ocrx_word' id='word_1_542' title='bbox 1989 1063 2050 1087; x_wconf 88' lang='grc'><strong>851.</strong></span> 
     </span>
    </p>

    <p class='ocr_par' dir='ltr' id='par_1_21' title="bbox 1264 1097 2237 1433">
     <span class='ocr_line' id='line_1_80' title="bbox 1349 1097 2237 1140; baseline 0.003 -13"><span class='ocrx_word' id='word_1_543' title='bbox 1349 1097 1454 1127; x_wconf 83' lang='grc' dir='ltr'><strong>Τ81·1111</strong></span> <span class='ocrx_word' id='word_1_544' title='bbox 1479 1107 1631 1138; x_wconf 90' lang='lat' dir='ltr'>persona.</span> <span class='ocrx_word' id='word_1_545' title='bbox 1654 1097 1794 1137; x_wconf 84' lang='lat' dir='ltr'>Spiritus</span> <span class='ocrx_word' id='word_1_546' title='bbox 1817 1105 1962 1135; x_wconf 85' lang='lat' dir='ltr'>sanctus,</span> <span class='ocrx_word' id='word_1_547' title='bbox 1985 1099 2100 1130; x_wconf 84' lang='lat' dir='ltr'>dicitur</span> <span class='ocrx_word' id='word_1_548' title='bbox 2120 1109 2237 1140; x_wconf 86' lang='lat' dir='ltr'>proce·</span> 
     </span>
     <span class='ocr_line' id='line_1_81' title="bbox 1265 1139 2236 1181; baseline 0.002 -11"><span class='ocrx_word' id='word_1_549' title='bbox 1265 1140 1343 1171; x_wconf 87' lang='lat' dir='ltr'>dere</span> <span class='ocrx_word' id='word_1_550' title='bbox 1366 1151 1383 1170; x_wconf 91' lang='lat' dir='ltr'>a</span> <span class='ocrx_word' id='word_1_551' title='bbox 1408 1139 1506 1169; x_wconf 89' lang='lat' dir='ltr'>Patre</span> <span class='ocrx_word' id='word_1_552' title='bbox 1529 1147 1558 1169; x_wconf 87' lang='lat' dir='ltr'>et</span> <span class='ocrx_word' id='word_1_553' title='bbox 1577 1150 1596 1170; x_wconf 91' lang='lat' dir='ltr'>a</span> <span class='ocrx_word' id='word_1_554' title='bbox 1620 1139 1712 1170; x_wconf 84' lang='lat' dir='ltr'>Filio.</span> <span class='ocrx_word' id='word_1_555' title='bbox 1758 1140 1847 1171; x_wconf 87' lang='lat' dir='ltr'>Haec</span> <span class='ocrx_word' id='word_1_556' title='bbox 1870 1141 2054 1181; x_wconf 83' lang='lat' dir='ltr'>proprietas</span> <span class='ocrx_word' id='word_1_557' title='bbox 2076 1140 2151 1172; x_wconf 89' lang='lat' dir='ltr'>huic</span> <span class='ocrx_word' id='word_1_558' title='bbox 2172 1148 2236 1172; x_wconf 90' lang='lat' dir='ltr'>ter-</span> 
     </span>
     <span class='ocr_line' id='line_1_82' title="bbox 1264 1182 2237 1225; baseline 0.002 -13"><span class='ocrx_word' id='word_1_559' title='bbox 1264 1183 1328 1212; x_wconf 84' lang='lat' dir='ltr'>tiae</span> <span class='ocrx_word' id='word_1_560' title='bbox 1352 1192 1515 1222; x_wconf 87' lang='lat' dir='ltr'>personae</span> <span class='ocrx_word' id='word_1_561' title='bbox 1536 1183 1694 1213; x_wconf 83' lang='lat' dir='ltr'>tribuitur.</span> <span class='ocrx_word' id='word_1_562' title='bbox 1741 1182 1904 1213; x_wconf 88' lang='lat' dir='ltr'>Tribuitur</span> <span class='ocrx_word' id='word_1_563' title='bbox 1933 1189 1965 1213; x_wconf 86' lang='lat' dir='ltr'>et</span> <span class='ocrx_word' id='word_1_564' title='bbox 1986 1182 2069 1214; x_wconf 87' lang='lat' dir='ltr'>haec</span> <span class='ocrx_word' id='word_1_565' title='bbox 2091 1184 2237 1225; x_wconf 86' lang='lat' dir='ltr'>proprie-</span> 
     </span>
     <span class='ocr_line' id='line_1_83' title="bbox 1264 1225 2237 1265; baseline 0.002 -10"><span class='ocrx_word' id='word_1_566' title='bbox 1264 1232 1327 1261; x_wconf 76' lang='lat' dir='ltr'>tas.</span> <span class='ocrx_word' id='word_1_567' title='bbox 1350 1225 1436 1265; x_wconf 89' lang='lat' dir='ltr'>quod</span> <span class='ocrx_word' id='word_1_568' title='bbox 1461 1225 1501 1254; x_wconf 85' lang='lat' dir='ltr'>sit</span> <span class='ocrx_word' id='word_1_569' title='bbox 1524 1234 1679 1265; x_wconf 72' lang='lat' dir='ltr'>persona,</span> <span class='ocrx_word' id='word_1_570' title='bbox 1704 1234 1788 1265; x_wconf 86' lang='lat' dir='ltr'>quae</span> <span class='ocrx_word' id='word_1_571' title='bbox 1810 1226 1943 1256; x_wconf 91' lang='lat' dir='ltr'>mittitur</span> <span class='ocrx_word' id='word_1_572' title='bbox 1965 1226 1997 1255; x_wconf 90' lang='lat' dir='ltr'>in</span> <span class='ocrx_word' id='word_1_573' title='bbox 2021 1226 2121 1256; x_wconf 87' lang='lat' dir='ltr'>corda</span> <span class='ocrx_word' id='word_1_574' title='bbox 2144 1235 2237 1257; x_wconf 86' lang='lat' dir='ltr'>rena-</span> 
     </span>
     <span class='ocr_line' id='line_1_84' title="bbox 1265 1267 2237 1307; baseline 0.002 -10"><span class='ocrx_word' id='word_1_575' title='bbox 1265 1268 1443 1303; x_wconf 80' lang='lat' dir='ltr'>scentium.</span> <span class='ocrx_word' id='word_1_576' title='bbox 1477 1267 1508 1296; x_wconf 91' lang='lat' dir='ltr'>id</span> <span class='ocrx_word' id='word_1_577' title='bbox 1533 1273 1600 1303; x_wconf 81' lang='lat' dir='ltr'>est.</span> <span class='ocrx_word' id='word_1_578' title='bbox 1631 1277 1692 1307; x_wconf 90' lang='lat' dir='ltr'>qua</span> <span class='ocrx_word' id='word_1_579' title='bbox 1716 1277 1860 1306; x_wconf 90' lang='lat' dir='ltr'>persona</span> <span class='ocrx_word' id='word_1_580' title='bbox 1885 1267 1982 1298; x_wconf 86' lang='lat' dir='ltr'>Pater</span> <span class='ocrx_word' id='word_1_581' title='bbox 2005 1273 2036 1298; x_wconf 88' lang='lat' dir='ltr'>et</span> <span class='ocrx_word' id='word_1_582' title='bbox 2058 1267 2160 1298; x_wconf 86' lang='lat' dir='ltr'>Filius</span> <span class='ocrx_word' id='word_1_583' title='bbox 2182 1278 2237 1300; x_wconf 80' lang='lat' dir='ltr'>ac·</span> 
     </span>
     <span class='ocr_line' id='line_1_85' title="bbox 1266 1308 2237 1349; baseline 0.002 -10"><span class='ocrx_word' id='word_1_584' title='bbox 1266 1310 1407 1340; x_wconf 90' lang='lat' dir='ltr'>cendunt</span> <span class='ocrx_word' id='word_1_585' title='bbox 1426 1319 1544 1339; x_wconf 88' lang='lat' dir='ltr'>novam</span> <span class='ocrx_word' id='word_1_586' title='bbox 1568 1308 1684 1345; x_wconf 71' lang='grc'><strong>11108111,</strong></span> <span class='ocrx_word' id='word_1_587' title='bbox 1708 1319 1813 1339; x_wconf 87' lang='lat' dir='ltr'>novos</span> <span class='ocrx_word' id='word_1_588' title='bbox 1837 1315 1942 1339; x_wconf 89' lang='lat' dir='ltr'>motus</span> <span class='ocrx_word' id='word_1_589' title='bbox 1959 1308 2032 1338; x_wconf 91' lang='lat' dir='ltr'>Deo</span> <span class='ocrx_word' id='word_1_590' title='bbox 2055 1309 2237 1349; x_wconf 82' lang='lat' dir='ltr'>placenteS‚</span> 
     </span>
     <span class='ocr_line' id='line_1_86' title="bbox 1265 1351 2237 1382; baseline 0.001 -1"><span class='ocrx_word' id='word_1_591' title='bbox 1265 1352 1417 1382; x_wconf 90' lang='lat' dir='ltr'>iustitiam</span> <span class='ocrx_word' id='word_1_592' title='bbox 1451 1357 1481 1381; x_wconf 91' lang='lat' dir='ltr'>et</span> <span class='ocrx_word' id='word_1_593' title='bbox 1516 1352 1613 1381; x_wconf 80' lang='lat' dir='ltr'>vitam</span> <span class='ocrx_word' id='word_1_594' title='bbox 1642 1352 1673 1381; x_wconf 91' lang='lat' dir='ltr'>in</span> <span class='ocrx_word' id='word_1_595' title='bbox 1709 1351 1862 1381; x_wconf 85' lang='lat' dir='ltr'>cordibus</span> <span class='ocrx_word' id='word_1_596' title='bbox 1896 1353 2147 1382; x_wconf 84' lang='lat' dir='ltr'>renascentium.</span> <span class='ocrx_word' id='word_1_597' title='bbox 2196 1351 2237 1382; x_wconf 84' lang='lat' dir='ltr'>Et</span> 
     </span>
     <span class='ocr_line' id='line_1_87' title="bbox 1265 1393 2237 1433; baseline 0 -9"><span class='ocrx_word' id='word_1_598' title='bbox 1265 1404 1380 1424; x_wconf 83' lang='lat' dir='ltr'>revera</span> <span class='ocrx_word' id='word_1_599' title='bbox 1404 1400 1481 1424; x_wconf 85' lang='lat' dir='ltr'>tunc</span> <span class='ocrx_word' id='word_1_600' title='bbox 1504 1394 1595 1423; x_wconf 90' lang='lat' dir='ltr'>adest</span> <span class='ocrx_word' id='word_1_601' title='bbox 1609 1394 1749 1433; x_wconf 74' lang='lat' dir='ltr'>Spiritus</span> <span class='ocrx_word' id='word_1_602' title='bbox 1768 1399 1902 1423; x_wconf 84' lang='lat' dir='ltr'>sanctus</span> <span class='ocrx_word' id='word_1_603' title='bbox 1925 1393 1957 1423; x_wconf 91' lang='lat' dir='ltr'>in</span> <span class='ocrx_word' id='word_1_604' title='bbox 1983 1393 2148 1431; x_wconf 84' lang='lat' dir='ltr'>cordibus,</span> <span class='ocrx_word' id='word_1_605' title='bbox 2162 1403 2237 1424; x_wconf 82' lang='grc'><strong>011111</strong></span> 
     </span>
    </p>
   </div>
   <div class='ocr_carea' id='block_1_17' title="bbox 1253 1434 2235 1477">
    <p class='ocr_par' dir='ltr' id='par_1_22' title="bbox 1253 1434 2235 1477">
     <span class='ocr_line' id='line_1_88' title="bbox 1253 1434 2235 1477; baseline -0.002 -11"><span class='ocrx_word' id='word_1_606' title='bbox 1253 1446 1303 1466; x_wconf 32' lang='lat' dir='ltr'>rea</span> <span class='ocrx_word' id='word_1_607' title='bbox 1329 1436 1422 1477; x_wconf 75' lang='lat' dir='ltr'>regit,</span> <span class='ocrx_word' id='word_1_608' title='bbox 1445 1442 1554 1466; x_wconf 87' lang='lat' dir='ltr'>movet</span> <span class='ocrx_word' id='word_1_609' title='bbox 1579 1441 1609 1465; x_wconf 94' lang='lat' dir='ltr'>et</span> <span class='ocrx_word' id='word_1_610' title='bbox 1632 1436 1800 1465; x_wconf 80' lang='lat' dir='ltr'>accendit.</span> <span class='ocrx_word' id='word_1_611' title='bbox 1827 1442 1860 1465; x_wconf 88' lang='lat' dir='ltr'>ut</span> <span class='ocrx_word' id='word_1_612' title='bbox 1888 1435 1914 1464; x_wconf 87' lang='lat' dir='ltr'>l.</span> <span class='ocrx_word' id='word_1_613' title='bbox 1939 1434 2016 1465; x_wconf 74' lang='lat' dir='ltr'>Cor.</span> <span class='ocrx_word' id='word_1_614' title='bbox 2039 1435 2060 1466; x_wconf 87' lang='lat'><strong>3</strong></span> <span class='ocrx_word' id='word_1_615' title='bbox 2083 1438 2147 1473; x_wconf 83' lang='lat' dir='ltr'>[vs.</span> <span class='ocrx_word' id='word_1_616' title='bbox 2172 1435 2235 1473; x_wconf 84' lang='lat'>16.]</span> 
     </span>
    </p>
   </div>
   <div class='ocr_carea' id='block_1_18' title="bbox 1264 1476 2238 1773">
    <p class='ocr_par' dir='ltr' id='par_1_23' title="bbox 1264 1476 2238 1773">
     <span class='ocr_line' id='line_1_89' title="bbox 1266 1476 2238 1517; baseline 0 -9"><span class='ocrx_word' id='word_1_617' title='bbox 1266 1479 1397 1508; x_wconf 86' lang='lat' dir='ltr'>dicitur:</span> <span class='ocrx_word' id='word_1_618' title='bbox 1433 1476 1600 1517; x_wconf 90' lang='lat' dir='ltr'>Templum</span> <span class='ocrx_word' id='word_1_619' title='bbox 1624 1477 1687 1507; x_wconf 91' lang='lat' dir='ltr'>Dei</span> <span class='ocrx_word' id='word_1_620' title='bbox 1710 1478 1801 1507; x_wconf 90' lang='lat' dir='ltr'>estis.</span> <span class='ocrx_word' id='word_1_621' title='bbox 1826 1483 1854 1507; x_wconf 89' lang='lat' dir='ltr'>et</span> <span class='ocrx_word' id='word_1_622' title='bbox 1875 1477 2008 1517; x_wconf 82' lang='lat' dir='ltr'>spiritus</span> <span class='ocrx_word' id='word_1_623' title='bbox 2031 1477 2093 1508; x_wconf 86' lang='lat' dir='ltr'>Dei</span> <span class='ocrx_word' id='word_1_624' title='bbox 2114 1477 2238 1509; x_wconf 82' lang='lat' dir='ltr'>habitat</span> 
     </span>
     <span class='ocr_line' id='line_1_90' title="bbox 1264 1519 2238 1560; baseline -0.002 -9"><span class='ocrx_word' id='word_1_625' title='bbox 1264 1521 1295 1551; x_wconf 92' lang='lat' dir='ltr'>in</span> <span class='ocrx_word' id='word_1_626' title='bbox 1320 1521 1426 1551; x_wconf 81' lang='lat' dir='ltr'>vobis.</span> <span class='ocrx_word' id='word_1_627' title='bbox 1472 1520 1561 1550; x_wconf 85' lang='lat' dir='ltr'>Haec</span> <span class='ocrx_word' id='word_1_628' title='bbox 1585 1521 1777 1560; x_wconf 80' lang='lat' dir='ltr'>gubernatio</span> <span class='ocrx_word' id='word_1_629' title='bbox 1807 1526 1837 1550; x_wconf 88' lang='lat' dir='ltr'>et</span> <span class='ocrx_word' id='word_1_630' title='bbox 1860 1519 2075 1551; x_wconf 85' lang='lat' dir='ltr'>sanctificatio</span> <span class='ocrx_word' id='word_1_631' title='bbox 2098 1526 2238 1551; x_wconf 85' lang='lat' dir='ltr'>vocatur</span> 
     </span>
     <span class='ocr_line' id='line_1_91' title="bbox 1264 1561 2237 1604; baseline 0 -11"><span class='ocrx_word' id='word_1_632' title='bbox 1264 1564 1349 1593; x_wconf 90' lang='lat' dir='ltr'>actio</span> <span class='ocrx_word' id='word_1_633' title='bbox 1373 1561 1527 1603; x_wconf 89' lang='lat' dir='ltr'>specialis</span> <span class='ocrx_word' id='word_1_634' title='bbox 1546 1562 1619 1593; x_wconf 90' lang='lat' dir='ltr'>Dei.</span> <span class='ocrx_word' id='word_1_635' title='bbox 1663 1561 1706 1592; x_wconf 89' lang='lat' dir='ltr'>Ut</span> <span class='ocrx_word' id='word_1_636' title='bbox 1730 1568 1836 1593; x_wconf 88' lang='lat' dir='ltr'>autem</span> <span class='ocrx_word' id='word_1_637' title='bbox 1855 1561 1956 1592; x_wconf 90' lang='lat' dir='ltr'>Filius</span> <span class='ocrx_word' id='word_1_638' title='bbox 1980 1562 2125 1593; x_wconf 83' lang='lat' dir='ltr'>nascitur</span> <span class='ocrx_word' id='word_1_639' title='bbox 2147 1562 2237 1604; x_wconf 81' lang='lat' dir='ltr'>cogi-</span> 
     </span>
     <span class='ocr_line' id='line_1_92' title="bbox 1264 1603 2236 1645; baseline -0.001 -9"><span class='ocrx_word' id='word_1_640' title='bbox 1264 1607 1402 1637; x_wconf 87' lang='lat' dir='ltr'>tatione.</span> <span class='ocrx_word' id='word_1_641' title='bbox 1436 1606 1477 1635; x_wconf 86' lang='lat' dir='ltr'>ita</span> <span class='ocrx_word' id='word_1_642' title='bbox 1502 1605 1643 1645; x_wconf 86' lang='lat' dir='ltr'>Spiritus</span> <span class='ocrx_word' id='word_1_643' title='bbox 1677 1612 1813 1635; x_wconf 89' lang='lat' dir='ltr'>sanctus</span> <span class='ocrx_word' id='word_1_644' title='bbox 1847 1605 1995 1644; x_wconf 89' lang='lat' dir='ltr'>procedit</span> <span class='ocrx_word' id='word_1_645' title='bbox 2023 1615 2042 1635; x_wconf 83' lang='lat' dir='ltr'>a</span> <span class='ocrx_word' id='word_1_646' title='bbox 2067 1603 2236 1635; x_wconf 79' lang='lat' dir='ltr'>voluntate</span> 
     </span>
     <span class='ocr_line' id='line_1_93' title="bbox 1265 1645 2237 1688; baseline -0.001 -9"><span class='ocrx_word' id='word_1_647' title='bbox 1265 1647 1372 1679; x_wconf 83' lang='lat' dir='ltr'>Patris</span> <span class='ocrx_word' id='word_1_648' title='bbox 1397 1654 1426 1678; x_wconf 94' lang='lat' dir='ltr'>et</span> <span class='ocrx_word' id='word_1_649' title='bbox 1451 1646 1540 1683; x_wconf 76' lang='lat' dir='ltr'>Filii3</span> <span class='ocrx_word' id='word_1_650' title='bbox 1569 1646 1747 1677; x_wconf 85' lang='lat' dir='ltr'>voluntatis</span> <span class='ocrx_word' id='word_1_651' title='bbox 1772 1648 1854 1677; x_wconf 86' lang='lat' dir='ltr'>enim</span> <span class='ocrx_word' id='word_1_652' title='bbox 1878 1653 1926 1677; x_wconf 85' lang='lat' dir='ltr'>est</span> <span class='ocrx_word' id='word_1_653' title='bbox 1940 1648 1986 1687; x_wconf 74' lang='lat'>⁴⁰)</span> <span class='ocrx_word' id='word_1_654' title='bbox 2009 1647 2145 1688; x_wconf 81' lang='lat' dir='ltr'>agitare,</span> <span class='ocrx_word' id='word_1_655' title='bbox 2168 1645 2237 1678; x_wconf 80' lang='lat' dir='ltr'>dili-</span> 
     </span>
     <span class='ocr_line' id='line_1_94' title="bbox 1265 1688 2234 1731; baseline 0 -11"><span class='ocrx_word' id='word_1_656' title='bbox 1265 1700 1361 1731; x_wconf 74' lang='lat' dir='ltr'>gere,</span> <span class='ocrx_word' id='word_1_657' title='bbox 1395 1691 1478 1721; x_wconf 86' lang='lat' dir='ltr'>sicut</span> <span class='ocrx_word' id='word_1_658' title='bbox 1502 1696 1532 1720; x_wconf 90' lang='lat' dir='ltr'>et</span> <span class='ocrx_word' id='word_1_659' title='bbox 1558 1700 1615 1719; x_wconf 88' lang='lat' dir='ltr'>cor</span> <span class='ocrx_word' id='word_1_660' title='bbox 1637 1688 1812 1720; x_wconf 84' lang='lat' dir='ltr'>humanum</span> <span class='ocrx_word' id='word_1_661' title='bbox 1830 1699 1896 1720; x_wconf 91' lang='lat' dir='ltr'>non</span> <span class='ocrx_word' id='word_1_662' title='bbox 1918 1690 2142 1730; x_wconf 81' lang='lat' dir='ltr'>imagines,⁴¹)</span> <span class='ocrx_word' id='word_1_663' title='bbox 2177 1689 2234 1720; x_wconf 87' lang='lat' dir='ltr'>sed</span> 
     </span>
     <span class='ocr_line' id='line_1_95' title="bbox 1266 1731 1763 1773; baseline 0 -11"><span class='ocrx_word' id='word_1_664' title='bbox 1266 1734 1399 1773; x_wconf 88' lang='lat' dir='ltr'>spiritus</span> <span class='ocrx_word' id='word_1_665' title='bbox 1424 1742 1483 1763; x_wconf 87' lang='lat' dir='ltr'>seu</span> <span class='ocrx_word' id='word_1_666' title='bbox 1508 1731 1627 1762; x_wconf 86' lang='lat' dir='ltr'>halitus</span> <span class='ocrx_word' id='word_1_667' title='bbox 1650 1733 1763 1773; x_wconf 78' lang='lat' dir='ltr'>gignit.</span> 
     </span>
    </p>
   </div>
   <div class='ocr_carea' id='block_1_19' title="bbox 1561 1845 1940 1884">
    <p class='ocr_par' dir='ltr' id='par_1_24' title="bbox 1561 1845 1940 1884">
     <span class='ocr_line' id='line_1_96' title="bbox 1561 1845 1940 1884; baseline -0.003 0"><span class='ocrx_word' id='word_1_668' title='bbox 1561 1845 1940 1884; x_wconf 76' lang='lat' dir='ltr'>Testimonia.</span> 
     </span>
    </p>
   </div>
   <div class='ocr_carea' id='block_1_20' title="bbox 1264 1941 2236 2324">
    <p class='ocr_par' dir='ltr' id='par_1_25' title="bbox 1264 1941 2236 2324">
     <span class='ocr_line' id='line_1_97' title="bbox 1351 1941 2236 1983; baseline 0 -10"><span class='ocrx_word' id='word_1_669' title='bbox 1351 1942 1465 1973; x_wconf 80' lang='lat' dir='ltr'>Matth.</span> <span class='ocrx_word' id='word_1_670' title='bbox 1488 1941 1598 1973; x_wconf 87' lang='lat' dir='ltr'>ultimo</span> <span class='ocrx_word' id='word_1_671' title='bbox 1623 1942 1689 1981; x_wconf 71' lang='lat'>[28.</span> <span class='ocrx_word' id='word_1_672' title='bbox 1715 1943 1795 1980; x_wconf 78' lang='lat'>19.]:</span> <span class='ocrx_word' id='word_1_673' title='bbox 1819 1942 2030 1983; x_wconf 88' lang='lat' dir='ltr'>Baptizantes</span> <span class='ocrx_word' id='word_1_674' title='bbox 2053 1952 2111 1973; x_wconf 86' lang='lat' dir='ltr'>eos</span> <span class='ocrx_word' id='word_1_675' title='bbox 2129 1943 2160 1973; x_wconf 88' lang='lat' dir='ltr'>in</span> <span class='ocrx_word' id='word_1_676' title='bbox 2178 1953 2236 1973; x_wconf 90' lang='lat' dir='ltr'>no-</span> 
     </span>
     <span class='ocr_line' id='line_1_98' title="bbox 1264 1984 2235 2024; baseline 0 -9"><span class='ocrx_word' id='word_1_677' title='bbox 1264 1987 1350 2016; x_wconf 90' lang='lat' dir='ltr'>mine</span> <span class='ocrx_word' id='word_1_678' title='bbox 1374 1984 1482 2016; x_wconf 87' lang='lat' dir='ltr'>Patris</span> <span class='ocrx_word' id='word_1_679' title='bbox 1513 1991 1542 2015; x_wconf 87' lang='lat' dir='ltr'>et</span> <span class='ocrx_word' id='word_1_680' title='bbox 1566 1984 1639 2016; x_wconf 90' lang='lat' dir='ltr'>Filii</span> <span class='ocrx_word' id='word_1_681' title='bbox 1668 1992 1698 2015; x_wconf 91' lang='lat' dir='ltr'>et</span> <span class='ocrx_word' id='word_1_682' title='bbox 1722 1985 1861 2024; x_wconf 87' lang='lat' dir='ltr'>Spiritus</span> <span class='ocrx_word' id='word_1_683' title='bbox 1891 1985 2006 2015; x_wconf 87' lang='lat' dir='ltr'>sancti.</span> <span class='ocrx_word' id='word_1_684' title='bbox 2051 1984 2112 2015; x_wconf 85' lang='lat' dir='ltr'>Hic</span> <span class='ocrx_word' id='word_1_685' title='bbox 2135 1985 2235 2016; x_wconf 90' lang='lat' dir='ltr'>nomi-</span> 
     </span>
     <span class='ocr_line' id='line_1_99' title="bbox 1266 2028 2234 2068; baseline 0 -10"><span class='ocrx_word' id='word_1_686' title='bbox 1266 2029 1364 2058; x_wconf 89' lang='lat' dir='ltr'>natim</span> <span class='ocrx_word' id='word_1_687' title='bbox 1399 2034 1466 2058; x_wconf 86' lang='lat' dir='ltr'>tres</span> <span class='ocrx_word' id='word_1_688' title='bbox 1500 2037 1660 2068; x_wconf 88' lang='lat' dir='ltr'>personas</span> <span class='ocrx_word' id='word_1_689' title='bbox 1694 2034 1843 2058; x_wconf 83' lang='lat' dir='ltr'>recenset</span> <span class='ocrx_word' id='word_1_690' title='bbox 1868 2034 1897 2058; x_wconf 91' lang='lat' dir='ltr'>et</span> <span class='ocrx_word' id='word_1_691' title='bbox 1920 2028 2027 2058; x_wconf 89' lang='lat' dir='ltr'>tribuit</span> <span class='ocrx_word' id='word_1_692' title='bbox 2051 2028 2099 2057; x_wconf 88' lang='lat' dir='ltr'>eis</span> <span class='ocrx_word' id='word_1_693' title='bbox 2122 2037 2234 2068; x_wconf 87' lang='lat' dir='ltr'>parem</span> 
     </span>
     <span class='ocr_line' id='line_1_100' title="bbox 1265 2068 2235 2111; baseline 0.001 -12"><span class='ocrx_word' id='word_1_694' title='bbox 1265 2071 1441 2111; x_wconf 83' lang='lat' dir='ltr'>potentiam</span> <span class='ocrx_word' id='word_1_695' title='bbox 1477 2076 1507 2100; x_wconf 88' lang='lat' dir='ltr'>et</span> <span class='ocrx_word' id='word_1_696' title='bbox 1540 2069 1709 2101; x_wconf 86' lang='lat' dir='ltr'>honorem.</span> <span class='ocrx_word' id='word_1_697' title='bbox 1757 2069 1865 2100; x_wconf 91' lang='lat' dir='ltr'>Voluit</span> <span class='ocrx_word' id='word_1_698' title='bbox 1900 2071 1983 2100; x_wconf 90' lang='lat' dir='ltr'>enim</span> <span class='ocrx_word' id='word_1_699' title='bbox 2018 2068 2169 2100; x_wconf 77' lang='lat' dir='ltr'>Christus</span> <span class='ocrx_word' id='word_1_700' title='bbox 2201 2070 2235 2100; x_wconf 91' lang='lat' dir='ltr'>in</span> 
     </span>
     <span class='ocr_line' id='line_1_101' title="bbox 1264 2111 2233 2153; baseline -0.001 -10"><span class='ocrx_word' id='word_1_701' title='bbox 1264 2113 1327 2143; x_wconf 86' lang='lat' dir='ltr'>hac</span> <span class='ocrx_word' id='word_1_702' title='bbox 1351 2113 1453 2153; x_wconf 86' lang='lat' dir='ltr'>prima</span> <span class='ocrx_word' id='word_1_703' title='bbox 1477 2114 1660 2143; x_wconf 88' lang='lat' dir='ltr'>ceremonia</span> <span class='ocrx_word' id='word_1_704' title='bbox 1685 2111 1857 2152; x_wconf 86' lang='lat' dir='ltr'>complecti</span> <span class='ocrx_word' id='word_1_705' title='bbox 1878 2122 2035 2143; x_wconf 85' lang='lat' dir='ltr'>summani</span> <span class='ocrx_word' id='word_1_706' title='bbox 2053 2111 2233 2153; x_wconf 84' lang='lat' dir='ltr'>Evangelii.</span> 
     </span>
     <span class='ocr_line' id='line_1_102' title="bbox 1266 2153 2235 2195; baseline -0.001 -10"><span class='ocrx_word' id='word_1_707' title='bbox 1266 2155 1375 2190; x_wconf 89' lang='lat' dir='ltr'>Quare</span> <span class='ocrx_word' id='word_1_708' title='bbox 1409 2154 1504 2185; x_wconf 88' lang='lat' dir='ltr'>simul</span> <span class='ocrx_word' id='word_1_709' title='bbox 1540 2161 1570 2185; x_wconf 89' lang='lat' dir='ltr'>et</span> <span class='ocrx_word' id='word_1_710' title='bbox 1606 2154 1799 2185; x_wconf 77' lang='lat' dir='ltr'>testificatur</span> <span class='ocrx_word' id='word_1_711' title='bbox 1833 2155 1932 2195; x_wconf 80' lang='lat' dir='ltr'>recipi</span> <span class='ocrx_word' id='word_1_712' title='bbox 1966 2163 2027 2185; x_wconf 89' lang='lat' dir='ltr'>nos</span> <span class='ocrx_word' id='word_1_713' title='bbox 2049 2164 2067 2184; x_wconf 89' lang='lat' dir='ltr'>a</span> <span class='ocrx_word' id='word_1_714' title='bbox 2090 2153 2180 2192; x_wconf 76' lang='lat' dir='ltr'>Deo,</span> <span class='ocrx_word' id='word_1_715' title='bbox 2203 2160 2235 2185; x_wconf 92' lang='lat' dir='ltr'>et</span> 
     </span>
     <span class='ocr_line' id='line_1_103' title="bbox 1266 2196 2233 2238; baseline -0.002 -9"><span class='ocrx_word' id='word_1_716' title='bbox 1266 2199 1381 2234; x_wconf 72' lang='lat' dir='ltr'>docet.</span> <span class='ocrx_word' id='word_1_717' title='bbox 1413 2198 1485 2237; x_wconf 89' lang='lat' dir='ltr'>quis</span> <span class='ocrx_word' id='word_1_718' title='bbox 1515 2198 1554 2227; x_wconf 85' lang='lat' dir='ltr'>sit</span> <span class='ocrx_word' id='word_1_719' title='bbox 1578 2196 1686 2228; x_wconf 91' lang='lat' dir='ltr'>Deus.</span> <span class='ocrx_word' id='word_1_720' title='bbox 1721 2207 1814 2238; x_wconf 88' lang='lat' dir='ltr'>quem</span> <span class='ocrx_word' id='word_1_721' title='bbox 1845 2197 1950 2227; x_wconf 90' lang='lat' dir='ltr'>Deum</span> <span class='ocrx_word' id='word_1_722' title='bbox 1976 2198 2178 2234; x_wconf 78' lang='lat' dir='ltr'>invocemus,</span> <span class='ocrx_word' id='word_1_723' title='bbox 2202 2202 2233 2227; x_wconf 86' lang='lat' dir='ltr'>et</span> 
     </span>
     <span class='ocr_line' id='line_1_104' title="bbox 1266 2238 2234 2281; baseline -0.001 -11"><span class='ocrx_word' id='word_1_724' title='bbox 1266 2240 1341 2281; x_wconf 90' lang='lat' dir='ltr'>quid</span> <span class='ocrx_word' id='word_1_725' title='bbox 1376 2240 1470 2269; x_wconf 89' lang='lat' dir='ltr'>nobis</span> <span class='ocrx_word' id='word_1_726' title='bbox 1505 2240 1614 2269; x_wconf 82' lang='lat' dir='ltr'>donet.</span> <span class='ocrx_word' id='word_1_727' title='bbox 1660 2239 1731 2281; x_wconf 80' lang='lat' dir='ltr'>Ego</span> <span class='ocrx_word' id='word_1_728' title='bbox 1761 2241 1890 2279; x_wconf 84' lang='lat' dir='ltr'>baptizo</span> <span class='ocrx_word' id='word_1_729' title='bbox 1915 2246 1947 2270; x_wconf 87' lang='lat' dir='ltr'>te</span> <span class='ocrx_word' id='word_1_730' title='bbox 1970 2240 2000 2270; x_wconf 90' lang='lat' dir='ltr'>in</span> <span class='ocrx_word' id='word_1_731' title='bbox 2020 2240 2150 2270; x_wconf 89' lang='lat' dir='ltr'>nomine</span> <span class='ocrx_word' id='word_1_732' title='bbox 2173 2238 2234 2269; x_wconf 83' lang='lat' dir='ltr'>Pa-</span> 
     </span>
     <span class='ocr_line' id='line_1_105' title="bbox 1265 2280 2234 2324; baseline -0.002 -11"><span class='ocrx_word' id='word_1_733' title='bbox 1265 2283 1322 2313; x_wconf 86' lang='lat' dir='ltr'>tris</span> <span class='ocrx_word' id='word_1_734' title='bbox 1343 2288 1373 2312; x_wconf 89' lang='lat' dir='ltr'>et</span> <span class='ocrx_word' id='word_1_735' title='bbox 1396 2280 1465 2312; x_wconf 88' lang='lat' dir='ltr'>Filii</span> <span class='ocrx_word' id='word_1_736' title='bbox 1491 2288 1521 2312; x_wconf 85' lang='lat' dir='ltr'>et</span> <span class='ocrx_word' id='word_1_737' title='bbox 1541 2281 1681 2322; x_wconf 88' lang='lat' dir='ltr'>Spiritus</span> <span class='ocrx_word' id='word_1_738' title='bbox 1701 2282 1817 2319; x_wconf 74' lang='lat' dir='ltr'>sancti,</span> <span class='ocrx_word' id='word_1_739' title='bbox 1841 2282 1872 2312; x_wconf 90' lang='lat' dir='ltr'>id</span> <span class='ocrx_word' id='word_1_740' title='bbox 1895 2288 1961 2312; x_wconf 89' lang='lat' dir='ltr'>est:</span> <span class='ocrx_word' id='word_1_741' title='bbox 1984 2280 2056 2324; x_wconf 85' lang='lat' dir='ltr'>Ego</span> <span class='ocrx_word' id='word_1_742' title='bbox 2074 2281 2234 2313; x_wconf 86' lang='lat' dir='ltr'>testificor</span> 
     </span>
    </p>
   </div>
   <div class='ocr_carea' id='block_1_21' title="bbox 1264 2409 1876 2490">
    <p class='ocr_par' dir='ltr' id='par_1_26' title="bbox 1264 2409 1876 2490">
     <span class='ocr_line' id='line_1_106' title="bbox 1265 2409 1876 2439; baseline 0.002 -5"><span class='ocrx_word' id='word_1_743' title='bbox 1265 2410 1310 2436; x_wconf 74' lang='grc'>391</span> <span class='ocrx_word' id='word_1_744' title='bbox 1330 2409 1462 2439; x_wconf 71' lang='lat' dir='ltr'>aeternus}</span> <span class='ocrx_word' id='word_1_745' title='bbox 1484 2410 1555 2434; x_wconf 79' lang='lat' dir='ltr'>Editt.</span> <span class='ocrx_word' id='word_1_746' title='bbox 1576 2410 1648 2433; x_wconf 78' lang='lat' dir='ltr'>1—T.</span> <span class='ocrx_word' id='word_1_747' title='bbox 1669 2409 1692 2433; x_wconf 80' lang='lat'>9.</span> <span class='ocrx_word' id='word_1_748' title='bbox 1716 2411 1752 2432; x_wconf 77' lang='lat'>1-2.</span> <span class='ocrx_word' id='word_1_749' title='bbox 1772 2413 1876 2435; x_wconf 79' lang='lat' dir='ltr'>aeterno</span> 
     </span>
     <span class='ocr_line' id='line_1_107' title="bbox 1264 2460 1789 2490; baseline 0.006 -8"><span class='ocrx_word' id='word_1_750' title='bbox 1264 2460 1310 2485; x_wconf 62' lang='lat'>40)</span> <span class='ocrx_word' id='word_1_751' title='bbox 1330 2460 1395 2484; x_wconf 78' lang='lat' dir='ltr'>enim</span> <span class='ocrx_word' id='word_1_752' title='bbox 1416 2460 1465 2490; x_wconf 80' lang='lat' dir='ltr'>est}</span> <span class='ocrx_word' id='word_1_753' title='bbox 1487 2460 1558 2485; x_wconf 82' lang='lat' dir='ltr'>Editt.</span> <span class='ocrx_word' id='word_1_754' title='bbox 1582 2462 1601 2483; x_wconf 90' lang='lat' dir='ltr'>l.</span> <span class='ocrx_word' id='word_1_755' title='bbox 1621 2460 1644 2484; x_wconf 87' lang='lat'>3.</span> <span class='ocrx_word' id='word_1_756' title='bbox 1666 2465 1703 2485; x_wconf 80' lang='lat' dir='ltr'>est</span> <span class='ocrx_word' id='word_1_757' title='bbox 1723 2461 1789 2485; x_wconf 87' lang='lat' dir='ltr'>enim</span> 
     </span>
    </p>
   </div>
   <div class='ocr_carea' id='block_1_22' title="bbox 1263 2510 2232 2573">
    <p class='ocr_par' dir='ltr' id='par_1_27' title="bbox 1263 2510 2232 2573">
     <span class='ocr_line' id='line_1_108' title="bbox 1263 2510 2232 2549; baseline 0.002 -16"><span class='ocrx_word' id='word_1_758' title='bbox 1263 2510 1462 2549; x_wconf 67' lang='lat' dir='ltr'>41)i111agitiesl</span> <span class='ocrx_word' id='word_1_759' title='bbox 1492 2511 1526 2536; x_wconf 77' lang='lat' dir='ltr'>sic</span> <span class='ocrx_word' id='word_1_760' title='bbox 1554 2517 1642 2536; x_wconf 82' lang='lat' dir='ltr'>omnes</span> <span class='ocrx_word' id='word_1_761' title='bbox 1670 2512 1751 2541; x_wconf 69' lang='lat' dir='ltr'>mitt..</span> <span class='ocrx_word' id='word_1_762' title='bbox 1779 2516 1884 2542; x_wconf 76' lang='lat' dir='ltr'>excepta</span> <span class='ocrx_word' id='word_1_763' title='bbox 1903 2511 1945 2536; x_wconf 83' lang='lat' dir='ltr'>Ed.</span> <span class='ocrx_word' id='word_1_764' title='bbox 1977 2511 2028 2541; x_wconf 79' lang='lat'>25,‚</span> <span class='ocrx_word' id='word_1_765' title='bbox 2059 2517 2123 2542; x_wconf 77' lang='lat' dir='ltr'>quae</span> <span class='ocrx_word' id='word_1_766' title='bbox 2141 2511 2232 2536; x_wconf 83' lang='lat' dir='ltr'>habet:</span> 
     </span>
     <span class='ocr_line' id='line_1_109' title="bbox 1332 2550 1476 2573; baseline -0.007 -4"><span class='ocrx_word' id='word_1_767' title='bbox 1332 2550 1476 2573; x_wconf 75' lang='lat' dir='ltr'>imaginem.</span> 
     </span>
    </p>
   </div>
   <div class='ocr_carea' id='block_1_23' title="bbox 2321 1746 2358 2933">
    <p class='ocr_par' dir='ltr' id='par_1_28' title="bbox 2321 1746 2358 2933">
     <span class='ocr_line' id='line_1_110' title="bbox 2321 1746 2358 2933; baseline 0 0"><span class='ocrx_word' id='word_1_768' title='bbox 2321 1746 2358 2933; x_wconf 95' lang='lat' dir='ltr'> </span> 
     </span>
    </p>
   </div>
  </div>
 </body>
</html>
