2358 2933
79 122 142 154 425

162 213 255 244 Rom.
270 213 299 243 3.
325 215 385 249 [vs.
398 211 449 241 23.
460 214 481 248 :J
507 210 629 241 Omnes
646 216 870 251 peccaverunt
888 215 920 239 et
937 214 1050 238 carent

78 256 185 298 gloria
207 255 287 290 Dei3
310 252 528 284 iustificantur
550 258 658 282 autem
682 252 783 293 gratis
805 251 909 291 ipsius
932 250 1050 291 gratia,

101 307 136 328 er
159 296 414 335 redemptionem
436 295 469 324 in
493 293 626 324 Christo
649 294 735 331 Iesu,
759 303 854 333 quem
876 291 1050 332 proposuit

112 348 170 370 eus
204 338 450 378 propitiatorem
482 346 542 377 per
576 336 673 366 fidem
705 336 738 365 in
772 335 933 375 sanguine
968 334 1047 363 eius.

77 381 167 411 Haec
191 380 370 416 sententia,
394 389 469 409 cum
491 378 614 418 inquit,
637 376 873 412 lustificantur,
902 384 1050 414 compre-

78 422 190 453 hendit
216 421 312 451 simul
340 427 372 451 et
396 421 622 450 remissionem
644 424 854 459 peccatorum
879 422 911 447 et
935 415 1049 446 iustifi-

79 465 252 496 cationem.
297 462 430 493 Diserte
459 468 568 492 autem
597 461 717 501 inquit,
754 469 850 500 quem
880 458 1051 499 proposuit

77 506 326 547 propitiatorem
355 514 415 544 per
441 503 553 540 fidem,
588 508 622 532 ut
645 500 810 543 significet
832 500 1051 541 applicatione

79 558 161 588 opus
178 557 262 584 esse,
282 546 446 584 videlicet,
465 551 500 576 ut
513 544 576 575 fide
589 543 871 584 apprehendamus
883 542 1050 573 Christum

78 596 232 630 tanquam
255 589 474 619 mediatorem.
519 586 610 617 Haec
643 586 726 616 fides
757 591 807 615 est
835 584 972 620 fiducia,
1008 584 1049 613 de

79 642 143 672 qua
172 631 320 661 diximus.
366 630 408 659 Et
437 629 589 669 quoniam
618 628 753 668 requirit
775 626 860 657 hanc
884 626 1049 662 fiduciam,

78 673 241 713 improbat
264 671 506 702 dubitationem.
539 670 640 700 Addit
655 675 687 700 et
700 668 913 705 exclusivam,
938 667 1049 698 Gratis

78 715 180 755 ipsius
205 714 328 755 gratia,
357 713 390 742 id
414 718 481 754 est,
505 712 748 748 misericordia,
771 717 806 741 ut
828 709 1050 751 intelligamus

78 766 140 787 nos
159 755 304 796 placere,
326 765 392 785 non
410 759 543 795 propter
559 754 749 795 dignitatem
765 758 954 783 nostrorum
973 761 1049 791 ope-

79 809 160 835 rum,
184 798 244 828 sed
266 802 400 838 propter
423 796 601 827 Christum.
642 795 681 826 Et
704 802 738 826 ut
760 795 825 826 hoc
849 796 890 825 sit
914 793 1047 831 clarius,

78 839 248 881 praefatur
265 840 305 870 de
323 845 437 870 nostra
454 838 668 868 immunditie:
692 838 789 873 Quod
811 846 923 868 omnes
947 837 1048 866 simus

79 883 137 919 rei,
161 888 193 912 et
216 891 387 912 careamus
412 880 518 910 vloria
540 880 614 917 Dei,
638 881 670 910 id
693 886 754 917 est,
779 890 818 910 ea
842 879 959 921 gloria,
983 878 1048 909 hoc

78 930 138 961 est,
161 924 293 960 iustitia,
318 934 416 963 quam
437 922 530 952 Deus
554 923 723 962 approbat.

162 981 290 1012 Deinde
323 982 355 1011 in
386 986 501 1020 quarto
532 981 638 1020 capite
669 979 794 1020 colligit
824 978 947 1010 Paulus
977 980 1049 1019 ipse

76 1029 269 1065 argumenta
291 1033 372 1053 suae
394 1023 592 1058 sententiae,
627 1032 666 1052 ex
689 1022 807 1062 quibus
830 1032 928 1052 unum
950 1027 1050 1061 atque

75 1064 214 1096 alterum
237 1064 344 1101 111085)
374 1064 595 1095 recitabimus.

163 1118 224 1152 [vs.
249 1114 292 1151 3.]
323 1113 468 1144 Credidit
491 1113 659 1144 Abraham
682 1114 771 1150 Deo,
802 1119 833 1143 et
857 1113 1049 1153 imputatum

76 1164 126 1188 est
149 1158 177 1188 ei
202 1157 243 1186 ad
265 1157 429 1187 iustitiam.
476 1155 538 1186 Hic
566 1156 687 1186 diserte
709 1154 848 1185 affirmat
872 1155 1048 1194 scriptura,

75 1199 244 1230 Abraham
271 1198 475 1238 pronuntiari
510 1199 650 1235 iustum,
684 1199 759 1238 quia
793 1197 949 1234 credidit,
983 1196 1047 1227 hoc

75 1247 142 1279 est,
177 1241 252 1281 quia
281 1240 392 1270 statuit
422 1249 458 1269 se
481 1239 603 1270 habere
626 1239 733 1270 Deum
756 1240 946 1280 propitium,
981 1248 1047 1268 non

73 1288 206 1324 propter
222 1282 387 1322 propriam
405 1283 608 1323 dignitatem,
634 1283 692 1313 sed
710 1292 768 1322 per
786 1281 1047 1312 misericordiam

74 1326 116 1355 ab
144 1325 217 1365 ipso
245 1325 450 1365 promissam.
494 1324 536 1355 Et
562 1323 647 1355 hanc
674 1324 976 1365 interpretationem
1006 1323 1046 1353 de

74 1366 245 1398 exclusiva
268 1366 390 1397 Paulus
412 1368 484 1406 ipse
506 1367 595 1397 addit
619 1370 683 1405 [vs.
701 1367 763 1405 5.]:
787 1366 862 1397 Non
886 1366 1046 1406 operanti,

74 1409 135 1439 sed
157 1409 303 1440 credenti
324 1409 358 1439 in
381 1419 465 1446 eum,
489 1410 542 1449 qui
565 1409 720 1440 iustificat
742 1409 885 1448 impium,
908 1409 1045 1448 imputa-

74 1456 127 1481 tur
148 1450 231 1481 fides
255 1451 324 1481 eius
348 1452 390 1481 ad
412 1452 576 1482 iustitiam.
622 1451 668 1482 Ita
692 1451 799 1487 fidem,
823 1452 856 1481 id
880 1456 941 1488 est,
964 1449 1045 1481 fidu-

75 1493 158 1524 ciam
179 1493 433 1530 misericordiae,
458 1495 590 1534 opponit
614 1494 761 1535 dignitati
785 1499 929 1524 nostrae.

161 1551 222 1582 Hic
250 1552 366 1583 iterum
397 1553 557 1583 admoneo
584 1553 671 1593 pium
699 1551 872 1590 lectorem,
901 1558 936 1582 ut
966 1562 1044 1583 con-

75 1594 212 1631 sideret,
242 1605 339 1635 quam
368 1593 532 1634 1001111105,
564 1606 659 1635 quam
690 1596 878 1625 necessaria
902 1595 944 1625 sit
967 1604 1045 1625 con-

74 1635 213 1672 solatiO,
244 1642 356 1666 tenere
377 1636 464 1667 hanc
487 1638 700 1673 sententiam,
725 1638 812 1677 quod
836 1637 929 1668 Deus
954 1642 1045 1668 certo

74 1677 151 1709 velit
174 1678 230 1708 tibi
257 1679 445 1709 condonare
467 1684 616 1719 peccata,
639 1689 825 1719 quanquam
843 1690 908 1709 non
927 1679 1045 1710 afferas

73 1722 114 1751 ad
139 1730 212 1750 eum
234 1721 367 1755 merita:
390 1722 487 1757 item,
512 1721 599 1761 quod
622 1722 845 1762 praeceperit,
869 1728 901 1752 ut
927 1722 1043 1752 credas

74 1763 131 1792 tibi
147 1762 287 1802 ignosci,
311 1763 399 1802 quod
417 1762 502 1793 1111110
522 1762 645 1794 cultum
663 1765 821 1804 requirat,
843 1765 931 1802 item,
956 1764 1045 1804 quod

74 1803 259 1835 inchoatam
282 1805 511 1842 obedientiam,
534 1806 661 1836 tametsi
679 1805 794 1846 procul
811 1807 906 1837 abest
929 1817 948 1836 a
971 1816 1044 1846 per-

73 1845 215 1876 fectione
236 1845 338 1887 legiS,
371 1849 532 1887 approbet
553 1853 679 1883 tamen,
708 1849 783 1889 quia
809 1849 871 1878 iam
901 1858 1045 1889 persona

74 1895 125 1918 est
147 1888 357 1919 reconciliata
380 1889 444 1920 fide
466 1890 498 1919 in
523 1889 698 1921 Christum.
730 1890 817 1921 Haec
841 1892 868 1921 si
892 1892 964 1932 quis
988 1897 1044 1921 aut

72 1937 268 1970 aspernatur
291 1937 346 1962 aut
368 1932 546 1971 improbat,
577 1933 623 1969 is,
659 1934 737 1974 quid
760 1934 801 1964 sit
824 1944 903 1964 vera
926 1933 1042 1964 Poeni-

72 1973 173 2003 tentia
195 1979 249 2004 aut
271 1973 394 2011 Pietas,
417 1984 554 2015 prorsus
577 1975 719 2016 ignorat.

158 2022 312 2054 Ultimum
344 2032 571 2065 argumentum
610 2025 702 2057 Rom.
731 2026 761 2056 4.
796 2032 957 2067 sumptum
992 2032 1042 2056 est

72 2074 112 2094 ex
142 2063 287 2096 fontibus
315 2068 457 2108 negotii,
487 2066 641 2098 xddelicet
664 2078 705 2098 ex
729 2079 830 2099 causa
852 2069 1042 2109 promissio-

72 2107 133 2137 nis.
163 2106 203 2137 Et
226 2106 427 2139 exclusivam
449 2110 625 2150 praecipue
649 2111 821 2142 confirmat
843 2111 907 2142 hoc
932 2112 1039 2143 modo.

157 2166 192 2196 Si
220 2167 395 2206 promissio
423 2168 698 2201 reconciliationis
721 2171 877 2210 penderet
901 2181 939 2201 ex
964 2181 1041 2201 con-

72 2208 191 2238 ditione
214 2207 298 2250 legis
322 2215 475 2250 tanquam
499 2223 529 2241 ex
538 2218 575 2249 ΝΕ)
599 2222 711 2249 causa,
734 2212 825 2244 fieret
850 2214 985 2244 incerta.

156 2267 221 2316 Sed
246 2274 375 2308 oportet
397 2267 482 2300 hanc
500 2271 750 2310 promissionem
773 2273 984 2304 conscientiis
994 2275 1040 2311 S⁷)

71 2315 192 2340 nostris
217 2316 336 2341 certam
360 2320 445 2341 esse.

72 2425 116 2455 85)
142 2426 181 2450 hic
199 2427 338 2451 omittunt
358 2428 429 2452 Editt.
450 2430 471 2453 7.
491 2430 514 2453 8.
539 2430 655 2454 11-14.
674 2433 699 2454 et
718 2432 776 2461 Opp.

72 2475 116 2503 86)
142 2482 172 2500 ex
191 2475 301 2501 addunt
322 2478 393 2503 Editt.
414 2479 436 2501 8.
460 2480 528 2503 11—
541 2480 576 2503 13.
596 2483 620 2504 et
639 2481 698 2510 Opp-

72 2525 117 2553 87)
143 2527 310 2558 conscientiis]
333 2528 405 2553 Editt.
425 2529 445 2551 l.
465 2530 487 2551 2.
508 2530 601 2558 typoth.
621 2536 718 2555 errore:
741 2530 893 2555 conctieunis

529 119 551 149 1.
575 118 676 149 LOCI
699 117 974 148 THEOLOGICI:
998 116 1034 147 C.
1059 116 1268 148 SECUNDA
1286 115 1442 146 EORUM
1466 113 1620 145 AETAS.

2007 113 2071 143 426

1178 208 1281 249 Igitur
1310 217 1449 238 necesse
1473 213 1523 237 est
1547 207 1651 248 gratis
1676 205 1817 246 promitti
1841 205 2070 235 remissionem

1092 256 1305 289 peccatorum
1329 256 1359 279 et
1383 248 1697 285 reconciliationem.
1721 258 1761 278 ac
1780 246 1844 277 fide
1863 246 1980 286 accipi,
2004 256 2070 275 non

1092 296 1227 330 propter
1250 291 1441 332 dignitatem
1464 296 1623 320 nostram.

1178 332 1336 363 Maiorem
1358 334 1477 372 probat
1500 332 1636 368 Paulus,
1661 332 1736 372 quia
1759 330 1829 360 Lex
1853 330 1933 360 iram
1958 327 2069 365 efficit,

1092 373 1124 404 id
1159 380 1225 411 est,
1261 384 1334 404 cum
1368 384 1464 404 nemo
1498 373 1564 414 legi
1595 372 1794 407 satisfaciam
1828 371 1898 402 Lex
1932 377 2071 401 accusat

1093 425 1218 446 omnes.
1261 416 1372 450 Quare
1395 425 1536 446 necesse
1560 422 1648 444 esset
1673 415 1822 444 dubitare
1846 414 2069 443 conscientias

1092 457 1388 495 deiustificatione,
1412 459 1474 488 imo
1493 458 1681 496 desperare,
1705 456 1731 485 si
1746 456 1952 486 sentiendum
1966 461 2070 491 esset,

1092 508 1154 529 nos
1177 509 1242 528 non
1265 501 1465 538 pronuntiari
1496 500 1619 534 iustos,
1643 498 1704 528 nisi
1730 504 1905 537 postquam
1923 496 1988 537 legi
2014 507 2065 527 sa-

1092 539 1321 572 tisfecerimus.
1368 540 1429 571 Hic
1457 540 1684 580 unusquisque
1712 549 1804 569 suam
1834 539 2070 569 conscientiam

1092 581 1255 620 consulat,
1284 593 1326 613 an
1357 582 1423 624 legi
1447 581 1638 613 satisfaciat.
1684 581 1724 610 Et
1749 591 1935 621 quanquam
1959 580 2070 621 Hypo-

1093 625 1193 654 critae
1210 634 1277 654 non
1298 625 1410 655 vident
1430 635 1467 655 se
1484 635 1503 654 a
1520 623 1595 665 lege
1613 624 1776 659 accusari,
1801 629 1910 654 tamen
1929 623 1962 652 in
1982 622 2070 653 veris

1093 667 1274 697 terroribus
1299 667 1525 706 experiuntur,
1553 676 1619 696 non
1644 671 1798 705 poterunt
1811 666 1858 705 ⁵3)
1884 675 1986 704 opera
2009 674 2069 694 sua

1093 718 1259 749 opponere
1282 709 1400 739 iudicio
1413 708 1486 738 Dei.
1521 708 1668 738 Necesse
1692 713 1741 737 est
1765 707 1864 748 igitur
1887 706 1973 737 hanc
1996 716 2070 736 sen-

1093 751 1226 780 tentiam
1261 751 1301 781 de
1335 751 1477 792 gratuita
1514 749 1780 780 reconciliatione
1812 754 1941 785 tenere:
1984 749 2070 779 sicut

1092 791 1214 824 Paulus
1238 794 1356 833 inquit:
1381 793 1457 823 Ideo
1481 802 1522 822 ex
1545 792 1609 822 fide
1633 792 1747 834 gratis,
1770 797 1805 822 ut
1824 792 1866 821 sit
1886 791 1979 821 firma
1996 801 2070 831 pro-

1092 844 1217 865 11115510.

1180 876 1247 907 Sed
1281 876 1411 917 quidam
1445 875 1642 913 reclamant,
1676 886 1738 906 1105
1768 874 1941 905 inciviliter
1970 875 2069 905 inter-

1092 919 1213 958 pretari
1236 917 1373 949 Paulum
1403 929 1442 948 ac
1473 919 1668 959 detorquere
1698 918 1802 958 ipsius
1826 917 2004 948 sententias
2029 917 2068 947 ad

1093 959 1244 997 moralia,
1270 972 1344 991 cum
1368 967 1491 991 tantum
1515 959 1668 990 detrahat
1691 959 1955 991 iustificatimlem
1979 969 2069 990 cere-

1092 1002 1218 1033 moniis.
1252 1001 1408 1032 Profecto
1432 1013 1449 1032 a
1475 1003 1625 1033 doctrina
1648 1002 1816 1043 religionis
1846 1002 1991 1041 inprimis
2019 1012 2069 1032 re—

1091 1044 1253 1075 movenda
1287 1050 1337 1075 est
1367 1043 1565 1084 Sophistice.
1616 1045 1667 1074 Ac
1703 1045 1730 1074 si
1761 1045 1833 1085 quis
1870 1044 1975 1081 alius,
2007 1054 2069 1085 ego

1092 1085 1302 1126 Sophisticen
1331 1096 1370 1116 ex
1399 1087 1507 1117 animo
1532 1088 1593 1117 odi·
1642 1086 1752 1122 Quare
1775 1097 1835 1127 pro
1858 1085 1941 1117 virili
1966 1094 2069 1117 conor

1090 1129 1223 1168 proprie
1262 1134 1293 1159 et
1331 1128 1525 1168 simpliciter
1564 1130 1701 1160 recitare
1736 1130 1930 1159 sententiam
1964 1128 2068 1159 Pauli.

1092 1169 1231 1200 Constat
1260 1176 1368 1201 autem
1391 1169 1528 1202 Paulum
1557 1181 1657 1212 saepe
1681 1170 1860 1208 affirmare,
1892 1171 1980 1212 quod
2003 1170 2069 1212 legi

1090 1211 1206 1243 morali
1233 1223 1328 1243 nemo
1358 1212 1557 1249 satisfaciat:
1589 1214 1677 1254 quod
1699 1213 1781 1244 haec
1804 1213 1929 1243 infirma
1952 1219 2070 1245 natura

1090 1254 1231 1285 hominis
1270 1256 1313 1285 sit
1348 1256 1409 1285 51111
1444 1257 1654 1295 1100001059)
1713 1256 1823 1291 Quare
1858 1266 1922 1286 non
1957 1262 2069 1296 potest

1090 1298 1257 1338 propriam
1284 1298 1439 1328 iustitiam
1467 1304 1523 1328 aut
1546 1299 1732 1328 munditiem
1757 1308 1924 1338 opponere
1948 1298 2067 1329 iudicio

1089 1339 1162 1370 Dei.
1207 1339 1283 1370 Ideo
1314 1338 1439 1370 Paulus
1468 1340 1571 1381 inquit
1600 1340 1708 1379 [Rom.
1732 1340 1763 1378 5,
1786 1341 1851 1379 2.]:
1887 1340 1951 1370 Per
1974 1339 2067 1371 Chri-

1089 1388 1174 1412 stum
1207 1382 1365 1412 habemus
1400 1392 1576 1413 accessum
1606 1384 1647 1414 ad
1677 1383 1792 1414 Deum.
1842 1382 1883 1413 Et
1914 1382 2067 1413 Christus

1089 1425 1133 1454 ait
1156 1423 1236 1462 [1011.
1249 1424 1281 1462 S,
1294 1424 1377 1462 36.1:
1403 1424 1515 1455 sivos
1540 1424 1625 1456 filius
1649 1424 1846 1463 liberaverit,
1871 1435 1949 1456 vere
1971 1424 2067 1456 liberi

1088 1466 1188 1496 eritis.
1234 1467 1314 1498 Item
1338 1467 1425 1504 [ibid.
1449 1467 1499 1505 15,
1525 1467 1586 1505 5.]:
1610 1467 1682 1509 Ego
1706 1478 1778 1498 sum
1802 1468 1887 1505 vitis,
1912 1478 1974 1498 vos
1998 1467 2067 1508 pal-

1087 1509 1181 1539 mites
1205 1515 1267 1540 etc.
1313 1509 1393 1539 Item
1417 1510 1505 1546 [ibid.
1526 1510 1554 1548 l,
1576 1510 1655 1548 124:
1679 1510 1776 1541 Dedit
1800 1511 1847 1540 eis
1871 1515 2066 1550 potestatem

1088 1550 1172 1582 filios
1195 1551 1259 1582 Dei
1282 1551 1362 1589 fieri,
1385 1551 1448 1589 1115,
1473 1553 1527 1593 qui
1551 1554 1688 1584 credunt
1711 1554 1742 1583 in
1763 1553 1891 1583 nomine
1912 1553 1981 1583 eius
2001 1559 2064 1583 etc.

1174 1594 1245 1625 Hoc
1268 1594 1365 1635 igitur
1377 1593 1499 1625 Paulus
1523 1596 1601 1636 agit,
1626 1602 1660 1626 ut
1678 1596 1806 1633 doceat,
1829 1596 1924 1626 nobis
1949 1596 2065 1626 remitti

1087 1642 1235 1676 peccata,
1259 1647 1322 1667 1105
1346 1637 1530 1675 iustificari,
1555 1638 1587 1668 id
1611 1644 1678 1675 est,
1702 1637 1906 1669 reconciliari
1930 1643 2065 1678 propter

1087 1678 1270 1715 Christum,
1305 1689 1370 1709 non
1404 1685 1539 1720 propter
1574 1681 1764 1722 dignitatem
1799 1679 2064 1712 ceremonialium

1088 1728 1143 1752 aut
1172 1720 1342 1752 moralium
1373 1731 1526 1761 operum,
1560 1723 1823 1764 quandoquidem
1855 1734 1917 1755 nec
1950 1722 2064 1754 morali

1087 1762 1151 1804 legi
1187 1762 1349 1794 satisfacit
1394 1763 1477 1794 haec
1511 1764 1637 1795 infirma
1673 1771 1804 1801 natura;
1845 1767 1906 1796 etsi
1945 1772 2063 1806 postea

1087 1805 1240 1836 inchoata
1269 1806 1454 1837 obedienda
1484 1813 1515 1837 et
1545 1808 1719 1848 requiritur
1749 1814 1779 1838 et
1802 1807 1910 1848 placet
1934 1808 2006 1839 Deo
2031 1812 2063 1839 111

1088 1847 1316 1879 reconciliatis.
1374 1848 1468 1879 Hanc
1503 1860 1579 1880 esse
1612 1849 1702 1881 Pauli
1737 1851 1951 1888 sententiam,
1993 1852 2064 1891 ipse

1087 1901 1217 1931 quoque
1241 1896 1391 1928 testatur,
1417 1902 1490 1922 cum
1514 1892 1554 1922 de
1577 1891 1653 1933 lege
1678 1894 1778 1933 inquit
1802 1893 1909 1931 [Rom.
1928 1893 1959 1931 3,
1978 1893 2061 1932 20.]:

1086 1932 1151 1963 Per
1172 1932 1279 1974 legem
1302 1938 1475 1973 peccatum
1498 1933 1531 1964 fit
1556 1934 1756 1966 excellenter
1779 1936 1948 1974 vitiosum,
1962 1938 2007 1978 ⁹⁰)
2030 1938 2061 1967 id

1087 1981 1154 2006 est:
1179 1976 1254 2016 quia
1267 1975 1338 2005 Lex
1357 1981 1492 2006 accusat
1511 1982 1542 2007 et
1566 1978 1762 2008 condemnat
1784 1984 1967 2019 peccatum,
1990 1990 2060 2010 rea-

1087 2024 1138 2048 tus
1169 2018 1378 2060 agnoscitur,
1408 2024 1439 2049 et
1467 2018 1694 2058 perterrefacit
1722 2026 1753 2051 et
1783 2022 1901 2052 occidit
1924 2028 2059 2054 mentes.

1086 2060 1120 2091 Si
1143 2062 1233 2091 iuxta
1255 2059 1363 2102 legem
1386 2061 1593 2092 iudicandum
1616 2069 1725 2099 esset,
1755 2069 1832 2094 tunc
1856 2064 1983 2096 demum
2006 2067 2061 2096 ha-

1086 2104 1213 2134 bituros
1238 2113 1298 2133 nos
1323 2113 1400 2133 0550
1423 2103 1531 2134 Βο11111
1553 2105 1745 2145 propitium,
1781 2116 1854 2136 cum
1876 2105 1942 2148 legi
1965 2109 2060 2138 satis-

1084 2144 1278 2183 fecerimus,
1302 2155 1465 2186 nuuquam
1489 2148 1737 2188 acquiescerent
1761 2149 1869 2186 animi,
1893 2150 1969 2190 quia
1990 2150 2060 2181 Lex

1085 2198 1216 2228 semper
1238 2194 1385 2218 accusat.
1420 2187 1461 2218 Et
1478 2189 1510 2219 111
1528 2189 1615 2220 hanc
1632 2191 1827 2222 sententiam
1851 2191 1957 2228 [Rom.
1971 2193 2001 2229 7,
2014 2193 2057 2231 7.]

1085 2231 1161 2261 citat
1184 2229 1292 2271 legem
1315 2229 1485 2262 moralem:
1509 2232 1583 2262 Non
1607 2233 1834 2273 concupisces.
1870 2233 1960 2272 Item,
1984 2245 2057 2274 par-

1084 2272 1194 2310 ticula,
1219 2272 1346 2309 Gratis,
1370 2272 1512 2304 excludit
1537 2285 1601 2305 non
1622 2273 1728 2306 solum
1753 2277 1973 2314 ceremonias,
1997 2277 2057 2307 sed

1084 2400 1129 2429 88)
1157 2405 1206 2424 11011
1224 2399 1354 2429 poterunt]
1373 2400 1445 2424 Editt.
1466 2402 1488 2423 8.
1512 2402 1617 2426 11—13.
1639 2404 1662 2425 et
1683 2403 1759 2431 opu:
1779 2411 1806 2427 se
1827 2411 1876 2429 non
1895 2412 1969 2435 posse

1084 2451 1129 2479 89)
1157 2450 1187 2474 sit
1207 2450 1253 2471 sub
1272 2447 1396 2485 peccato]
1425 2448 1466 2471 Ed.
1492 2449 1528 2471 ll.
1554 2450 1600 2474 sub
1620 2454 1723 2480 peceato
1748 2454 1870 2483 (omisso
1896 2457 1954 2487 sit);
1974 2458 2057 2488 jopia:

1151 2480 1199 2504 sub
1219 2483 1321 2509 peceato
1340 2483 1379 2505 Sit.

1083 2530 1128 2559 90)
1155 2530 1293 2561 vitiosum]
1315 2531 1386 2555 Editt.
1407 2532 1429 2554 8.
1454 2532 1560 2555 11—13.
1581 2537 1606 2558 et
1625 2534 1698 2565 Opp.:
1718 2539 1857 2568 peccatum,
