2358 2933
243 114 306 145 w

869 112 978 143 PHIL.
1001 111 1102 143 MEL.
1125 111 1310 143 SCRIPTA
1331 111 1605 144 DOGMATch.

2164 117 2228 149 944

244 217 305 248 pue
329 205 508 237 Ecclesiam
533 212 661 245 oportet
685 212 829 235 statuere
852 214 916 234 non
941 215 1021 235 casu
1044 213 1105 234 nos
1129 202 1211 234 afni-
1233 204 1237 238 Ι
1259 205 1367 245 gantis
1390 211 1455 234 tum
1478 203 1658 241 liberantis,
1681 212 1714 236 ut
1739 205 1872 245 [Psalm.
1899 207 1974 243 117,
2000 206 2078 245 184:
2123 208 2228 240 Casti-

244 251 287 290 gi,
321 250 379 279 sed
403 249 527 278 sciente
550 247 632 277 Deo.
681 246 717 276 Et
737 257 921 287 quanquam
940 245 1135 276 afflictiones
1159 244 1213 276 vel

243 301 263 321 a
296 291 427 321 innteria
463 288 515 319 vel
539 299 557 319 a
581 287 722 318 Diabolo
748 287 800 318 vel
823 289 864 318 ab
889 288 1052 318 hominum
1075 289 1214 318 saevitia

244 334 409 365 oriuntur,
440 339 545 361 tamen
580 331 721 360 sciamus
755 340 812 360 eas
835 331 975 370 permitti
1008 329 1118 370 aliquo
1152 329 1213 360 Dei

244 373 380 405 consilio
403 381 432 403 et
458 381 561 403 metas
584 383 659 402 esse
682 372 917 412 praescriptas,
940 371 1025 402 ultra
1049 382 1130 412 quas
1144 382 1215 401 sae-

246 418 312 446 vire
334 414 464 445 Diaboli
488 422 541 444 aut
566 414 728 444 hominum
752 413 873 444 malitia
895 425 961 444 non
984 415 1114 454 poterit.
1160 413 1216 443 Et-

244 460 271 488 si
293 465 399 488 autem
423 457 474 486 hic
498 458 620 496 primus
645 456 738 486 lot-us
762 457 904 486 nondum
927 462 977 485 est
999 457 1127 496 integra
1140 465 1216 485 con-

246 499 376 530 solatio,
401 507 505 529 tanuen
531 500 618 528 initio
642 498 821 538 Epicureas
845 499 1015 538 opiniones
1034 508 1075 527 ex
1099 497 1215 527 animis

245 541 340 571 evelli
375 549 404 570 et
439 541 592 580 extirpari
626 547 763 580 oportet.
810 540 876 570 lino
909 539 989 570 nihil
1012 540 1143 570 dubium
1166 545 1217 569 est

245 583 329 613 hanc.
363 584 465 622 ipsam
501 584 542 611 ob
578 593 731 612 caussam
755 583 930 622 praecipue
954 580 1136 612 Ecclesiam
1160 591 1216 611 ex-

245 626 348 655 erceri
372 632 435 654 tam
459 626 580 654 duriter
604 631 632 654 ct
659 635 774 655 rursus
797 623 941 661 liberari,
974 631 1007 654 ut
1032 630 1159 654 crescat
1184 624 1215 653 in

246 668 338 697 nobis
372 665 478 696 lumen
515 677 591 696 vere
615 674 776 699 statuens,
802 677 866 696 non
892 677 970 696 casu
995 667 1087 696 nasci
1106 672 1136 695 et
1160 676 1216 695 oc-

244 710 352 739 cidere
375 709 534 745 homines,
568 708 628 738 sed
652 708 738 738 hunc
761 719 840 739 vere
862 718 938 739 esse
962 708 1078 744 Deum,
1102 708 1156 748 qui
1179 717 1216 737 se

245 750 395 790 patefecit
409 752 510 780 misso
527 749 606 780 Filio
620 758 650 780 et
661 752 755 781 nobis
768 751 896 781 tradidit
905 753 949 785 ⁵²⁹)
962 750 1097 780 verbum
1109 760 1215 785 suum,

245 801 274 824 et
299 803 376 823 vere
400 793 497 822 irasci
521 803 593 822 eum
613 794 759 832 peccatis
783 799 813 822 81
837 802 957 822 sanare
969 793 1214 831 resipiscentes.

243 835 312 865 Nec
336 835 486 882 exiguum
510 842 557 864 est
582 841 756 870 certamen,
780 834 920 864 liberare
943 835 1069 864 animos
1087 835 1128 864 ab
1142 833 1215 873 Epi-

244 878 351 907 cureis
386 877 562 906 turm-ihus.
609 876 684 907 11180
719 877 854 917 primum
883 876 965 906 haec
1001 876 1086 906 dicta
1120 876 1214 906 nobis

245 919 305 958 ipsi
328 916 540 948 inculcemus.

329 960 441 990 Matth.
466 961 512 990 10.
539 963 602 997 [vs.
627 960 694 997 ⁶29]
730 960 846 990 Nonne
870 960 934 990 duo
958 969 1116 1000 passeres
1139 969 1216 989 asse

245 1002 406 1032 veneunt?
451 1009 480 1031 et
515 1012 599 1032 unus
634 1012 675 1032 ex
700 1003 748 1032 eis
771 1013 835 1032 non
860 1002 953 1032 cadet
973 1011 1074 1041 super
1095 1008 1216 1031 terram

243 1045 313 1074 sine
336 1051 427 1084 patre
446 1050 567 1073 vestro.
613 1044 735 1074 Omnes
759 1051 865 1075 autem
891 1043 1000 1084 capilli
1024 1054 1063 1074 ca
1087 1045 1139 1074 itis
1164 1053 1217 1074 ve-

244 1088 302 1116 stri
336 1087 491 1116 numerati
520 1092 606 1116 sunt.
652 1086 701 1116 Ne
724 1087 821 1127 igitur
839 1087 988 1122 timeatis,
1012 1087 1121 1116 mutis
1144 1095 1217 1126 pas-

244 1129 372 1158 seribus
395 1127 546 1158 meliores
570 1129 661 1158 estis.
708 1129 781 1158 Act.
809 1129 857 1158 17.
889 1132 950 1166 [vs.
974 1128 1040 1166 ⁴28]
1087 1128 1122 1158 111
1144 1129 1216 1167 ipso

244 1171 393 1202 vivimus.
427 1180 594 1200 movemur
628 1177 657 1200 et
692 1180 815 1201 511111115.
862 1169 949 1201 Psal.
984 1170 1123 1206 3⁸2.1vs.
1150 1170 1215 1207 15.]

243 1211 305 1246 Qui
347 1211 436 1241 finxit
472 1211 636 1252 sigillatim
671 1213 771 1242 corda
806 1222 936 1249 eornm,
982 1213 1035 1253 qui
1070 1210 1217 1252 intelligit

243 1255 350 1284 omnia
374 1263 474 1293 opera
498 1264 619 1284 comm.
666 1253 753 1283 Psal.
777 1254 828 1284 93.
861 1259 923 1291 [vs.
947 1254 992 1291 9.]
1039 1253 1102 1288 Qui
1126 1253 1217 1284 finxit

243 1294 384 1331 oculum,
408 1306 472 1325 non
496 1296 643 1326 videret?
685 1296 718 1326 ln
742 1296 882 1327 Threnis
906 1296 1060 1326 leremiae
1083 1295 1216 1325 manife-

244 1344 293 1367 sta
327 1336 478 1367 refutatio
514 1344 563 1368 est
597 1348 783 1368 sermonum
817 1338 1053 1378 Epicureorum
1088 1348 1160 1377 cap.
1184 1337 1214 1368 3.

244 1382 307 1416 [vs.
331 1378 396 1417 37.]
443 1380 524 1413 Quis
558 1386 608 1410 est
642 1381 721 1417 iste,
757 1381 810 1420 qui
844 1381 923 1410 dixit
952 1381 1022 1410 tieri
1044 1379 1127 1409 haec
1150 1390 1215 1409 non

242 1421 372 1452 iubente
395 1420 560 1452 Domino?
604 1421 652 1451 Ex
683 1432 740 1451 ore
774 1422 923 1452 altissimi
951 1432 1013 1452 nec
1038 1423 1123 1451 bona
1153 1431 1215 1451 1188

242 1463 326 1495 111313
361 1464 593 1506 egredientur?
638 1464 723 1498 Quid
759 1471 937 1494 murmurat
972 1463 1069 1493 homo
1101 1470 1216 1493 contra

242 1507 367 1538 Deum?
413 1505 500 1536 Psal.
524 1506 575 1536 99.
601 1509 663 1543 [vs.
688 1506 731 1543 34
779 1506 919 1539 Scitote.
944 1505 1031 1546 quod
1054 1505 1215 1535 Dominus

242 1552 311 1591 ipse
335 1556 384 1580 est
397 1548 506 1584 Deus;
529 1548 601 1588 lpse
624 1547 699 1578 fecit
722 1558 795 1585 nos,
820 1555 849 1578 et
871 1558 937 1578 non
960 1548 1021 1588 ipsi
1045 1558 1123 1582 nos3
1145 1547 1215 1577 Nos

242 1600 348 1623 autem
372 1591 512 1632 populus
537 1591 607 1621 eins
633 1596 664 1620 et
688 1600 768 1620 oves
791 1600 936 1630 pascuae
961 1591 1042 1620 eius.
1077 1590 1138 1619 les.
1163 1589 1214 1619 45.

245 1637 328 1672 [vss.
352 1634 449 1674 6sq.]
474 1633 544 1673 Ego
558 1632 730 1668 Dominus,
755 1639 785 1662 81
810 1643 875 1663 11011
899 1638 949 1662 851
961 1634 1006 1672 ⁶⁰)
1031 1630 1127 1668 alius,
1150 1630 1215 1661 for-

244 1687 335 1707 mans
349 1676 454 1706 lucem
467 1681 497 1705 et
513 1685 631 1705 creans
646 1676 811 1711 tenebras,
826 1673 952 1705 faciens
970 1684 1082 1714 pacem
1096 1680 1127 1703 et
1146 1684 1215 1704 cre-

243 1729 301 1749 ans
325 1717 454 1748 malum.
478 1717 630 1747 videlicet
649 1726 792 1756 poenas3
817 1716 889 1757 Ego
904 1716 1065 1746 Dominus
1076 1714 1216 1756 loquens

243 1762 326 1791 iusta
362 1767 392 1790 et
426 1761 621 1790 annuntians
657 1769 744 1789 vera.
790 1758 979 1798 Sophoniae
1005 1759 1032 1788 l.
1064 1760 1126 1794 [vs.
1153 1758 1215 1794 124

243 1802 281 1832 Et
307 1803 364 1832 erit
389 1803 419 1831 in
443 1808 590 1841 tempore
613 1800 681 1831 illo.
716 1802 889 1831 scrutabor
912 1799 1088 1830 Ierusalem
1113 1798 1217 1830 lucer-

245 1845 293 1874 nis
327 1852 357 1874 et
392 1844 534 1874 visitabo
558 1844 646 1873 viros
670 1843 796 1873 defixos
821 1844 850 1873 in
874 1842 1023 1873 faecibus
1045 1843 1131 1879 suis,
1163 1842 1216 1882 qui

244 1887 352 1917 dicunt
375 1886 406 1915 in
431 1886 586 1916 cordibus
610 1886 695 1915 suis:
731 1886 804 1915 Non
827 1884 925 1916 saciet
948 1885 1033 1914 bene
1056 1884 1216 1914 Dominus

245 1935 275 1958 et
310 1938 374 1958 non
410 1926 505 1958 faciet
529 1927 625 1964 male,
660 1934 689 1957 et
715 1929 774 1957 erit
799 1928 915 1958 domus
939 1937 1050 1957 eorum
1075 1927 1215 1957 deserta.

247 1970 274 1999 l.
304 1970 385 2010 Reg.
420 1970 449 1999 ἰ).
486 1970 527 2006 [l.
552 1971 639 1999 Sam.
662 1970 694 2005 2,
713 1969 756 2006 6.1
802 1969 963 1999 Dominus
986 1969 1162 1999 mortificat
1184 1975 1215 1998 et

246 2012 397 2042 vivificat.

331 2054 401 2083 Huc
435 2054 601 2083 adscribat
636 2054 696 2083 sibi
732 2054 870 2094 quisque
904 2051 998 2092 plura
1020 2053 1214 2089 testimonia,

246 2104 278 2126 ut
303 2096 485 2125 firmissime
508 2101 639 2132 statuat,
663 2105 729 2126 11011
753 2096 903 2125 accidere
927 2105 1007 2125 casu
1029 2104 1214 2131 aerumnaS,

245 2139 303 2168 sed
338 2138 425 2167 cerni
449 2148 468 2167 a
492 2138 563 2167 Deo
587 2145 617 2168 et
642 2148 757 2168 revera
791 2138 910 2168 iustum
944 2137 1083 2168 iudicem
1117 2137 1215 2167 irasci

245 2181 390 2220 peccatis
425 2187 452 2209 et
489 2180 603 2219 punire
633 2187 747 2210 sontes
767 2187 796 2210 et
822 2181 894 2220 pios
919 2178 1130 2210 calamitosos
1155 2190 1214 2209 suo

246 2223 385 2263 quodam
421 2221 558 2251 consilio
593 2232 758 2252 exercere.
810 2222 905 2252 Hunc
935 2222 1074 2262 primum
1106 2220 1216 2251 locum

246 2264 438 2294 confirmant
473 2271 502 2293 81
527 2265 726 2300 testimonia,
761 2275 845 2304 quae
868 2266 900 2294 in
924 2264 1113 2304 seqentibus
1132 2263 1216 2293 locis

245 2312 275 2336 et
312 2316 409 2345 supra
441 2307 471 2335 in
497 2307 624 2335 caussis
649 2308 800 2343 citantur,
825 2308 899 2347 quia
924 2316 1054 2345 semper
1078 2304 1216 2346 comple-

246 2354 375 2378 ctuntur
407 2349 601 2378 mentionem
636 2348 694 2378 Dei
730 2356 795 2379 tum
829 2350 989 2389 punientis
1023 2355 1090 2378 tum
1122 2348 1218 2379 casti-

246 2474 290 2500 59)
310 2474 381 2497 nobis
400 2474 510 2504 tradidit]
533 2474 604 2499 Editt.
628 2476 714 2499 1—17.
738 2475 773 2500 19.
794 2477 833 2498 21.
856 2477 894 2499 26.
916 2476 955 2498 27.
975 2476 1077 2501 tradidit
1096 2476 1167 2500 nohis

246 2524 290 2549 60)
311 2527 349 2547 est
369 2525 507 2547 omittunt
527 2524 596 2554 Com.
616 2526 639 2547 2.
661 2528 682 2548 ⁴.

1260 256 1342 287 gans
1367 247 1539 287 castigavit
1561 256 1612 276 me
1634 246 1806 278 Dominus.

1346 287 1601 319 Innumerabiles
1619 288 1786 327 homines,
1820 291 1874 331 qui
1897 292 1928 321 in
1952 292 2106 322 secundis
2131 293 2227 323 rebus

1261 336 1315 360 aut
1349 331 1567 360 mediocribus
1598 329 1844 362 difficultatibus
1867 343 1931 363 non
1956 332 2139 364 habuerunt
2161 335 2228 374 opi-

1261 372 1375 402 niones
1409 372 1606 412 Epicureas.
1651 374 1711 403 sed
1745 380 1909 415 utcunque
1943 381 2115 406 tenuerunt
2144 376 2231 406 hanc

1261 415 1518 453 persuasionem.
1543 424 1595 444 res
1614 413 1774 445 humanas
1788 415 1860 446 Deo
1886 427 1985 447 curae
2014 427 2106 454 esse,
2134 418 2231 449 iidem

1262 465 1334 485 cum
1368 457 1511 486 incidunt
1545 458 1574 486 in
1601 467 1736 497 magnas
1761 467 1951 493 aerumnaS,
1985 469 2122 498 prorsus
2144 459 2231 490 hanc

1262 499 1510 536 persuasionem
1533 499 1692 536 amittunt,
1712 505 1741 529 et
1765 501 1911 540 cogitant
1931 510 2013 530 casu
2031 507 2063 531 et
2081 502 2152 531 sine
2162 500 2231 532 ullo

1262 538 1324 569 Dei
1359 540 1498 570 consilio
1528 541 1655 571 misceri
1690 542 1812 578 onmia,
1841 542 1917 572 oriri
1941 548 1971 572 et
1994 543 2145 573 occidere
2167 542 2231 573 alia

1261 580 1434 620 placidius,
1457 581 1520 612 alia
1543 583 1664 613 durius.
1710 582 1861 623 Denique
1884 583 1935 613 his
1958 582 2031 614 telis
2055 585 2230 624 praecipue

1261 622 1404 660 Diaboli,
1427 624 1560 663 spiritus
1586 626 1777 661 mendaces,
1801 626 1949 655 sauciant
1973 626 2098 656 animos
2122 627 2154 657 in
2176 636 2230 657 ae-

1261 667 1401 702 rumnis,
1424 672 1458 696 ut
1482 665 1587 696 Deum
1611 666 1806 697 contumelia
1829 667 1985 703 afficiant,
2010 669 2160 698 excitatis
2182 666 2231 699 fu-

1261 708 1392 737 roribus
1414 707 1598 747 Epicureis.
1643 707 1719 738 11180
1753 708 1926 750 diligenter
1950 710 2046 740 animi
2068 710 2230 740 adversus

1261 748 1344 779 haca
1368 748 1433 779 tela
1456 748 1629 779 Diabolica
1652 752 1896 789 praemuniendi
1919 758 2005 783 sunt.

1347 791 1520 821 Secundus
1533 790 1645 821 locus:
1668 791 1754 822 Nihil
1777 792 1920 832 diligitur
1943 799 1997 824 aut
2021 792 2151 833 placide
2168 792 2231 824 ser·

1261 840 1313 862 1111·
1336 834 1406 863 sine
1429 831 1497 862 ulla
1521 834 1596 863 boni
1622 834 1756 863 ratione.
1788 834 1897 868 Quare
1920 845 1992 865 eum
2005 834 2086 865 Saul
2108 841 2232 866 tantum

1262 875 1385 916 cogitat
1419 885 1457 905 se
1489 875 1592 914 puniri
1626 886 1646 905 a
1668 874 1759 913 Deo,
1793 875 1875 916 sugit
1907 876 2013 907 Deum
2046 877 2231 907 tristissimo

1262 915 1400 946 fremitu.
1431 916 1585 947 Tenenda
1608 923 1657 947 est
1682 918 1777 957 igitur
1800 919 1875 948 boni
1899 920 1980 949 ratio
2002 919 2034 948 in
2057 918 2232 949 aerumnis.

1262 958 1391 989 Caussa
1424 958 1531 989 finalis
1554 960 1689 989 scienda
1719 967 1781 997 est,
1806 970 1863 990 cur
1886 960 1980 991 Deus
2003 960 2124 1000 puniat.

1263 1011 1321 1041 pra
1355 1000 1545 1041 impulsivas
1580 1008 1612 1031 et
1634 1000 1749 1031 finales
1774 1003 1932 1032 recensui⁴
1979 1002 2046 1034 Sed
2069 1011 2233 1042 quaecun-

1263 1052 1326 1083 que
1360 1049 1435 1072 sunt
1469 1042 1678 1083 impulsivae,
1723 1054 1807 1084 quae
1839 1050 1978 1084 possunt
2013 1053 2090 1074 esse
2122 1044 2234 1074 variae

1263 1090 1294 1114 et
1327 1085 1422 1115 nobis
1445 1085 1593 1126 ignotae,
1626 1095 1689 1115 nos
1712 1095 1841 1126 semper
1864 1086 1949 1117 hanc
1973 1085 2103 1116 finalem
2124 1091 2234 1116 tenea-

1263 1137 1333 1157 mus
1357 1127 1538 1157 certissima
1562 1127 1638 1164 fide,
1661 1128 1749 1168 qnod
1772 1128 1865 1158 Deus
1888 1129 2000 1168 puniat
2022 1133 2077 1158 aut
2100 1137 2232 1158 exerce-

1263 1176 1306 1205 at,
1330 1179 1395 1199 non
1418 1175 1451 1199 ut
1476 1170 1589 1209 perdat
1613 1180 1686 1203 nos,
1709 1170 1768 1200 sed
1792 1177 1825 1200 ut
1848 1181 1910 1200 nos
1933 1169 2078 1200 retrahat
2100 1170 2143 1200 ad
2158 1179 2234 1210 poe-

1263 1212 1429 1241 nitentiam
1464 1217 1517 1241 ant
1553 1212 1732 1248 exuscitet,
1766 1218 1801 1242 ut
1835 1218 1987 1242 crescant
2009 1212 2043 1241 in
2064 1211 2161 1241 nobis
2183 1211 2234 1241 Ti-

1263 1263 1344 1289 mor,
1368 1252 1535 1283 luvocatio
1559 1259 1590 1283 et
1615 1260 1744 1283 ceterae
1767 1255 1914 1284 virtutes·
1961 1253 2043 1284 Cum
2065 1253 2149 1283 haec
2178 1254 2233 1283 bo-

1263 1305 1304 1325 na
1328 1293 1478 1324 voluntas
1501 1294 1564 1324 Dei
1588 1295 1799 1334 conspicitur,
1835 1297 1897 1325 iam
1925 1296 2084 1325 accedere
2107 1296 2234 1326 animus

1262 1336 1423 1367 adDeum
1442 1343 1471 1366 et
1495 1346 1532 1366 se
1554 1338 1717 1368 subiicere
1739 1337 1801 1377 ipsi
1824 1343 1996 1377 utcunque
2018 1338 2130 1376 incipit
2142 1342 2175 1367 et
2186 1343 2234 1368 to-

1261 1378 1346 1409 lerat
1367 1388 1506 1417 poenam
1530 1388 1589 1408 seu
1612 1389 1784 1409 aerumnas
1807 1378 1980 1418 placidius.

1349 1420 1439 1450 Haec
1462 1426 1512 1450 est
1535 1421 1666 1460 propria
1679 1420 1848 1461 Evangelii
1867 1421 2015 1450 doctrina
2036 1421 2110 1451 inde
2126 1430 2232 1461 usque

1261 1463 1302 1492 ab
1326 1462 1415 1492 initio
1438 1472 1498 1502 per
1520 1462 1648 1499 Patres,
1672 1461 1874 1502 Prophetas,
1898 1461 2066 1492 Christum
2089 1468 2121 1493 et
2144 1462 2234 1502 Apo-

1261 1503 1367 1534 stolos
1390 1504 1519 1541 tradita,
1543 1504 1716 1534 humanum
1740 1514 1845 1545 genus
1867 1510 1913 1534 tot
1935 1505 2119 1545 ingentibus
2142 1513 2236 1535 aeru-

1261 1547 1344 1576 mnis
1378 1547 1560 1576 subiectum
1589 1556 1676 1583 esse,
1710 1556 1774 1576 non
1799 1553 1833 1577 ut
1856 1552 1928 1576 ruat
1950 1546 1982 1576 in
2006 1552 2173 1577 aeternum
2188 1547 2234 1586 ⁶¹)

1261 1589 1409 1625 exitium,
1443 1588 1501 1618 sed
1534 1595 1568 1619 ut
1603 1595 1765 1629 agnoscat
1788 1589 1867 1619 iram
1891 1588 1952 1618 Dei
1976 1589 2137 1619 adversus
2158 1597 2234 1629 pec-

1261 1636 1335 1660 cata
1358 1636 1390 1660 et
1412 1629 1474 1660 hac
1498 1631 1715 1660 admonitione
1738 1630 1926 1661 retrahatur
1947 1631 1989 1661 ad
2003 1631 2234 1669 poenitentiam

1262 1678 1293 1702 et
1328 1673 1442 1703 redeat
1473 1673 1514 1702 ad
1537 1672 1643 1702 Deum
1667 1671 1905 1712 opitulatorem.
1951 1672 1986 1702 ld
2008 1671 2235 1713 intelligebant

1261 1714 1366 1744 Adam
1390 1720 1422 1744 et
1445 1714 1555 1751 Heva,
1589 1724 1662 1744 cum
1688 1714 1835 1745 viderent
1858 1721 1995 1745 mortem
2016 1713 2125 1750 Abel,
2159 1723 2235 1744 sese

1261 1757 1430 1787 admoneri
1453 1757 1493 1787 de
1517 1767 1576 1786 suo
1595 1763 1733 1795 peccato
1756 1757 1951 1793 sentiebant,
1976 1756 2036 1786 sed
2058 1762 2165 1786 tamen
2177 1765 2236 1786 no-

1262 1804 1333 1828 rant
1358 1798 1465 1828 Deum
1500 1797 1604 1835 velle,
1638 1808 1679 1828 ne
1713 1808 1803 1838 spem
1833 1800 1918 1829 vitae
1941 1804 2095 1829 aeternae
2116 1798 2234 1828 abiice-

1262 1846 1344 1877 rent,
1368 1840 1579 1870 meminerant
1603 1840 1752 1870 traditam
1776 1841 2026 1879 promissionem
2048 1840 2235 1876 desemine,

1262 1883 1349 1922 quod
1391 1881 1513 1912 abolita
1551 1888 1655 1912 morte
1697 1883 1897 1913 redditurum
1931 1887 2000 1912 erat
2033 1882 2114 1921 ipsis
2147 1881 2234 1912 hunc

1261 1923 1347 1954 Abel
1381 1923 1595 1955 interfectum.
1641 1924 1707 1954 Sed
1736 1930 1842 1954 tamen
1866 1926 1897 1954 in
1921 1930 2013 1954 tanto
2037 1922 2152 1953 dolore
2175 1921 2234 1954 dif-

1261 1965 1346 1996 ficile
1380 1965 1444 1996 illis
1478 1965 1537 1997 fuit
1559 1965 1695 1996 eluctari
1719 1976 1758 1996 ex
1783 1967 1996 1996 dubitatione.
2042 1965 2152 2005 Saepe
2173 1965 2233 2006 igi·

1260 2014 1311 2038 tur
1334 2009 1473 2048 repetita
1495 2015 1546 2039 est
1563 2007 1645 2038 haec
1671 2008 1819 2038 doctrina
1844 2009 1875 2038 in
1894 2007 2080 2048 Prophetis.
2110 2006 2232 2037 Ezech-

1259 2050 1310 2080 33.
1334 2052 1397 2088 [vs.
1424 2050 1488 2088 11.]
1534 2050 1618 2080 Vivo
1653 2059 1733 2090 eg0,
1767 2049 1844 2080 nolo
1878 2056 2014 2080 mortem
2036 2049 2233 2089 peccatoris,

1260 2093 1319 2122 sed
1342 2098 1375 2123 ut
1401 2098 1609 2123 convertatur
1631 2097 1667 2131 ‚et
1690 2093 1788 2122 vivat.
1823 2092 1907 2122 Iurat
1931 2092 2024 2122 Dens
2048 2101 2085 2121 se
2107 2092 2233 2131 punire,

1259 2145 1325 2164 non
1350 2141 1382 2165 ut
1406 2135 1534 2174 perdat,
1561 2134 1619 2164 sed
1642 2140 1675 2164 ut
1700 2133 1841 2164 retrahat
1865 2144 1926 2164 nos
1939 2134 1981 2164 ad
1992 2134 2232 2172 poenitentiam.

1262 2176 1289 2206 l.
1314 2176 1391 2206 Cor.
1418 2177 1466 2206 11.
1492 2179 1553 2213 [vs.
1577 2176 1641 2215 32]
1666 2176 1748 2207 Cum
1769 2178 1812 2209 ⁶²)
1846 2177 2026 2207 iudicamur
2048 2186 2068 2205 a
2091 2175 2232 2206 Domino

1260 2219 1462 2258 corripimur,
1496 2228 1537 2248 ne
1573 2229 1647 2249 cum
1670 2218 1733 2248 1108
1756 2219 1876 2249 1111111110
1900 2219 2097 2248 damnemur.
2142 2215 2231 2248 Psal.

1263 2260 1332 2291 118.
1359 2264 1420 2296 [vs.
1445 2260 1508 2298 714
1533 2260 1660 2290 Bonum
1683 2260 1770 2297 mihi,
1794 2261 1881 2300 quod
1906 2259 2085 2291 humiliasti
2105 2269 2173 2296 me,
2197 2265 2228 2290 nt

1261 2302 1422 2332 discerem
1459 2302 1703 2332 iustificationes
1739 2309 1822 2332 tuas.
1874 2302 1977 2342 Apoc.
2012 2301 2042 2332 3.
2078 2305 2140 2338 ivs.
2167 2300 2229 2337 19.Ι

1260 2343 1331 2384 Ego
1366 2355 1448 2384 quos
1479 2343 1595 2384 diligo,
1632 2355 1734 2374 arwuo
1765 2350 1795 2375 et
1819 2345 1957 2384 castigo.
2004 2343 2064 2374 les.
2088 2343 2141 2374 28.
2167 2346 2229 2380 [vs.

1262 2385 1326 2423 19.]
1358 2386 1494 2416 Vexatio
1529 2388 1582 2416 dat
1616 2369 1825 2416 intefilectum.
1871 2386 1950 2416 118111
1986 2386 2074 2423 [ibid.
2094 2395 2143 2416 vs.
2167 2384 2229 2423 9.]:

1260 2426 1364 2461 Quem
1388 2428 1516 2458 docebit
1542 2428 1730 2458 scientiam?
1770 2427 1955 2458 ablactatos
1979 2438 1996 2458 a
2019 2426 2117 2465 lacte,
2141 2425 2229 2458 avul-

2170 960 2232 991 Su-

1259 2496 1304 2523 61)
1324 2497 1467 2525 aetornum]
1488 2496 1558 2520 Editt.
1579 2497 1618 2518 2-2.
1640 2497 1680 2518 24.
1700 2498 1831 2520 externum

1259 2528 1304 2559 6-2)
1326 2530 1397 2560 cum]
1419 2530 1489 2554 Editt.
1510 2531 1547 2553 16.
1571 2530 1606 2554 11,
1625 2530 1664 2552 21.
1685 2530 1724 2551 212.
1745 2531 1785 2552 24.
1805 2530 1923 2557 ’ΞΒ-31,
1943 2530 2002 2559 app.
2023 2529 2043 2553 1.
2063 2530 2086 2551 2,
2104 2530 2165 2553 num
