2358 2933
93 117 156 148 993

95 215 234 241 testetur
263 209 488 249 magistratum
522 214 555 238 et
588 207 717 239 civilem
753 213 871 238 statum
906 216 983 237 esse
1012 216 1065 237 res

97 253 204 282 bonas
222 250 294 281 Deo
317 249 499 291 placentes,
521 260 588 280 non
610 255 759 290 peccata.

181 293 251 324 Lex
285 298 356 323 erat
388 293 475 332 apud
497 291 700 332 SpartanOS,
733 290 833 322 licere
868 301 940 322 cum
962 301 1067 322 uxore

95 335 234 366 alterius
258 335 527 365 consuetudinem
550 333 689 370 habere,
723 334 752 364 si
782 333 832 363 vir
854 334 1066 373 permitteret.

96 378 130 408 Si
154 378 250 418 igitur
262 377 444 416 Spartanus
463 376 582 416 aliquis
605 376 713 406 videat
735 375 766 405 in
790 374 909 406 Iudaea
927 375 1001 405 duci
1025 376 1066 405 ad

95 417 290 459 supplicium
322 417 502 449 adulteram
536 428 597 448 seu
629 416 829 453 adulterum,
870 417 957 447 dicet
990 426 1066 447 esse

97 459 320 492 crudelitatem
353 461 519 499 indignam
551 459 745 489 hominibus.
790 458 834 487 At
858 457 980 489 Paulus
1014 459 1067 489 1116

96 509 205 534 monet
239 500 399 542 supplicia
432 501 575 543 legitima
602 506 714 540 partes
738 509 814 530 6556
837 499 961 540 politici
984 501 1068 531 ordi-

95 546 147 576 nis
171 551 202 575 et
226 554 411 585 congruere
429 544 471 574 ad
493 552 639 573 normam
661 542 693 572 in
716 548 823 572 mente
846 543 965 573 divina.
1001 542 1069 573 Sed

96 587 245 617 homines
268 585 327 617 feri
351 596 416 616 non
439 586 547 615 statim
569 584 698 622 vident,
722 584 798 625 quid
823 585 910 615 dicat
934 583 1068 621 Paulus,

96 629 286 670 praesertim
310 638 384 659 cum
406 632 496 658 tanta
520 626 680 657 brevitate
703 636 783 657 usus
807 627 858 657 sit.

184 670 333 701 Afferant
356 670 453 710 igitur
475 669 517 699 ad
539 667 624 698 hanc
637 667 728 698 Pauli
753 667 929 699 lectionem
949 669 1068 699 studio-

97 714 125 743 si
149 718 275 743 mentes
298 717 440 742 attentas
465 716 496 741 et
521 711 731 741 immorentur
748 710 825 741 huic
847 710 932 748 loco,
952 721 1069 751 expen-

561 114 582 145 1.
607 115 705 146 LOU!
729 113 1001 145 THEOLOGICI:
1026 113 1066 145 l).
1090 113 1248 145 TERTIA
1270 113 1426 146 EORUM
1449 112 1604 146 AETAS.

96 755 174 785 dant
197 755 310 791 verba,
344 753 421 795 quid
445 753 525 784 ordo
549 752 723 794 significet,
746 753 984 793 partiantur⁴¹)
1019 764 1069 783 or-

96 796 205 828 dinem
228 806 443 836 personarum
467 801 499 826 et
517 805 637 832 rerum,
661 796 921 836 magistratuum,
942 796 1069 832 civium,

97 838 218 880 legum,
241 838 443 875 iudiciorum,
468 843 705 874 contractuum,
729 836 932 874 delictorum,
951 847 1070 878 poena-

98 891 179 912 rum.
213 880 341 911 Deinde
364 890 511 910 normam
534 879 657 910 ordinis
682 889 757 910 esse
780 880 886 910 sciant
904 885 1071 910 aeternam

99 923 222 963 Legem
244 923 276 952 in
298 927 405 952 mente
429 922 547 957 divina,
571 921 611 951 de
630 931 694 962 qua
713 920 765 951 hic
778 922 874 952 dicit:
899 921 1070 963 Magistra-

99 971 151 996 tus
185 964 312 994 honore
351 962 474 994 afficiat
510 965 596 994 bona
630 973 731 1004 opera
765 969 797 994 et
829 964 941 1004 puniat
974 962 1070 994 mala.

99 1006 325 1037 Certissinuun
361 1011 412 1036 est
439 1010 547 1036 autem
571 1006 717 1036 ordinem
741 1011 975 1046 congruentem
999 1016 1071 1036 cum

99 1054 206 1080 mente
239 1048 348 1078 divina
381 1057 450 1078 rem
486 1048 604 1078 bonam
627 1054 659 1078 et
681 1047 754 1078 Deo
776 1047 960 1088 placentem
984 1058 1070 1078 esse.

99 1091 171 1122 Hoc
193 1091 291 1132 igitur
310 1089 404 1120 Pauli
426 1090 645 1120 testimonium
668 1090 762 1120 bonis
786 1091 947 1120 mentibus
971 1096 1003 1120 et
1026 1096 1071 1120 at-

100 1133 198 1163 tentis
231 1131 401 1163 satisfacit.
426 1133 472 1173 42)
528 1131 634 1162 Utitur
667 1133 782 1162 eodem
820 1132 1005 1162 testimonio
1040 1138 1072 1162 et

101 1175 255 1206 Irenaeus
279 1175 440 1205 adversus
463 1172 637 1210 fanaticos,
661 1174 715 1214 qui
738 1172 802 1204 illis
824 1174 936 1214 primis
950 1180 1072 1213 tempo-

100 1218 190 1248 ribus
214 1215 343 1248 furores
357 1222 550 1257 sparserunt
562 1215 685 1246 similes
698 1215 968 1256 Anabaptisticis.
1005 1215 1071 1246 Sed

101 1258 201 1290 multa
225 1259 347 1299 passim
370 1258 467 1289 obvia
490 1264 565 1288 sunt
584 1258 616 1288 in
640 1257 824 1297 Prophetis.

186 1300 271 1331 Dan.
295 1300 326 1330 2.
351 1303 412 1337 [vs.
435 1299 500 1337 21.]
526 1299 618 1330 Deus
642 1298 796 1330 transfert
815 1310 917 1342 regna
941 1306 973 1331 et
996 1310 1072 1330 con-

99 1343 215 1380 stituit,
243 1342 275 1372 id
299 1348 365 1379 est,
389 1339 506 1378 efficit,
529 1347 563 1372 ut
584 1341 736 1379 floreant,
759 1343 885 1373 durent.
930 1342 965 1373 Id
988 1344 1071 1373 enim

101 1390 200 1416 vocat
222 1391 322 1414 stare.
367 1382 456 1414 Psal.
482 1383 552 1413 126.
578 1387 639 1421 [vs.
666 1384 706 1422 1.]
740 1384 810 1415 Nisi
833 1384 995 1415 Dominus
1019 1395 1072 1415 cu-

100 1427 251 1458 stodierit
274 1426 448 1463 civitatem,
470 1424 592 1456 frustra
615 1425 738 1467 vigilat,
761 1427 814 1467 qui
838 1428 979 1458 custodit
990 1436 1071 1457 eam.

102 1468 224 1500 Custos
248 1474 297 1498 est
310 1467 403 1498 Deus
428 1466 532 1498 civilis
557 1474 680 1505 status,
704 1478 783 1509 ergo
808 1479 878 1499 eum
902 1470 1071 1509 approbat.

102 1510 190 1542 Psal.
227 1509 298 1540 143.
334 1513 395 1547 1vs,
434 1510 495 1548 104
552 1509 615 1544 Qui
649 1511 708 1540 das
742 1509 880 1541 salutem
914 1511 1071 1552 Regibus,

102 1553 194 1584 Haec
216 1553 319 1584 verba
341 1553 487 1583 adiuvari
510 1552 748 1593 gubernatores
772 1563 790 1583 a
804 1552 875 1583 Deo
899 1559 1071 1584 testantur.

101 1595 260 1627 Proverb.
283 1594 314 1625 8.
340 1598 401 1632 [vs.
427 1594 488 1632 16.]
513 1593 577 1625 Per
599 1604 650 1625 me
673 1605 770 1636 reges
794 1606 828 1626 re
856 1602 942 1626 nant.
972 1595 1071 1625 Prov.

105 1637 154 1668 16.
180 1641 242 1675 ivs.
269 1637 331 1674 11.]
356 1636 456 1667 Libra
480 1642 512 1667 et
534 1636 668 1667 Pondus
691 1637 809 1668 iudicia
865 1638 962 1668 omini
984 1642 1071 1675 sunt,

101 1681 132 1710 2.
155 1678 263 1711 Paral.
289 1678 338 1710 19.
363 1681 426 1716 [vs-
449 1678 493 1716 6.]
528 1679 601 1709 Non
634 1678 772 1710 hominis
806 1681 965 1710 exercetis
994 1680 1072 1710 iudi-

103 1723 200 1760 cium,
225 1722 284 1752 sed
307 1720 449 1752 Domini.
494 1720 554 1751 les.
580 1721 608 1752 l.
632 1724 696 1759 [vs.
723 1722 786 1760 17.]
819 1722 971 1757 Quaerite
994 1721 1072 1752 iudi-

103 1765 198 1801 cium,
211 1764 382 1795 subvenite
392 1763 438 1803 43)
453 1773 626 1804 oppresso,
640 1762 955 1795 defenditeviduam.
975 1764 1072 1794 Prae-

103 1807 179 1847 cipit
191 1806 283 1837 Deus
305 1805 439 1846 politica
462 1805 572 1837 officia
594 1807 711 1846 cuique
733 1816 792 1846 pro
816 1817 876 1837 sua
888 1807 1071 1838 vocatione.

102 1849 178 1880 Non
212 1848 344 1879 dubium
379 1853 430 1877 est
453 1848 550 1888 igitur
579 1849 756 1888 approbari
778 1849 819 1879 ab
843 1859 881 1879 eo
905 1849 1072 1889 politicum

103 1891 259 1921 ordinem.
304 1889 345 1920 Et
378 1890 408 1920 in
432 1889 517 1919 hanc
536 1890 729 1921 sententiam
753 1889 853 1922 multa
876 1891 964 1922 dicta
986 1891 1072 1932 apud

103 1931 288 1973 Prophetas
314 1932 532 1972 reperiuntur,
555 1943 638 1972 quae
657 1933 843 1963 nominatim
866 1932 1002 1973 politica
1025 1932 1071 1964 of-

103 1974 178 2006 ficia
194 1974 407 2015 praecipiunt.

188 2016 266 2047 Luc.
279 2016 310 2046 3.
333 2016 483 2057 Baptista
502 2016 686 2057 publicanis
711 2024 743 2048 et
765 2018 918 2050 militibus
943 2020 1072 2050 concio-

103 2065 199 2090 natur
216 2069 256 2088 ac
280 2059 377 2089 tradit
400 2060 533 2100 egregia
555 2065 732 2100 praecepta
745 2060 886 2101 politica.
921 2062 1072 2092 Functio-

103 2111 176 2131 nem
198 2101 296 2141 igitur
318 2101 488 2140 approbat,
508 2111 582 2132 cum
605 2102 721 2133 doceat
739 2108 829 2134 recte
846 2104 1072 2135 administrare

104 2146 169 2181 [vs.
194 2143 275 2180 13.]:
299 2142 349 2173 Ne
372 2141 464 2182 plus,
487 2153 583 2184 quam
606 2145 815 2176 constitutum
839 2152 907 2184 est,
936 2146 1072 2188 poscite.

103 2183 304 2226 Respublica
326 2186 397 2215 sine
419 2185 548 2216 tributis
572 2188 781 2218 necessarios
804 2195 952 2228 sumptus
975 2190 1072 2220 susti-

102 2237 181 2259 nere
215 2237 282 2257 non
314 2233 434 2267 potest.
480 2226 560 2258 Vult
592 2229 690 2269 igitur
722 2231 819 2269 pendi
843 2232 979 2269 tributa,
1013 2232 1072 2262 sed

101 2280 167 2300 non
203 2268 272 2300 vult
294 2279 394 2310 supra
419 2268 562 2310 legitima
595 2271 714 2302 tributa
732 2272 961 2304 immoderatas
986 2274 1072 2315 expi-

101 2311 241 2343 lationes
265 2311 344 2342 fieri.
370 2315 433 2349 [vs.
450 2312 533 2350 14.;]
556 2312 724 2344 Neminem
748 2316 993 2353 concusseritis,
1017 2327 1071 2347 ne-
1090 2352 1093 2413 Ι

100 2431 144 2459 41)
163 2431 313 2463 partiantur]
335 2432 407 2462 Cor-p.
427 2434 449 2455 ·.).
469 2434 493 2456 4.
513 2435 562 2463 typ.
583 2439 681 2458 errore:
700 2435 826 2464 patiantur
1090 2432 1093 2482 j

101 2481 147 2511 42)
167 2481 300 2512 satisfacit]
322 2482 393 2512 Corp-
417 2484 488 2508 1-8,
509 2484 650 2509 satisfaciat
1091 2492 1094 2514 ¹.

101 2530 147 2561 43)
167 2532 312 2563 subvenite]
333 2533 404 2563 corp.
424 2534 446 2556 2.
469 2536 491 2556 4.
513 2536 561 2564 typ.
581 2540 681 2560 errore:
700 2536 832 2561 subvenito
1090 2519 1094 2555 l

252 2589 396 2608 numm-n.
412 2591 491 2609 orne.
515 2592 576 2611 vot..
592 2591 645 2611 xxl.

2017 113 2081 146 994

1110 217 1173 247 que
1197 206 1445 238 calumniemini.
1490 206 1647 237 Exerceri
1670 204 1740 237 vult
1763 205 1897 243 iudicia.
1927 207 1987 237 sed
2010 207 2081 238 sine

1111 250 1386 280 concussionibus
1416 255 1448 279 et
1480 247 1651 279 calumnia.
1706 247 1748 278 Et
1780 253 1947 287 postremo
1973 249 2081 279 addit:

1111 291 1262 321 Contenti
1297 296 1402 321 estote
1430 291 1601 331 stipendiis
1623 290 1754 321 vestris.
1800 289 1890 321 Haec
1913 296 1983 321 tota
2006 301 2079 322 con-

1111 334 1161 363 cio
1186 332 1354 373 politicum
1376 338 1510 370 statum,
1532 332 1661 370 iudicia,
1683 330 1829 362 militiam
1840 333 2011 372 approbat.
2042 333 2083 363 Et

1111 375 1268 406 discernit
1291 375 1333 405 ab
1357 375 1430 414 ipso
1454 375 1568 405 ordine
1587 374 1664 404 vitia
1682 383 1742 404 seu
1755 372 1979 412 confusiones,
1999 384 2082 415 quas

1111 417 1252 447 humana
1275 415 1395 446 malitia
1418 415 1587 446 admiscet.
1639 416 1680 446 Et
1702 414 1820 453 futilis,
1849 417 1955 447 ieiuna
1984 423 2015 447 et
2038 417 2083 447 111-

1113 457 1204 489 sulsa
1228 457 1394 489 cavillatio
1408 458 1701 497 Anabaptistarum
1724 457 1931 498 explodenda
1944 463 2004 496 est,
2030 459 2084 499 qui

1111 501 1219 531 dicunt
1234 500 1417 540 Baptistam
1440 499 1523 530 haec
1546 498 1745 539 imperfectis
1768 500 1969 539 permisisse,
1994 500 2085 531 Chri-

1111 548 1197 572 stum
1226 548 1343 582 postea
1376 542 1530 572 docuisse
1562 541 1667 572 aliter.
1712 542 1786 572 Non
1809 548 1954 582 pugnant
1976 542 2085 583 Bapti-

1112 590 1183 615 stae
1218 590 1250 614 et
1273 583 1394 614 Christi
1414 584 1605 615 conciones.
1650 583 1721 614 Nec
1744 589 1893 624 putemus
1916 584 2085 624 Baptistae

1112 626 1218 657 levem
1247 626 1474 656 auctoritatem
1508 635 1592 656 esse.
1637 625 1761 667 Magna
1795 626 1864 656 eius
1893 627 2023 656 vocatio
2053 632 2085 656 et

1112 668 1236 699 functio
1271 674 1334 704 est,
1370 674 1403 697 ut
1428 667 1580 698 Christus
1614 668 1686 708 ipse
1720 672 1860 698 testatur
1883 674 1915 698 et
1937 667 2030 699 Deus
2053 668 2085 698 in

1112 710 1281 751 Baptismo
1295 709 1415 740 Christi
1438 709 1558 741 illustri
1581 710 1764 740 testimonio
1788 711 1857 740 eius
1881 711 2086 740 vocationem

1113 759 1145 784 et
1163 753 1347 783 doctrinam
1371 752 1552 782 confirmat.
1588 752 1654 783 Sed
1678 751 1824 783 furentes
1848 752 2085 792 Anabaptistae

1114 805 1178 826 non
1203 795 1391 831 attendunt,
1416 795 1492 834 quid
1517 795 1643 831 dicant,
1679 805 1752 825 cum
1775 795 1815 824 de
1839 794 2007 835 Baptistae
2030 795 2086 825 mi-

1114 838 1248 868 nisterio
1272 836 1509 867 contumeliose
1531 835 1720 877 loquuntur.

1200 877 1287 909 Psal.
1311 879 1363 909 Sl.
1387 882 1451 916 [vs.
1476 878 1541 916 76.]
1580 878 1654 919 Ego
1677 879 1753 915 dixi,
1776 877 1830 909 Dii
1854 879 1947 916 estis,
1970 879 2002 909 id
2025 885 2085 917 est,

1115 923 1255 953 divinum
1279 920 1422 951 officium
1447 922 1662 958 sustinentes,
1690 919 1914 952 defensionem
1947 921 2087 952 iustitiae

1114 970 1145 995 et
1157 965 1260 1004 113615,
1280 973 1364 1004 quae
1380 969 1457 993 sunt
1474 964 1561 994 bona
1576 963 1694 1000 divina,
1712 969 1846 1003 propter
1864 973 1948 1004 quae
1963 962 2087 994 titulum

1115 1017 1208 1037 suum
1220 1006 1312 1036 Deus
1328 1006 1469 1044 impertit
1481 1004 1741 1046 Magistratibus,
1761 1006 1837 1045 quia
1851 1005 1921 1036 vult
1934 1015 1993 1036 eos
2006 1004 2088 1037 haec

1115 1050 1202 1079 bona
1225 1058 1336 1079 secum
1356 1048 1519 1087 impertire
1543 1047 1684 1088 populis.
1732 1046 1884 1078 Officium
1912 1047 2010 1088 igitur
2032 1058 2087 1088 ap-

1114 1092 1243 1131 probat.
1268 1101 1341 1121 cum
1359 1095 1458 1120 vocat
1477 1090 1629 1120 divinum.
1664 1088 1751 1120 Psal.
1773 1090 1844 1119 101.
1876 1093 1937 1127 [vs.
1956 1089 2022 1128 221]
2052 1090 2086 1120 In

1117 1133 1342 1163 conveniendo
1366 1130 1509 1171 populos
1529 1133 1559 1162 in
1578 1142 1678 1162 unum
1697 1137 1728 1162 et
1745 1131 1867 1172 Reges,
1890 1137 1923 1162 ut
1944 1133 2087 1162 serviant

1115 1175 1266 1205 Domino.
1305 1174 1348 1204 Et
1370 1174 1432 1203 les.
1456 1173 1507 1204 49.
1548 1177 1611 1212 [vs.
1634 1173 1700 1211 234
1736 1173 1846 1214 Reges
1871 1179 1964 1204 erunt
1988 1175 2087 1204 nutri-

1114 1223 1204 1247 tores
1228 1217 1273 1247 tui
1297 1222 1328 1246 et
1350 1215 1497 1256 Reginae
1521 1217 1675 1247 nutrices.
1710 1215 1800 1246 Haec
1824 1216 1910 1246 dicta
1933 1221 1965 1246 et
1990 1215 2088 1247 multa

1115 1257 1230 1289 similia
1252 1263 1414 1288 testantur
1436 1257 1547 1288 Rev-es
1572 1263 1604 1289 et
1623 1258 1837 1299 Magistratus
1859 1257 1989 1299 aliquos
2012 1268 2087 1289 esse

1115 1302 1262 1331 membra
1285 1299 1456 1330 Ecclesiae
1514 1302 1542 1331 ei
1571 1306 1602 1330 et
1632 1300 1706 1331 Deo
1734 1300 1878 1341 placere.
1918 1300 2087 1341 Approbat

1115 1344 1213 1384 igitur
1234 1342 1328 1373 Deus
1352 1343 1486 1383 imperia
1508 1348 1540 1373 et
1562 1342 1727 1383 politicum
1751 1343 1906 1374 ordinem.

1202 1385 1260 1415 His
1275 1384 1458 1416 confirmati
1473 1386 1666 1416 testimoniis
1680 1386 1945 1417 constantissime
1957 1387 2087 1418 damne-

1115 1438 1186 1459 nms
1209 1426 1340 1457 furores
1364 1427 1670 1466 Anabaptistamm,
1698 1428 1752 1468 qui
1776 1429 1974 1459 contendunt
1997 1428 2086 1460 Chri-

1115 1472 1222 1501 stiano
1245 1479 1310 1499 non
1334 1479 1529 1499 concessum
1553 1479 1628 1500 esse
1659 1479 1774 1511 gerere
1788 1471 1834 1510 44)
1865 1472 2086 1512 magistratuS,

1115 1513 1299 1552 improbant
1321 1512 1449 1549 iudicia,
1473 1510 1577 1552 leges.
1600 1512 1742 1542 militiam
1767 1518 1798 1542 et
1823 1519 1931 1543 cetera
1954 1513 2088 1554 politica

1115 1565 1264 1591 munera,
1294 1554 1386 1594 quasi
1414 1552 1477 1584 hae
1500 1564 1553 1584 res
1578 1555 1642 1585 sint
1666 1565 1726 1585 suo
1751 1564 1871 1595 genere
1893 1561 2029 1595 peccata
2056 1562 2087 1586 et

1114 1602 1260 1638 pugnent
1284 1607 1356 1626 cum
1379 1596 1571 1637 Evangelio.
1616 1596 1757 1637 Magnae
1782 1596 1856 1627 mihi
1880 1608 1952 1628 cum
1976 1597 2085 1629 multis

1116 1639 1341 1670 contentiones
1365 1638 1404 1668 de
1428 1638 1490 1670 hac
1513 1639 1741 1670 controversia
1764 1638 1904 1677 fuemnt,
1928 1650 2001 1671 cum
2025 1640 2086 1671 Ca-

1115 1681 1373 1717 1·olostadio⁴·⁵),
1403 1679 1563 1721 Pelargo,
1594 1681 1741 1712 Struthio
1765 1688 1796 1712 et
1819 1681 1908 1719 aliis,
1939 1689 1972 1713 et
1996 1682 2086 1713 multi

1115 1724 1232 1764 agnitis
1261 1722 1405 1753 fontibus
1435 1722 1531 1754 huius
1561 1724 1803 1764 disputationis,
1834 1734 1918 1765 quos
1947 1725 2009 1755 iam
2037 1735 2085 1755 re-

1116 1766 1228 1803 citavi,
1261 1766 1291 1795 in
1325 1765 1410 1796 viam
1439 1766 1605 1796 redierunt
1633 1765 1769 1797 abiectis
1798 1767 2085 1807 Anabaptistarum

1115 1807 1247 1839 deliriis.

1201 1849 1305 1881 Porro
1334 1850 1433 1883 adst)
1464 1849 1519 1880 illa
1550 1851 1654 1888 dicta,
1685 1861 1768 1891 quae
1791 1852 1944 1887 recitavi,
1975 1852 2086 1882 adiun-

1116 1899 1234 1934 gantur
1256 1891 1418 1932 exempla,
1442 1902 1526 1933 quae
1549 1899 1625 1923 sunt
1647 1892 1743 1924 valde
1767 1892 1888 1931 multa,
1911 1893 2086 1931 hominum,

1116 1936 1170 1976 qui
1182 1934 1287 1966 Deum
1306 1944 1384 1965 vere
1403 1935 1607 1972 invocarunt,
1627 1936 1680 1976 qui
1699 1936 1838 1966 nrxima
1852 1946 1955 1977 regna
1969 1937 2087 1977 guber-

1116 1983 1286 2015 naverunt,
1311 1976 1364 2007 alii
1387 1975 1460 2007 aliis
1485 1979 1657 2015 aetatibus,
1681 1979 1756 2018 quia
1774 1978 1867 2009 Deus
1887 1977 1989 2009 voluit
2011 1979 2087 2009 sub-

1115 2021 1189 2050 inde
1211 2030 1269 2060 per
1292 2018 1420 2059 aliquos
1444 2029 1524 2050 suos
1549 2019 1694 2051 cultores
1717 2021 1819 2051 iuvari
1843 2019 1992 2061 politiaS,
2019 2027 2085 2052 tum

1115 2165 1161 2195 44)
1181 2165 1283 2194 gerere]
1302 2165 1374 2190 Editt.
1396 2166 1434 2189 22.
1454 2166 1494 2188 24.
1514 2166 1553 2190 28.
1572 2166 1612 2190 30.
1634 2166 1674 2191 34.
1694 2172 1784 2196 regere

1116 2215 1162 2243 45)
1182 2215 1253 2239 Conf.
1272 2216 1439 2240 Melanthonis
1466 2216 1497 2240 de
1517 2217 1690 2242 Carolostadio
1712 2218 1830 2242 iudicium
1857 2218 1880 2242 in
1907 2218 1961 2243 eius
1980 2220 2085 2249 epistola

1185 2250 1367 2279 nuncupatoria
1395 2250 1425 2274 ad
1446 2251 1583 2279 Myconium
1607 2251 1677 2276 1530.
1696 2252 1796 2281 scripta.
1815 2257 1889 2281 quam
1909 2252 2023 2282 praefixit
2041 2259 2086 2278 suo

1186 2283 1285 2307 libello:
1321 2284 1486 2312 ..Sententiae
1514 2287 1627 2310 veterum
1653 2285 1748 2315 aliquot
1771 2286 1919 2315 scriptorum
1948 2286 1979 2310 de
2008 2292 2085 2311 coena

1184 2318 1288 2341 Domini.
1320 2318 1383 2342 bona
1409 2318 1458 2342 fide
1476 2319 1604 2343 recitatae.
1641 2319 1746 2349 Philipp.
1767 2320 1876 2344 Melan.“
1912 2320 2085 2350 (Witebergae

1184 2351 1213 2375 M.
1233 2352 1259 2376 D.
1280 2351 1346 2376 XXX.
1366 2364 1398 2368 —
1428 2352 1452 2376 in
1471 2351 1534 2376 fine:
1570 2353 1725 2382 Imm-essum
1744 2353 1904 2383 witebergae
1924 2360 1969 2383 per
1986 2355 2084 2384 ioseph.

1184 2385 1254 2414 Clug.
1283 2386 1353 2410 Anno
1371 2386 1401 2410 M.
1421 2387 1448 2410 D.
1468 2387 1538 2410 XXX.
1559 2387 1596 2416 8.;
1633 2393 1723 2412 recuso
1749 2387 1903 2417 Ratisponae
1930 2388 1954 2412 in
1982 2387 2084 2412 Officina

1183 2419 1369 2449 Typographica
1388 2420 1487 2445 loannis
1507 2420 1627 2446 Carbonis
1646 2422 1672 2445 Α.
1691 2421 1760 2446 LIIII.
1782 2421 1805 2444 8.
1824 2423 1849 2445 et
1867 2421 2027 2450 Witebergae
2047 2428 2084 2451 op.

1183 2453 1267 2477 Matth.
1287 2453 1390 2478 Welack
1404 2454 1476 2477 1587.
1489 2454 1525 2484 8.)
1544 2455 1611 2479 Haec
1630 2455 1702 2484 epist.
1722 2461 1811 2479 recusa
1832 2458 1872 2479 est
1890 2455 1913 2479 in
1928 2455 2001 2480 huius
2013 2455 2083 2486 corp.

1184 2487 1235 2510 vol.
1257 2487 1283 2511 11.
1304 2493 1327 2517 p.
1347 2487 1456 2510 29—32.

1116 2538 1161 2567 46)
1181 2537 1223 2568 ad]
1245 2537 1285 2562 Ed.
1305 2538 1345 2560 22.
1365 2538 1446 2562 male:
1465 2538 1497 2563 ad
1516 2539 1540 2563 in

1884 2590 1915 2613 63
