2358 2933
73 104 135 136 841

75 195 163 238 gelii,
199 193 322 236 colligit
355 195 418 224 sibi
451 200 620 224 aeternam
655 191 849 224 Ecclesiam.
895 192 988 223 Sicut
1021 199 1051 222 et

74 239 213 268 loannes
246 237 350 277 inquit
384 235 512 272 [Matth.
535 236 575 273 3,
599 236 679 274 114:
725 235 797 276 Ego
827 235 957 275 baptizo
990 244 1053 265 vos

74 290 172 320 aqua,
205 278 290 309 alius
323 284 432 308 autem
467 279 645 318 baptizabit
678 287 740 308 vos
774 278 840 318 igni
874 282 907 307 et
929 276 1053 316 Spiritu

74 328 204 358 sancto,
227 321 260 351 id
282 326 349 357 est,
373 319 592 361 Evangelium
615 327 647 351 et
669 320 885 350 Sacramenta
908 325 983 348 sunt
1007 317 1053 348 ef-

74 363 189 394 ficacia
216 369 350 403 propter
373 362 541 393 Christum
564 368 596 393 et
618 372 678 402 per
701 360 879 391 Christum.
925 360 1053 391 Citatur

73 406 170 435 etiam
192 404 257 435 huc
270 405 390 435 dictum
403 404 542 435 Christi:
567 404 674 445 Super
687 402 877 434 cathedram
885 405 929 436 ⁹2)
943 404 1051 444 Moysi

73 447 190 477 sedent
213 446 352 477 Scribae
375 453 407 477 et
430 446 601 477 Pharisaei
625 452 687 476 etc.
717 455 802 486 quae
826 445 927 475 verba
951 445 1052 486 signi-

72 488 190 519 ficant:
215 488 351 519 Etiamsi
376 495 453 519 sunt
474 490 506 519 in
524 489 702 519 ministerio
714 486 920 528 hypocritae,
943 494 1051 518 tamen

72 530 185 562 valere
218 529 419 561 functionem
453 532 575 571 ipsam,
604 532 632 560 si
655 537 763 560 tamen
781 530 920 560 sedeant
943 531 975 559 in
999 540 1052 560 ca-

72 573 187 604 thedra
200 573 321 614 Moysi,
345 573 378 604 id
401 580 464 609 est,
487 573 626 603 doceant
648 573 829 603 doctrinam
853 582 871 602 a
890 572 962 603 Deo
988 579 1051 603 tra-

72 616 183 652 ditam,
206 625 272 646 non
294 615 432 646 sedeant
453 615 485 645 in
508 614 571 645 alia
590 614 757 655 cathedra,
781 625 845 645 non
865 621 1052 655 proponant.

72 659 254 689 doctrinam
277 664 478 700 pugnantem
502 668 575 688 cum
598 658 673 687 fide.

158 700 251 730 Haec
283 707 354 730 tota
388 709 511 731 caussa
545 706 660 730 contra
684 699 878 731 Donatistas
914 701 1051 740 copiose

73 748 219 773 tractata
241 748 293 772 est
315 743 357 772 ab
381 742 569 783 Augustino
592 743 623 772 in
648 741 758 773 multis
771 741 1004 780 voluminibus,
1023 748 1053 772 et

71 783 212 825 epistola
238 784 309 815 166.
332 791 485 815 recenset
507 785 572 815 hoc
590 791 833 826 argumentum:
873 785 908 815 Si
932 785 1051 826 pende·

72 832 121 857 ret
143 828 193 858 vis
211 826 386 868 Evangelii
407 834 437 858 et
458 827 747 858 Sacramentorum
771 837 790 857 a
814 828 972 868 dignitate
995 828 1051 857 mi-

71 869 175 906 nistri,
198 869 281 900 fides
304 876 420 900 nostra
444 869 534 900 fieret
558 870 701 901 incerta:
726 869 767 900 Ut
791 870 892 911 igitur
914 869 996 900 fides
1011 871 1051 899 sit

71 917 173 949 certa,
207 922 350 942 necesse
382 918 431 942 est
455 912 544 942 reiici
568 918 597 942 et
622 912 769 942 damnari
791 912 972 943 fanaticum
996 912 1050 942 de-

70 952 176 984 lirium
200 953 462 985 Donatistarum.

155 995 329 1026 Refutatur
362 1003 393 1026 et
417 1006 436 1027 a
460 997 669 1027 Nazianzeno
692 996 746 1027 hic
770 1007 880 1033 error,
903 997 958 1037 qui
988 995 1051 1026 hac

71 1039 168 1070 utitur
201 1037 417 1069 similitudine.
464 1039 586 1069 Eadem
619 1045 670 1069 est
700 1038 805 1079 figura
828 1037 946 1080 sigilli,
980 1039 1051 1069 sive

71 1090 170 1112 aureo
195 1082 266 1112 sive
288 1080 397 1113 ferreo
421 1081 542 1113 annulo
562 1081 727 1122 insculpta
740 1082 796 1117 sit3
819 1081 862 1111 ita
876 1081 960 1111 idem
973 1091 1051 1111 esse

70 1124 281 1154 ministerium
315 1125 434 1164 inquit,
475 1125 546 1154 sive
580 1125 658 1155 boni
693 1125 764 1154 sive
797 1122 872 1154 mali
907 1129 1049 1154 teneant.

71 1165 160 1199 Haeo
184 1167 225 1197 de
248 1165 432 1197 Donatistis
456 1176 591 1197 monere
614 1176 754 1197 necesse
778 1172 846 1203 est,
876 1171 909 1196 ut
935 1172 1049 1196 contra

70 1207 156 1239 tales
192 1208 322 1239 furores
357 1210 400 1248 pii
434 1210 700 1249 praemuniantur
724 1214 756 1238 et
780 1209 908 1238 discant
932 1206 1050 1237 intelli-

71 1261 151 1292 gere
173 1252 238 1282 vim
261 1252 440 1281 ministerii.
486 1248 568 1280 Nam
592 1257 623 1280 et
647 1256 763 1280 nostra
786 1256 895 1280 aetate
918 1250 1050 1280 Anaba-

69 1295 187 1334 ptistae
221 1299 380 1323 renovant
419 1302 551 1323 errores
585 1292 852 1329 Donatistarum,
897 1298 930 1322 et
964 1292 1050 1331 impii

69 1336 224 1366 abiiciunt
246 1336 436 1372 ministeria,
460 1341 491 1365 et
522 1335 597 1365 dum
620 1335 767 1365 iactitant
791 1344 828 1365 se
848 1335 1051 1365 constituere

69 1377 267 1414 Ecclesiam,
290 1379 321 1408 in
346 1388 409 1418 qua
433 1376 511 1407 nulli
536 1377 600 1407 sint
610 1378 667 1409 ⁹²³)
686 1375 781 1414 mali,
799 1386 941 1418 prorsus
959 1378 1049 1410 u193)

70 1418 383 1455 Circumcelliones,
428 1429 581 1460 magnam
619 1418 795 1450 colluviem
830 1420 1048 1459 pessimorum

69 1461 231 1493 latronum
277 1462 489 1497 contrahunt,
534 1467 569 1491 ut
609 1462 753 1492 ostendit
785 1461 1050 1492 Monasteriense

70 1503 263 1545 exemplum,
287 1504 375 1544 quod
393 1504 580 1534 meminisse
602 1504 749 1543 prodest,
772 1510 807 1534 ut
830 1505 939 1534 bonae
960 1513 1050 1533 men-

70 1554 121 1578 tes
139 1547 264 1577 maiore
287 1556 367 1577 cura
391 1553 422 1577 et
445 1545 614 1587 diligentia
638 1552 789 1583 caveant,
806 1556 848 1576 ne
866 1547 1050 1577 assentian—

69 1597 123 1620 tur
155 1587 251 1619 falsis
285 1590 505 1629 opinionibus,
539 1594 571 1618 et
605 1589 750 1628 cogitent
784 1598 824 1618 ex
848 1599 912 1620 uno
935 1598 1050 1619 errore

71 1630 227 1673 paulatim
260 1632 338 1661 oriri
372 1630 568 1671 multiplices
603 1637 634 1660 et
667 1630 870 1661 insanabiles
905 1629 1049 1661 furores.

157 1672 243 1708 Quid
276 1674 375 1714 igitur
408 1672 591 1704 faciendum
626 1673 699 1703 est?
743 1683 785 1703 an
815 1672 1050 1703 dissimulanda

71 1720 147 1747 sunt
169 1721 285 1755 aperta
309 1716 444 1746 crimina
456 1716 675 1746 ministrorum
689 1714 878 1756 Evangelii?
901 1714 1050 1756 Re‘spon-

71 1759 151 1789 deo:
187 1756 308 1789 Polluti
332 1758 514 1789 manifestis
539 1759 727 1788 criminibus
746 1758 1049 1789 excommunicandi

71 1807 148 1831 sunt
182 1801 345 1831 communi
380 1810 464 1831 voce
497 1800 681 1831 Ecclesiae.
733 1800 823 1831 Sicut
859 1799 984 1831 Paulus
1022 1800 1073 1830 l.=

71 1842 148 1874 Cor.
184 1843 215 1873 5.
249 1843 410 1873 incestum
434 1843 527 1873 eiecit
551 1853 590 1872 ex
615 1842 787 1879 Ecclesia3
832 1843 872 1873 Et
896 1843 1049 1874 Christus

72 1885 187 1916 Matth.
213 1885 262 1916 18.
289 1889 351 1923 [vs.
377 1885 439 1923 l7.}
464 1886 581 1926 inquit:
620 1885 683 1916 Dic
707 1885 890 1916 Ecclesiae.
935 1885 1050 1927 anue

71 1929 232 1959 severitas
266 1938 330 1958 non
366 1934 436 1958 erat
470 1927 686 1969 negligenda,
723 1929 781 1958 sed
811 1929 839 1959 si
863 1927 1050 1969 negligitur,

70 1976 179 2001 tamen
203 1971 414 2001 ministerium
439 1969 536 2007 valet,
559 1976 594 2000 ut
618 1971 736 2000 dictum
761 1977 823 2001 est.

158 2013 335 2043 Praeterea
359 2020 389 2044 et
414 2014 644 2055 magistratus,
679 2013 733 2053 qui
757 2012 901 2054 gladium
921 2019 1050 2055 gerunt,

71 2055 186 2095 punire
220 2056 354 2086 crimina
388 2056 458 2085 suis
489 2055 616 2096 legibus
646 2055 784 2091 debent,
818 2062 852 2086 ut
876 2054 1048 2093 adulteria,

72 2098 192 2128 caedes
216 2104 247 2128 et
271 2097 346 2128 alia.

158 2140 224 2170 Sed
259 2146 390 2180 praeter
422 2139 552 2180 publica
589 2142 722 2172 crimina
747 2147 822 2171 sunt
845 2141 1048 2172 infirmitates

72 2182 103 2212 in
126 2183 274 2213 moribus
298 2183 441 2213 omnium
464 2182 646 2214 hominum:
691 2182 787 2215 Alius
812 2190 862 2215 est
886 2185 1050 2216 morosior

72 2231 127 2255 aut
160 2225 365 2261 iracundior,
400 2224 494 2256 Alius
518 2224 741 2267 indulgentior
764 2234 819 2257 aut
841 2227 948 2258 minus
972 2234 1051 2258 tem-
1071 2224 1073 2232 '

71 2276 206 2311 perans,
231 2278 327 2309 quam
351 2274 503 2308 oportet:
535 2267 628 2299 Alius
653 2276 703 2300 est
726 2270 769 2300 ad
792 2280 861 2301 rem
884 2272 1051 2307 attentior,
1071 2306 1074 2333 ἱ

847 2363 865 2383 '
1071 2335 1074 2352 i

73 2393 118 2423 92)
137 2394 296 2425 cathedram]
318 2395 389 2420 Editt.
413 2397 433 2418 l.
454 2397 476 2420 3.
495 2397 614 2421 cathedra

73 2444 132 2475 92³)
152 2444 213 2475 sint]
236 2445 308 2470 Editt.
329 2447 366 2468 ll.
391 2445 428 2468 13.
451 2446 556 2470 15-17.
582 2448 622 2472 21.
642 2451 702 2472 sunt

73 2495 118 2523 93)
139 2495 208 2521 mali.
226 2501 330 2525 prorsus
350 2496 387 2526 ut]
405 2497 477 2522 Editt.
498 2498 536 2522 14,
556 2498 586 2521 18
598 2511 628 2514 —
643 2499 683 2521 20.
704 2499 735 2522 25
747 2500 847 2527 —27.,
865 2501 938 2531 Com.
960 2502 971 2523 1
983 2514 1014 2517 —
1026 2501 1049 2523 8.
1070 2518 1073 2529 ,

141 2529 201 2554 mali
218 2535 332 2559 prorsus,
352 2532 392 2561 ut;
410 2531 483 2554 Editt.
506 2531 596 2555 1—13.
618 2533 687 2562 mali,
707 2539 820 2563 prorsus,
839 2537 867 2558 ut
1070 2532 1073 2545 ³

545 102 568 132 Ι.
591 100 692 132 LOCl
715 99 991 132 THEOLOGICI:
1013 99 1056 131 D.
1079 99 1239 131 TERTIA
1262 98 1418 131 EORUM
1443 99 1599 131 AETAS.

1071 2064 1073 2088 Ξ
1095 2057 1345 2087 interficiebant.

2016 105 2079 134 ⁸42

1096 193 1130 222 in
1154 191 1218 223 alio
1241 191 1359 229 fastus,
1382 194 1414 222 in
1438 192 1503 223 alio
1526 193 1686 234 segnities
1711 192 1980 233 reprehenditur3
2016 196 2078 225 De-

1097 235 1196 275 nique
1218 244 1332 265 omnes
1357 234 1478 265 habent
1502 245 1582 265 suas
1605 235 1766 275 quasdam
1778 235 1995 267 infirmitates.
2026 237 2078 267 De

1096 277 1148 307 his
1172 277 1401 308 communibus
1424 278 1582 313 moribus,
1607 288 1679 307 cum
1702 287 1768 307 non
1787 279 1950 309 accedunt
1974 280 2077 310 crimi-

1096 329 1149 355 na,
1186 320 1332 349 sciamus
1364 320 1437 358 piae
1461 320 1578 349 mentis
1603 330 1699 357 esse,
1723 321 1816 360 sequi
1840 322 1993 352 usitatam
2029 333 2076 352 re-

1097 360 1226 402 gulam:
1262 361 1375 392 Mores
1409 362 1505 392 amici
1534 363 1685 399 noveris,
1720 372 1785 392 non
1810 363 1931 393 oderis.
1976 364 2076 395 Item:

1096 404 1277 440 Remittite,
1308 410 1339 433 et
1362 405 1544 434 remittetur
1564 405 1669 434 vobis.
1714 404 1809 435 Item:
1840 405 2003 436 Universa
2023 407 2077 437 de-

1096 445 1173 476 licta
1198 447 1279 486 tegit
1304 444 1448 476 dilectio.
1494 445 1545 476 Ac
1570 447 1745 486 praecipue
1769 449 1894 486 piorum
1912 449 2075 489 guberna-

1095 495 1201 519 torum
1225 495 1256 518 et
1280 489 1453 519 doctorum
1474 489 1657 518 mediocres
1683 499 1790 519 mores
1813 489 1973 520 tolerandi
1988 498 2076 527 sunt,

1095 531 1180 561 sicut
1205 529 1357 561 Christus
1387 531 1494 568 iubet,
1528 536 1562 560 ut
1586 532 1686 571 pedes
1710 538 1821 561 mutuo
1845 532 2010 570 lavemus,
2045 534 2077 564 id

1096 579 1164 610 est,
1197 579 1232 603 ut
1266 571 1352 603 tales
1386 572 1591 603 infirmitates
1616 574 1699 604 inter
1722 583 1784 603 nos
1809 581 1920 605 mutua
1943 575 2076 606 lenitate

1095 625 1261 646 sanemus.

1182 657 1241 688 Est
1281 664 1390 688 autem
1424 658 1595 694 usitatum,
1632 656 1835 687 calumniose
1870 669 2076 700 exaggerare

1095 700 1172 730 vitia
1207 701 1475 740 gubernatorum.
1522 699 1598 729 ldeo
1630 703 1727 730 toties
1751 701 1909 740 praecipit
1935 702 2075 741 Spiritus

1096 748 1245 779 sanctus,
1270 748 1304 773 ut
1328 752 1386 772 eos
1400 741 1526 772 honore
1539 740 1736 779 afficiamus,
1760 749 1790 772 ut
1819 744 2013 783 gravissime
2031 745 2075 774 di-

1096 786 1180 815 citur
1199 785 1239 814 ad
1264 784 1436 815 Hebraeos
1462 784 1526 821 113,
1553 785 1632 823 174:
1668 785 1808 815 Obedite
1830 785 1880 822 iis,
1905 787 1959 825 qui
1983 796 2075 825 prae-

1095 833 1181 864 sunt,
1200 833 1233 857 ut
1259 838 1332 857 cum
1358 828 1478 868 gaudio
1503 834 1532 857 et
1556 837 1621 857 non
1645 833 1814 868 gementes
1837 826 1958 857 faciant
1981 837 2076 858 suum

1095 880 1224 906 munus,
1259 870 1353 910 quasi
1387 870 1489 900 dicat:
1537 869 1600 899 Per
1634 879 1710 899 sese
1744 868 1887 899 difficilis
1918 876 1948 900 et
1982 880 2075 900 aem-

1094 921 1211 943 mnosa
1235 922 1289 942 res
1313 918 1364 942 est
1387 913 1595 953 gubernatio,
1619 912 1679 942 sed
1703 922 1776 942 cum
1801 912 1929 942 accedit
1961 918 2074 942 contu-

1094 955 1199 985 macia
1222 952 1422 990 inferiorum,
1446 953 1631 994 duplicatur
1650 955 1791 984 miseria.
1837 954 1880 984 Ut
1904 955 1988 984 enim
2012 954 2075 985 He-

1095 997 1233 1027 rodotus
1256 997 1375 1037 inquit:
1392 996 1555 1031 Quantum
1579 995 1700 1027 bellum
1724 996 1831 1027 differt
1854 1008 1873 1027 a
1895 1006 1989 1036 pace,
2008 1003 2075 1027 tan-

1095 1045 1163 1069 tum
1198 1038 1303 1069 differt
1327 1039 1445 1069 seditio
1469 1050 1488 1069 a
1512 1038 1618 1069 bello:
1655 1039 1699 1069 lta
1736 1040 1947 1079 gubernatori
1980 1049 2075 1069 aeru-

1094 1082 1244 1112 mnosius
1263 1087 1312 1111 est
1337 1092 1408 1112 011111
1433 1082 1503 1111 suis
1523 1091 1618 1121 quam
1643 1092 1714 1111 cum
1740 1080 1813 1111 aliis
1823 1083 1867 1119 ⁴³⁴)
1881 1087 2020 1118 certare,
2044 1086 2074 1111 et

1094 1124 1127 1154 in
1150 1133 1286 1154 munere
1308 1122 1430 1164 alioqui
1455 1122 1577 1153 difficili
1601 1125 1642 1153 ab
1662 1122 1727 1153 illis
1751 1124 1831 1163 ipsis
1860 1124 2026 1164 impediri,
2057 1135 2074 1153 a

1095 1167 1213 1206 quibus
1249 1166 1353 1196 iuvari
1389 1166 1542 1196 debebat.
1588 1165 1665 1196 ldeo
1701 1174 1729 1195 01
1758 1166 1785 1195 l.
1809 1165 1928 1196 Thess.
1953 1166 1982 1195 5.
2008 1168 2073 1204 [vs.

1096 1208 1159 1246 l·2.]
1184 1208 1260 1238 dicit
1285 1206 1426 1238 Paulus:
1474 1208 1637 1241 Petimus,
1662 1214 1695 1238 ut
1720 1217 1797 1244 eos,
1828 1209 1882 1248 qui
1906 1215 2074 1247 praesunt,

1094 1249 1297 1281 excellenter
1318 1251 1439 1290 putetis
1463 1249 1651 1291 diligendos
1674 1260 1751 1280 esse
1774 1256 1910 1290 propter
1932 1251 2075 1281 ministe-

1094 1294 1188 1330 rium,
1225 1298 1256 1322 et
1279 1302 1395 1332 pacem
1426 1303 1499 1323 cum
1523 1293 1571 1322 eis
1595 1291 1724 1323 habete.
1770 1292 1923 1333 Denique
1947 1293 1988 1323 de
2011 1292 2074 1323 hac

1095 1345 1130 1366 re
1162 1333 1266 1365 multa
1290 1341 1401 1365 extant
1425 1341 1613 1375 praecepta.
1660 1334 1702 1364 Ut
1726 1341 1833 1365 antem
1857 1333 1961 1365 Cham
1983 1335 2075 1375 puni-

1093 1383 1145 1408 tur
1167 1384 1355 1418 propterea,
1389 1378 1477 1418 quod
1501 1384 1627 1417 patrem
1651 1377 1794 1412 deridet3
1840 1378 1884 1407 ita
1909 1378 2015 1408 sciant
2038 1387 2075 1407 sc

1094 1429 1219 1460 poenas
1246 1420 1381 1450 daturos
1406 1429 1484 1449 esse
1507 1419 1581 1449 Deo
1606 1429 1737 1456 omnes,
1769 1420 1823 1460 qui
1845 1420 2001 1450 ministris
2024 1429 2074 1450 re-

1094 1468 1147 1492 cte
1170 1462 1377 1498 docentibus,
1400 1462 1427 1491 si
1452 1462 1493 1491 sit
1517 1462 1724 1492 mediocritas
1742 1460 1853 1502 aliqua
1870 1462 1903 1492 in
1916 1462 2074 1499 moribus,

1093 1503 1223 1535 molesti
1257 1510 1343 1534 sunt.
1389 1504 1481 1534 Sicut
1515 1511 1546 1534 et
1581 1505 1622 1534 ad
1650 1503 1818 1534 Abraham
1853 1505 1973 1534 dictum
2007 1511 2072 1534 est:

1093 1547 1293 1577 Benedicam
1323 1547 1592 1577 benedicentibus
1623 1547 1680 1577 tibi
1703 1554 1733 1576 et
1758 1545 1952 1577 maledicam
1975 1545 2074 1576 male-

1094 1590 1277 1620 dicentibus
1311 1589 1378 1619 tibi.
1424 1589 1514 1619 Haec
1549 1588 1664 1630 regula
1698 1588 1785 1619 haud
1817 1590 1914 1619 dubie
1935 1589 2073 1629 pertinet

1094 1632 1135 1662 ad
1169 1630 1355 1662 Ecclesiam
1391 1638 1421 1662 et
1457 1637 1547 1661 recte
1581 1633 1750 1662 docentes.
1797 1631 1949 1662 Sciamus
1983 1641 2073 1671 ergo,

1093 1680 1229 1714 propter
1257 1684 1368 1704 mores
1400 1674 1586 1704 docentium
1609 1684 1674 1704 non
1699 1684 1775 1704 csse
1798 1674 2033 1704 discedendum
2055 1684 2073 1702 a

1094 1715 1219 1757 reliqua
1242 1715 1413 1753 Ecclesia,
1448 1726 1508 1746 nec
1539 1716 1719 1747 schismata
1743 1715 1894 1747 facienda
1917 1725 2010 1752 esse,
2047 1716 2073 1745 si

1094 1757 1202 1789 nullus
1228 1760 1267 1789 sit
1293 1768 1385 1789 error
1409 1759 1589 1789 doctrinae.

1181 1801 1249 1832 Sed
1283 1800 1337 1831 alii
1372 1807 1447 1831 sunt
1482 1800 1558 1831 mali
1593 1800 1707 1840 polluti
1736 1799 1830 1830 falsis
1855 1800 2074 1840 opinionibuS,

1095 1845 1148 1885 qui
1182 1844 1313 1884 impiam
1342 1844 1523 1874 doctrinam
1547 1844 1725 1874 defendunt
1749 1849 1779 1873 ct
1804 1848 1997 1883 oppugnant
2019 1852 2074 1871 ve-

1096 1897 1165 1917 ram
1200 1893 1231 1916 et
1267 1886 1465 1916 interficiunt
1498 1888 1571 1926 pios
1606 1892 1742 1927 propter
1777 1895 1876 1915 verae
1906 1885 2075 1915 doctrinae

1095 1928 1348 1969 professionem.
1390 1929 1483 1959 Sicut
1507 1928 1671 1965 lereniiae,
1694 1927 1901 1964 Μαι-11311301,
1911 1928 1957 1965 ⁹⁵)
1983 1925 2074 1956 Chri-

1095 1973 1136 2002 sti
1161 1978 1308 2011 tempore
1327 1970 1458 2001 fuerunt
1482 1971 1662 2001 Pontifices
1687 1975 1717 2000 et
1742 1980 1853 2000 eorum
1879 1975 2073 2005 sectatores,

1095 2015 1149 2055 qui
1172 2012 1280 2055 palam
1305 2014 1573 2044 contradicebant
1596 2023 1694 2044 verae
1712 2012 1882 2042 doctrinae
1894 2017 1924 2041 et
1937 2017 2074 2041 sanctos

1392 2056 1473 2087 Cum
1508 2055 1572 2087 hoc
1608 2061 1722 2092 coetu,
1751 2054 1878 2084 etiamsi
1905 2059 1992 2083 tenet
2018 2064 2074 2094 gu-

1097 2100 1319 2130 bernationem
1343 2109 1402 2140 per
1425 2099 1648 2139 tyrannidem,
1671 2098 1734 2138 piis
1763 2107 1828 2127 non
1852 2097 1893 2125 sit
1917 2096 2072 2131 societas,

1096 2148 1125 2173 et
1150 2141 1246 2182 culpa
1270 2141 1457 2172 schismatis
1480 2151 1581 2181 penes
1605 2142 1695 2181 ipsos
1713 2146 1774 2175 est,
1799 2138 1875 2180 quia
1887 2138 2073 2168 mandatum

1094 2185 1157 2216 Dei
1181 2191 1247 2215 est:
1283 2184 1399 2225 Fugite
1427 2183 1654 2214 idololatriam.
1700 2182 1794 2212 Item:
1830 2181 1865 2211 Si
1889 2181 1961 2221 quis
1985 2178 2073 2210 aliud

1095 2226 1312 2269 Evangelium
1348 2227 1496 2263 docebit,
1531 2225 1705 2256 anatliema
1740 2225 1792 2254 sit.
1839 2223 1896 2253 Sic
1919 2220 2072 2262 Apostoli

1096 2281 1114 2301 a
1139 2269 1265 2309 Caiplia
1290 2275 1320 2299 et
1344 2270 1385 2299 ab
1410 2269 1479 2298 eius
1506 2275 1603 2298 coetu
1626 2267 1835 2297 recedebant.

1182 2312 1306 2352 Estque
1341 2310 1513 2352 diligenter
1548 2309 1791 2340 observandum
1821 2308 1994 2337 discrimen
2019 2316 2072 2336 co—

1096 2366 1182 2386 rum:
1219 2350 1433 2384 Ministeiium
1459 2363 1523 2382 non
1549 2358 1700 2387 mutatur,
1737 2350 1860 2380 etiamsi
1887 2359 1994 2379 mores
2017 2347 2073 2378 ali-

1096 2450 1142 2479 94)
1163 2448 1229 2479 aliis}
1253 2448 1325 2472 Editt.
1349 2448 1422 2470 1-9,
1445 2447 1481 2470 12,
1503 2447 1592 2470 alienis

1096 2500 1141 2527 95)
1161 2498 1325 2528 Machaliaei]
1348 2498 1418 2522 Editt.
1440 2497 1511 2521 1-3.
1531 2498 1553 2519 9.
1575 2497 1710 2525 stat-abaci,
1740 2496 1809 2519 Ettitt.
1832 2495 1852 2517 6,
1873 2494 1894 2517 7,
1918 2494 1946 2515 1‘2
1977 2493 2071 2517 Macra-

1165 2533 1231 2560 baei‚
1250 2532 1322 2556 Editt⁴
1344 2531 1382 2556 16,
1404 2531 1451 2554 17:
1464 2531 1504 2553 ⁴21.
1523 2530 1692 2555 Mart-habaet.
