2358 2933
192 102 271 132 1051

801 101 911 134 PHlL.
933 100 1035 134 MEL.
1059 101 1243 134 SCRIPTA
1266 101 1541 134 DOGMATICA.

2110 104 2192 136 1052

1020 350 1287 392 [Appendix
1317 349 1361 390 1.]

812 435 914 466 DE

277 559 423 593 Consilia
446 561 509 594 Dei
544 563 651 593 onmia
684 564 717 593 in
743 563 908 594 creatione
932 564 1080 595 enarrari
1103 574 1168 594 non

190 612 348 644 possunt,
388 605 448 635 sed
482 612 591 636 tamen
626 604 810 646 aliquorum
845 616 980 646 operum
1015 616 1168 638 caussam

191 648 338 687 conspici
363 647 454 678 Deus
479 647 592 685 voluit,
616 648 770 679 videlicet
792 649 1055 690 praecipuorum.
1091 648 1169 680 Cer-

189 689 350 720 tissimum
374 696 425 720 est
447 689 595 732 Angelos
619 697 650 722 et
673 690 823 722 homines
848 692 1000 723 conditos
1024 701 1111 725 esse,
1134 697 1168 722 ut

191 738 302 762 essent
325 730 455 773 aliquae
478 740 626 771 naturae,
651 735 768 774 quibus
792 744 885 764 suam
897 735 1103 775 sapientiam,
1122 734 1169 764 iu-

190 774 309 804 stitiam
354 781 385 805 et
420 782 549 806 ceteras
585 777 721 806 virtutes
752 782 782 806 et
811 775 967 807 laetitiam
1001 782 1170 807 aeternam

191 817 463 853 communicaret,
509 819 585 858 quia
619 820 741 849 bonum
775 824 826 849 est
862 819 1169 850 communicativum

190 859 252 895 sui,
277 869 317 889 ac
340 866 374 889 ut
409 860 555 890 vicissim
579 868 820 902 agnosceretur
854 862 936 901 ipse.
981 859 1169 892 Transfudit

190 901 288 941 igitur
310 902 342 931 in
366 909 505 932 mentem
529 902 702 933 humanam
721 904 913 943 sapientiam
933 909 1170 944 congruentem

192 953 265 973 cum
289 953 348 973 sua
371 951 490 981 mente,
513 952 547 975 ut
567 945 598 975 in
618 946 714 975 nobis
727 946 949 976 testimonium
962 952 1061 983 extet,
1082 946 1170 986 quod

192 986 231 1015 sit
256 984 366 1023 Deus,
402 986 509 1028 qualis
544 988 604 1024 sit,
639 994 669 1018 et
705 988 793 1028 quod
827 989 867 1018 sit
892 988 1002 1019 Iudex.
1047 987 1084 1018 In
1107 988 1170 1018 hoc

191 1038 291 1068 opere
314 1038 380 1059 non
404 1037 455 1060 est
480 1031 659 1060 obscurum
683 1029 856 1061 consilium
878 1029 953 1061 Dei.

276 1070 346 1102 Nec
370 1082 448 1102 vero
474 1073 682 1112 quaerendae
702 1080 778 1104 sunt
802 1073 943 1104 omnium
961 1082 1115 1110 caussae,
1138 1078 1171 1104 et

192 1120 383 1144 reverenter
411 1113 485 1145 Deo
521 1115 812 1155 obtemperandum
846 1121 906 1146 est.
965 1114 1170 1156 Angelorum

191 1156 325 1197 agmina
347 1155 445 1187 simul
468 1158 625 1194 condidit,
650 1168 712 1188 nec
735 1164 785 1189 est
809 1159 841 1188 in
865 1168 904 1189 ea
922 1164 1039 1189 natura
1051 1168 1170 1199 propa-

192 1198 290 1239 gatio.
336 1198 494 1230 Homines
518 1199 613 1230 aliter
643 1200 798 1238 condidit,
832 1200 936 1231 voluit
958 1210 1034 1231 esse
1053 1211 1170 1241 propa—

192 1241 357 1282 gationem
380 1252 399 1271 a
422 1243 547 1281 paucis.
592 1241 632 1272 Et
662 1248 769 1273 tamen
794 1243 877 1273 duos
902 1243 1045 1274 condidit
1068 1244 1170 1281 initio,

193 1283 268 1323 quia
303 1293 435 1323 semper
459 1283 529 1315 vult
552 1283 738 1315 Ecclesiam
773 1287 966 1316 societatem
998 1295 1084 1316 esse.
1130 1284 1171 1315 Et

192 1325 296 1356 voluit
317 1326 350 1356 in
374 1326 424 1356 his
448 1326 562 1357 lucere
585 1326 785 1358 intellectum
814 1329 984 1365 virtutum,
1016 1328 1171 1364 iustitiae,

192 1368 354 1405 veritatis,
390 1370 564 1405 castitatis,
598 1369 835 1400 beneficentiae
859 1377 890 1401 et
913 1369 1061 1407 aliarum,
1096 1371 1172 1410 quia

192 1410 244 1440 his
266 1412 389 1441 notitiis
414 1410 481 1442 vult
504 1412 645 1442 discerni
668 1418 817 1443 naturam
841 1412 982 1443 dix-inam
1004 1422 1024 1442 a
1046 1412 1171 1442 naturis

192 1454 320 1484 iniustis
345 1460 375 1484 et
400 1454 583 1484 immundis.
613 1454 686 1484 Non
711 1455 794 1485 enim
819 1453 1043 1495 amplectimur
1065 1453 1172 1484 Deum

194 1495 337 1526 brachiis
370 1497 532 1537 corporis,
566 1498 626 1527 sed
649 1503 756 1527 mente
780 1503 811 1527 et
833 1496 898 1527 fide
924 1497 1098 1527 intuendus
1122 1502 1173 1526 est

194 1539 404 1570 invocatione
440 1547 469 1569 et
495 1539 611 1570 harum
633 1540 786 1570 virtutum
811 1540 1020 1570 attributione
1050 1539 1172 1570 discer-

194 1582 322 1612 nendus
346 1583 387 1611 ab
412 1580 484 1612 aliis
508 1583 624 1619 rebus,
659 1588 689 1613 et
713 1582 868 1613 intuenda
890 1588 966 1612 sunt
989 1582 1175 1613 testimonia

194 1622 425 1665 patefactionis
450 1630 512 1655 etc.

281 1666 371 1697 Facit
406 1673 514 1698 autem
547 1666 676 1698 illustre
710 1667 883 1698 discrimen
908 1667 1067 1704 Castitas,
1102 1667 1177 1708 quia

193 1708 327 1740 Diaboli
352 1716 382 1740 et
402 1709 552 1740 homines
575 1716 649 1740 sunt
673 1710 840 1741 immundi.
875 1710 926 1741 Ac
945 1716 981 1741 ut
1005 1710 1176 1740 discernas

194 1752 302 1783 Deum
321 1763 340 1783 a
358 1751 523 1790 Diabolis,
549 1763 680 1793 semper
703 1754 735 1783 in
758 1754 969 1784 invocatione
993 1753 1122 1794 cogites
1145 1758 1176 1783 te

195 1794 320 1836 alloqui
344 1802 470 1826 castum
493 1795 610 1826 Deum.

282 1838 395 1869 Sanxit
420 1838 517 1878 igitur
541 1839 686 1868 ordinem
710 1844 740 1868 et
764 1847 870 1879 vagas
893 1836 1044 1868 libidines
1068 1836 1176 1878 prohi—

197 1882 263 1912 buit
283 1888 313 1911 et
338 1882 548 1911 severissime
572 1881 673 1921 punit.
706 1887 735 1911 et
760 1880 829 1911 vult
852 1880 1001 1912 homines
1020 1890 1122 1910 nosse
1145 1886 1176 1910 et

199 1931 389 1954 reverenter
412 1924 494 1954 meri
517 1929 626 1954 certas
650 1923 759 1964 Leges
785 1923 927 1964 coniugii
951 1924 992 1953 ab
1016 1924 1088 1963 ipso
1112 1929 1176 1953 tra-

199 1967 299 2003 ditas,
337 1976 473 2007 quamm
506 1967 630 2006 primae
665 1966 774 1997 statim
809 1967 840 1996 in
873 1965 1034 1996 Paradiso
1069 1966 1199 1996 editae·

219 2112 245 2141 1)
264 2112 307 2137 Hic
327 2115 456 2143 tractatus7
485 2114 527 2144 qui
553 2113 662 2144 primum
691 2119 705 2137 a
739 2112 811 2136 1551.
840 2112 978 2143 separatim
1010 2112 1108 2142 prodiit,
1136 2118 1177 2137 se-

269 2148 354 2177 quenti
383 2153 448 2172 anno
481 2148 552 2171 1552.
572 2148 610 2172 his
630 2147 701 2172 Locis
720 2147 745 2172 in
764 2147 807 2172 Ed.
828 2146 867 2169 13.
888 2146 991 2171 additus
1011 2149 1036 2171 et
1054 2147 1079 2171 in
1098 2146 1177 2171 omni-

268 2181 316 2205 bus
343 2187 411 2212 seqq.
432 2182 503 2207 Editt.
534 2187 623 2206 eorum
643 2183 760 2206 servatus
780 2183 819 2205 est
856 2181 926 2210 (vide
945 2186 1003 2210 pag.
1023 2181 1070 2203 571
1090 2187 1126 2211 sq.
1145 2181 1176 2205 ad

269 2215 313 2239 Ed.
337 2217 395 2244 13.)
434 2216 571 2241 Praeterea
591 2217 616 2240 in
634 2215 780 2241 Etaminis
800 2214 1031 2241 ordinandorum.
1059 2215 1125 2246 quod
1153 2216 1177 2239 in

269 2249 434 2279 subsequenti
454 2251 505 2275 vol.
527 2251 642 2277 edemus,
671 2252 742 2280 parte
771 2254 884 2274 extrema
913 2249 1055 2277 exhibetur,
1074 2249 1176 2281 eodem:

270 2289 317 2313 que
343 2284 396 2307 loco
426 2285 500 2308 etiam
530 2285 553 2309 in
572 2284 655 2309 latim·
683 2284 814 2313 Corporis
841 2283 987 2308 doctrinae
1013 2283 1084 2308 Editt.
1109 2286 1133 2307 et
1153 2284 1176 2307 in
1198 2286 1199 2297 ³

271 2318 385 2346 Operum
410 2319 644 2348 ti'iteberyensz'um
663 2319 735 2342 Parte
762 2318 778 2342 1.
800 2321 881 2342 exstat
902 2318 971 2347 (vide
991 2323 1048 2347 pag.
1068 2317 1116 2340 587
1137 2323 1174 2347 sq.

269 2351 317 2374 ,⁷291
338 2353 398 2382 sq).
435 2353 591 2382 Quapropter
609 2353 632 2377 in
652 2353 699 2376 hac
717 2352 758 2377 Ed.
780 2358 828 2376 non
847 2353 929 2376 solum
948 2352 1084 2376 Locorum
1102 2351 1174 2376 Editt.
1198 2374 1199 2381 ,

272 2385 398 2410 13-34..
417 2390 442 2411 et
461 2387 592 2416 Corporis
610 2386 681 2411 Editt.
705 2388 714 2408 1
735 2399 766 2403 —
787 2387 809 2409 8,
828 2389 903 2416 atque
923 2386 1002 2411 Partis
1021 2387 1038 2410 Ι.
1061 2386 1176 2415 Operum
1197 2384 1199 2409 t

275 2421 292 2445 11
301 2421 361 2445 eleb.
375 2421 448 2445 Eunt.
468 2422 486 2443 1.
508 2421 529 2442 ‘.>.
550 2420 772 2447 contulinius,sed
784 2422 858 2444 etiam
879 2421 1023 2445 Ezammzs
1043 2420 1175 2445 ordmurl-
1196 2427 1198 2456 J
1219 2435 1386 2476 guinitatis
1412 2441 1441 2465 et
1465 2435 1644 2466 affinitatis.

270 2454 368 2479 dorum
383 2455 519 2479 &titiant-m
535 2455 850 2484 principem(ix'iteherf-rae
863 2454 1177 2484 1554.8.).aiteran1(wi-

271 2489 523 2513 teberffae135-1›.S.›
543 2494 566 2513 et
586 2490 685 2513 tertiam
707 2489 880 2517 (Witehcrfzass
897 2488 1023 2519 ibana),
1044 2495 1105 2519 quas
1124 2489 1174 2514 Es.

274 2524 301 2549 1..,
322 2525 371 2548 Ltr.
391 2524 413 2545 ‘2-
436 2528 459 2547 tt
481 2525 529 2548 Es.
550 2523 573 2545 3.
592 2524 758 2552 signabimus.
778 2524 883 2549 (Harum
899 2526 1090 2553 ceterarumque
1102 2523 1174 2548 Editt.

272 2558 344 2582 nnius
366 2558 420 2582 iibri
439 2558 635 2587 descriptionem
656 2558 710 2581 vide
731 2557 754 2581 in
774 2563 825 2588 seq.
847 2557 898 2581 i'ol.
918 2557 1004 2586 nit).

1003 435 1573 473 CONIUGIO.¹)

1212 569 1298 595 sunt.
1343 563 1455 601 Prior,
1477 569 1513 594 ut
1535 564 1578 594 sit
1601 563 1790 605 coniugium
1813 562 1978 605 copulatio
2000 564 2098 596 unius
2122 574 2189 597 ma-

1211 607 1257 637 ris
1280 612 1312 637 et
1335 607 1431 637 unius
1454 605 1593 637 feminae
1622 605 1883 638 indissolubilis:
1931 607 2036 638 Erunt
2069 608 2133 639 duo
2157 609 2190 639 in

1213 659 1345 679 carnem
1367 658 1476 685 unam,
1496 648 1528 678 id
1552 654 1612 689 est,
1636 659 1720 680 unus
1744 660 1814 680 mas
1838 655 1870 681 et
1888 659 1953 680 una
1971 648 2092 681 femina
2103 651 2191 681 inse-

1211 690 1401 732 parabiliter
1434 691 1544 722 iuncti.
1611 690 1647 721 In
1684 691 1748 722 hac
1782 702 1866 723 voce
1899 690 2106 724 manifestum
2139 700 2191 724 est

1213 743 1326 764 omnes
1360 743 1466 774 vagas
1495 731 1648 764 libidines
1671 734 1853 773 prohibitas
1878 745 1966 766 esse.
2010 734 2127 766 Altera
2150 736 2192 766 de

1212 777 1365 807 incestis:
1399 774 1574 816 Relinquet
1596 775 1696 806 homo
1716 783 1843 817 patrem
1866 783 1898 808 et
1920 783 2056 808 matrem
2079 784 2111 809 et
2134 778 2191 809 ad-

1212 818 1360 849 haerebit
1379 819 1471 849 mmri
1493 828 1584 849 suae.
1619 818 1741 849 Postea
1764 820 1806 849 de
1827 819 1965 850 incestis
1987 826 2019 850 et
2037 819 2122 851 aliae
2143 820 2190 851 le-

1213 871 1273 902 ges
1296 871 1379 891 voce
1403 860 1512 891 divina
1535 861 1666 891 additae
1685 868 1772 892 sunt.

1299 928 1359 959 Est
1392 939 1471 969 ergo
1502 929 1689 971 coniugium
1723 928 1867 971 legitima
1889 936 1921 960 et
1954 929 2191 962 indissolubilis

1214 970 1380 1011 copulatio
1402 972 1500 1002 unius
1522 972 1622 1002 maris
1646 978 1677 1002 et
1701 973 1796 1003 unius
1819 970 1960 1003 feminae
1982 973 2127 1004 instituta
2146 973 2193 1003 di-

1212 1014 1344 1051 vinitus,
1368 1020 1403 1044 ut
1426 1023 1647 1054 agnoscamus
1660 1014 1767 1046 Deum
1791 1024 1869 1045 esse
1891 1021 2030 1045 mentem
2053 1021 2190 1053 castam,

1214 1062 1245 1087 et
1268 1056 1297 1086 ei
1319 1056 1352 1087 in
1376 1058 1532 1087 castitate
1551 1058 1744 1093 serviamus,
1768 1063 1800 1088 et
1820 1057 1885 1088 hoc
1897 1057 1996 1088 modo
2007 1064 2192 1099 propagato

1214 1109 1336 1139 genere
1369 1098 1514 1130 humano
1547 1098 1724 1141 colligatur
1755 1106 1889 1131 aeterna
1918 1099 2071 1131 Ecclesia
2104 1099 2192 1131 Deo.

1213 1141 1256 1172 Et
1278 1142 1408 1182 quidem
1430 1140 1602 1173 Ecclesiae
1624 1143 1749 1174 initium
1771 1141 1831 1174 fuit
1852 1141 1909 1174 illa
1925 1143 2031 1183 prima
2049 1143 2195 1174 societas

1215 1184 1356 1215 duorum
1378 1185 1564 1227 coniugum.

1463 1311 1517 1342 Pa
1530 1318 1614 1343 rtes
1659 1311 1934 1343 definitionis.

1302 1394 1445 1425 Primum
1467 1396 1499 1425 in
1533 1395 1721 1426 definitione
1749 1396 1857 1436 posita
1880 1401 1930 1425 est
1951 1394 2111 1435 particula
2132 1396 2195 1427 Le-

1218 1437 1327 1479 gitima
1363 1436 1544 1477 copulatio,
1579 1448 1663 1478 quae
1695 1438 1921 1469 restrictiones
1944 1443 2085 1478 quatuor
2107 1448 2196 1469 com—

1217 1478 1382 1520 plectitur,
1406 1480 1446 1510 de
1466 1480 1584 1521 quibus
1608 1479 1787 1521 loquuntur
1809 1480 1903 1522 leges
1927 1480 2056 1511 divinae
2074 1490 2115 1511 ac
2137 1481 2194 1512 de-

1218 1523 1294 1553 inde
1321 1521 1494 1560 humanae,
1531 1533 1667 1563 quarum
1687 1533 1767 1554 vera
1790 1529 1840 1554 est
1863 1529 1895 1554 et
1919 1523 2017 1564 digna
2039 1532 2194 1554 reveren-

1218 1565 1263 1595 tia
1295 1565 1494 1602 auctoritas,
1529 1564 1657 1596 scilicet
1686 1566 1726 1597 de
1747 1566 1919 1606 personis,
1952 1566 1992 1597 de
2015 1575 2194 1604 consensu,

1220 1607 1510 1648 conditionibus,‘·²)
1536 1614 1567 1639 et
1591 1608 1631 1640 de
1654 1618 1778 1639 errore.

1375 1735 1508 1767 Prima
1530 1736 1751 1767 restrictio
1774 1736 1818 1768 de
1836 1737 2041 1777 personis.

1307 1820 1355 1851 Sit
1380 1821 1584 1852 notissimum
1607 1828 1704 1862 caput
1728 1821 1779 1853 18.
1796 1821 1947 1859 Levitici,
1970 1823 2002 1853 in
2024 1831 2089 1862 quo
2111 1808 2202 1852 reci:

1221 1868 1329 1894 tantur
1362 1874 1546 1904 personae,
1576 1874 1658 1905 quas
1677 1864 1843 1896 nonlicet
1873 1864 2037 1905 coniungi.
2081 1862 2192 1895 Voluit

1221 1907 1305 1936 enim
1328 1905 1422 1937 Deus
1445 1917 1505 1937 sna
1528 1907 1689 1947 sapientia
1711 1906 1902 1938 Castitatem
1920 1906 2073 1947 intelligi,
2106 1912 2137 1937 et
2159 1913 2194 1936 ut

1219 1947 1471 1990 intelligeretur,
1505 1960 1712 1990 nequaquam
1746 1949 1849 1980 voluit
1887 1950 2001 1991 vagari
2030 1948 2195 1985 libidines,

1220 1992 1277 2021 sed
1301 2001 1518 2031 personarum
1546 2002 1714 2022 numerum
1743 1998 1774 2023 et
1802 1992 1925 2033 gradus
1948 1992 2071 2028 sanxit,
2101 1997 2133 2022 et
2162 1992 2195 2021 in

1219 2033 1284 2064 hac
1314 2035 1380 2064 vita
1402 2033 1582 2065 manifestis
1605 2035 1722 2075 poenis
1742 2033 1972 2065 universaliter
1993 2034 2085 2075 punit
2107 2034 2194 2064 ince-

1220 2082 1291 2106 stas
1320 2075 1482 2108 libidines.
1528 2077 1580 2107 Ac
1603 2077 1772 2107 sciendum
1795 2083 1845 2108 est
1869 2075 1962 2118 leges
1986 2077 2018 2107 in
2036 2076 2195 2109 Levitico,

1221 2129 1304 2160 quae
1338 2119 1511 2160 prohibent
1547 2120 1809 2151 commixtionem
1842 2129 2077 2160 personarum,
2111 2128 2196 2160 quae

1219 2162 1264 2192 ibi
1288 2163 1475 2199 recitantur,
1500 2172 1575 2193 esse
1598 2161 1692 2203 leges
1715 2168 1851 2193 naturae
1874 2168 1905 2193 et
1919 2160 2068 2203 obligare
2081 2170 2195 2192 omnes

1222 2210 1355 2242 «rentes,
1392 2206 1475 2236 sicut
1511 2215 1670 2245 expresse
1703 2205 1781 2236 dicit
1803 2211 1913 2236 textus
1941 2204 2128 2246 Aegyptios
2163 2209 2194 2234 et

1250 2257 1415 2278 ananaeos
1440 2248 1545 2288 puniri
1568 2254 1703 2288 propter
1727 2249 1873 2279 incestas
1895 2246 2058 2278 libidines.
2103 2245 2195 2287 Ergo

1221 2290 1316 2320 etiam
1339 2289 1412 2320 aliis
1436 2291 1589 2332 gentibus
1614 2296 1706 2321 extra
1729 2289 1876 2331 politiam
1888 2289 1997 2331 Moysi
2010 2288 2196 2330 prohibitae

1220 2338 1294 2363 sunt
1322 2333 1468 2363 incestae
1492 2331 1654 2364 libidines.

1304 2392 1355 2422 Ac
1379 2392 1506 2423 discant
1541 2393 1685 2424 iuniores
1708 2402 1881 2424 numerare
1910 2392 2032 2434 gradus
2057 2400 2196 2422 consan-

1194 2577 1197 2581 ,
1236 2557 1263 2586 2)
1282 2556 1485 2588 conditionibus]
1506 2557 1577 2587 θοι-ρ.
1599 2559 1669 2582 1-8.
1691 2558 1721 2583 de
1741 2557 1932 2586 conditionibus,

2302 1731 2303 1737 Α
2300 1363 2321 1706 ””-“ῂ.,.,ετ;ῑῖῦ--<-
2306 1325 2309 1337 «

2300 1779 2319 1806 ⁴⁴
