2358 2933
271 104 334 136 579

281 197 374 228 scitia
394 196 559 226 doctrinae
571 195 611 225 de
625 194 746 224 lustitia
760 194 844 224 fidei.
868 194 951 224 Nam
963 201 1137 235 postquam
1151 194 1249 225 linxe-

282 246 352 268 rtmt
367 238 554 278 hypocritae
577 236 724 267 homines
736 237 868 275 propria
887 236 1043 277 dignitate
1055 237 1159 267 iustos
1173 246 1249 266 esse

282 288 311 311 et
325 281 395 310 sine
419 286 555 319 peccato
579 288 666 314 esse,
689 276 885 308 affinxerunt
903 277 1098 309 amissahac
1111 279 1250 318 puritate

283 333 346 352 non
370 331 544 361 superesse
566 331 657 360 spem
681 321 804 350 senine.

368 366 579 403 Opponanms
626 369 732 392 autem
778 372 818 392 ex
852 362 1020 401 scripturis
1054 362 1248 392 testimonia.

284 405 400 436 Daxid.
420 404 717 435 ΔῚ1111111551κ1)(’11115
740 410 813 443 post
838 402 951 443 lapsus
975 403 1159 434 horrendos
1193 403 1249 433 ite-

284 458 352 477 rum
383 447 550 477 consecuti
580 454 651 476 sunt
679 447 899 475 remissionom
923 452 1144 484 peccatorum.
1190 444 1250 474 La—

284 500 342 529 psa
368 488 424 519 suit
449 495 476 518 et
497 487 686 518 Galatarum
711 486 873 524 Ecclesia,
897 493 924 517 ct
950 497 968 516 a
992 485 1093 516 Paulo
1118 497 1250 516 revoca-

283 539 335 561 tur
358 531 398 561 ad
422 531 662 570 poenitentiam.
708 529 785 559 ltein
809 528 932 559 Paulus
956 530 1026 568 ipse
1050 528 1251 558 Corinthium

284 574 441 603 incestum
477 573 560 602 iubet
585 571 685 612 recipi
709 578 783 611 post
808 572 1043 611 poenitentiam
1066 571 1096 600 2.
1121 570 1197 601 Cor.
1220 570 1250 600 ⁴2.

283 622 365 652 15³⁸.
383 614 505 651 fi-S.].

370 657 538 687 Addamus
562 662 590 686 et
617 656 703 686 dicta
728 656 920 695 scripturae.
966 654 1088 684 Ezech.
1112 654 1163 684 33.
1189 657 1251 691 [vs.

286 700 349 737 11.Ι
384 699 468 729 Vivo
503 708 577 739 ego.
613 698 685 727 dicit
710 696 884 733 Dominus.
919 696 995 727 nolo
1019 702 1154 726 mortem
1177 706 1253 735 pec-

286 742 418 778 catoris,
441 741 499 770 sed
524 747 554 771 ut
580 746 790 770 convertatur
809 745 839 769 et
865 740 962 776 vivat,
1006 738 1047 768 Et.
1070 745 1142 769 sunt
1169 738 1253 768 simi-

285 783 334 815 les
368 782 451 814 aliae
485 783 662 813 conciones
696 781 781 821 apud
817 780 1021 821 Prophetas,
1062 787 1095 811 nt
1131 780 1192 809 les.
1226 781 1253 810 1.

285 826 375 856 Haec
393 832 500 855 autem
525 823 706 854 Ezechielis
731 830 776 853 est
805 821 1056 859 menmrabilior,
1081 822 1167 862 quod
1191 823 1254 852 ins-

286 868 455 899 iurandum
489 866 628 902 additnr.
672 865 756 895 Vixo
787 876 861 905 ego,
896 871 925 895 ut
963 865 1183 894 conscientiae
1217 874 1255 893 eo

285 910 388 949 magis
413 909 589 949 erigantur,
609 918 681 937 cum
704 908 837 937 audiunt
861 918 926 937 non
950 906 1056 936 solum
1069 906 1257 945 promissio-

287 962 370 988 nem,
403 951 462 981 scd
497 951 593 981 etiam
627 949 849 979 confirmatam
884 949 1100 979 iureiurando.
1163 947 1255 977 llanc

286 995 382 1035 igitur
407 991 664 1023 consolationem
689 992 860 1032 iniigannis
873 991 1000 1027 animis,
1019 997 1050 1020 et
1063 991 1256 1031 cogitemus,

288 1043 408 1077 quanta
431 1035 481 1065 vis
504 1036 545 1064 sit¹
569 1035 688 1064 amoris
713 1034 808 1064 divini
833 1043 913 1074 erga
929 1043 1000 1070 nos,
1024 1043 1123 1073 quam
1141 1032 1256 1062 arden-

287 1086 335 1108 ter
359 1077 523 1108 desideret
545 1082 691 1107 nostram
715 1074 865 1112 salutem,
885 1075 967 1105 sicut
986 1085 1065 1105 vere
1087 1075 1202 1105 dicitur
1225 1074 1255 1103 in

287 1120 389 1150 Tobia
403 1119 445 1156 13,
468 1120 550 1156 221:
568 1118 642 1148 lN'on
666 1117 850 1154 delectaris,
872 1117 976 1155 Deus,
994 1117 1177 1157 perditione
1199 1126 1255 1146 no-

288 1162 356 1192 stri.
400 1161 441 1191 Et
474 1160 536 1191 hac
571 1160 771 1201 cogitatione
803 1170 864 1190 nos
899 1160 939 1190 ad
973 1159 1201 1200 poenitentiam
1225 1163 1257 1188 et

288 1213 399 1234 veram
422 1204 660 1234 invocationem
679 1203 867 1233 excitemus.

375 1245 444 1276 Nec
468 1244 554 1275 valet
576 1244 640 1274 hoc
662 1243 737 1275 loco
761 1242 940 1281 cavillatio,
969 1243 1057 1284 quod
1080 1248 1175 1273 vetus
1198 1241 1257 1272 Te-

290 1294 484 1318 stamentum
506 1287 656 1318 habuerit
677 1286 870 1317 beneficium
894 1286 934 1316 de
958 1285 1189 1316 convertendis
1212 1283 1258 1314 la-

309 1330 368 1367 sis,
392 1331 422 1360 in
442 1329 536 1360 Novo
561 1327 717 1359 dissimile
741 1338 826 1359 esse.
861 1328 943 1358 Nam
967 1329 1082 1358 concio
1105 1326 1257 1357 Ezechie-

286 1341 328 1402 lis
351 1373 392 1402 ad
415 1372 601 1402 universam
613 1369 797 1401 Ecclesiam
821 1371 961 1400 omnium
984 1376 1164 1409 temporum
1186 1379 1258 1409 per-

289 1415 384 1451 tinet,
417 1420 448 1444 et
482 1414 595 1444 eadem
618 1423 748 1452 semper
771 1419 821 1442 est
846 1410 995 1442 Ecclesia
1019 1412 1158 1441 onmium
1181 1417 1259 1441 tem-

288 1467 404 1498 porum
426 1463 457 1486 et
480 1456 564 1486 idem
588 1453 812 1495 Evangelium.

374 1498 442 1529 Sed
475 1508 643 1528 sumamus
677 1497 889 1536 probationes
934 1506 974 1526 ex
1019 1504 1107 1525 novo
1147 1493 1260 1524 Testa-

290 1547 409 1572 mento.
465 1540 615 1571 Christus
648 1540 751 1579 inquit
782 1537 898 1568 Matth.
935 1538 984 1569 18.
1018 1539 1080 1575 [vs.
1118 1536 1180 1573 15.1
1226 1536 1261 1567 Si

291 1583 441 1624 peccavit
462 1583 495 1613 in
518 1589 549 1612 te
572 1580 674 1612 frater
697 1587 782 1617 tuus,
806 1581 934 1620 corripe
957 1590 1048 1617 eum,
1073 1579 1100 1609 si
1124 1579 1261 1609 audierit

290 1634 333 1663 te,
355 1624 501 1655 lucratus
525 1634 560 1655 es
583 1623 726 1654 fratrem.
761 1622 843 1653 Cum
873 1623 970 1659 dicat,
992 1621 1176 1652 lucraberis
1198 1619 1261 1650 sra-

291 1675 383 1703 trem,
414 1666 502 1697 clare
524 1667 713 1707 pronuntiat
736 1675 772 1695 se
792 1666 832 1695 de
857 1664 907 1695 his
931 1664 1032 1704 loqui,
1066 1664 1184 1704 quibus
1206 1661 1263 1693 illa

291 1709 473 1740 emendatio
496 1709 642 1749 prodest.
683 1707 724 1737 Et.
748 1707 835 1748 quod
858 1707 898 1737 de
921 1706 1076 1737 fratribus
1098 1705 1262 1746 loquatur,

290 1751 355 1782 hoc
388 1757 450 1789 est,
483 1749 586 1791 lapsis
608 1756 685 1790 post
708 1749 986 1786 iustificationem,
1008 1749 1041 1779 id
1065 1757 1194 1789 quoque
1218 1752 1263 1777 te-

292 1800 407 1831 statur,
428 1793 516 1834 quod
535 1799 611 1823 tunc
635 1793 762 1822 demum
782 1790 851 1822 vult
869 1792 939 1821 eiici
952 1801 1026 1822 eum
1039 1801 1079 1820 ex
1099 1788 1262 1825 Ecclesia,

293 1847 365 1867 cum
398 1845 464 1866 non
487 1833 666 1870 auscultat3
699 1834 857 1874 Loquitur
881 1843 961 1874 ergo
983 1833 1023 1863 de
1045 1832 1109 1869 his,
1133 1832 1186 1873 qui
1210 1842 1264 1861 an-

293 1885 346 1909 tea
379 1876 507 1908 suerunt
540 1878 569 1907 in
605 1875 765 1906 Ecclesia.
815 1875 856 1906 Et
890 1875 1005 1906 deinde
1040 1885 1113 1906 cum
1146 1873 1263 1903 Petrus

295 1919 423 1958 [Matth.
440 1919 568 1957 18‚21.1
593 1920 788 1959 interrogat:
814 1918 948 1953 Quoties
972 1916 1150 1948 dimittam?
1173 1915 1265 1945 Chri-

295 1968 365 1993 stus
388 1962 581 2001 respondet:
601 1961 796 2001 Septuagies
820 1961 953 2001 septies.
980 1959 1071 2000 Ergo
1088 1957 1171 1999 lapsi
1190 1964 1265 1997 post

294 2004 552 2035 iustificationem
575 2009 714 2043 possunt
736 2003 862 2032 veniam
887 2002 1055 2042 consequi.
1086 2001 1169 2031 Nam
1194 2010 1265 2030 cum

295 2048 383 2077 iubet
394 2045 576 2077 Ecclesiam
597 2046 770 2082 remittere,
793 2043 862 2075 vult
884 2051 915 2074 et
938 2045 1008 2084 ipse
1031 2043 1193 2073 remittere
1211 2052 1265 2082 pe-

296 2089 372 2119 tenti
395 2095 425 2119 et
448 2088 602 2118 credenti.
649 2087 725 2118 ldeo
744 2097 843 2128 supra
866 2087 960 2117 dixit:
984 2085 1180 2116 Luci-aberis
1203 2083 1266 2114 fra-

297 2137 389 2161 trem.

384 2172 460 2202 Scio
483 2171 642 2212 disputari
675 2181 694 2201 a
721 2171 934 2211 quibusdam,
967 2176 1073 2200 utrum
1097 2168 1150 2199 11ἰο
1172 2167 1266 2198 locus

300 2215 340 2245 de
363 2213 639 2245 Reconciliatione
661 2212 816 2249 fraterna,
849 2223 890 2243 an
923 2223 1002 2243 vero
1026 2212 1065 2242 de
1087 2210 1266 2241 Ministerio

299 2255 442 2298 publico,
465 2257 552 2296 quod
575 2255 812 2286 Remissionem
836 2255 975 2285 divinam
1008 2254 1188 2289 annuntiat,
1220 2251 1268 2282 lo—

300 2304 437 2339 quatur-3
470 2298 536 2329 Sed
569 2296 655 2328 valet
680 2302 907 2338 argumentum
932 2297 1093 2327 adversus
1115 2295 1269 2325 Novatia-

301 2350 374 2377 nOS,
396 2341 519 2371 etiamsi
541 2346 650 2370 textus
673 2346 795 2369 tantum
818 2339 859 2369 ad
881 2338 1057 2369 fraternam
1080 2335 1269 2367 reconcilia-

301 2384 420 2413 tionem
443 2382 715 2412 accommodetur.
737 2384 780 2418 ⁴9)
825 2380 913 2412 Dicit
941 2381 1038 2411 enim:
1072 2379 1267 2409 Luci-aberis

303 2520 348 2549 49)
367 2517 561 2548 accomodeturJ
581 2517 652 2542 Editt.
678 2517 746 2539 1-7.
765 2516 788 2539 9.
810 2516 848 2538 12.
868 2516 1108 2541 accommodaretur.

896 102 1004 133 Pffll„
1027 102 1129 133 MEL.
1153 98 1337 135 SCRlPTA
1359 95 1631 130 DOGMATICA.

2191 102 2254 137 886

1291 194 1433 226 fratrem.
1459 194 1586 233 [Matth.
1612 194 1663 232 18,
1689 195 1750 232 184
1786 195 1945 236 Quicquid
1967 195 2131 227 solveritis
2154 207 2255 238 super

1291 242 1422 274 terram,
1457 237 1517 267 erit
1551 235 1693 267 solutum
1727 238 1812 276 et⁵⁰)
1841 238 1872 268 in
1895 237 2006 268 coelis.
2053 238 2203 270 Ceterum
2223 247 2256 270 et.

1290 278 1372 309 hacc
1394 278 1465 318 ipsa
1486 279 1587 308 verba
1611 284 1771 309 testantur
1794 279 1879 310 hunc
1902 278 2010 310 locum
2028 281 2068 311 (10
2080 281 2255 312 ministerio

1293 320 1490 350 concionari.
1534 319 1648 351 Voluit
1670 321 1753 350 enim
1777 320 1927 351 Christus
1950 322 2118 353 instituere
2141 322 2256 354 Eccle-

1291 363 1359 392 siae
1381 361 1583 402 disciplinam
1607 367 1639 392 et
1660 361 1835 393 labentium
1858 365 2092 394 correctionem
2115 370 2147 395 et
2169 365 2255 395 aiunt

1291 404 1378 434 hunc.
1401 414 1523 434 moreni
1542 402 1644 434 fuisse
1657 410 1749 434 vetus
1763 404 2161 446 Sjnagogaeinstitutum.
2192 406 2256 437 Vo-

1292 445 1349 476 luit
1368 447 1443 476 item
1456 445 1607 476 vin-istus·
1632 446 1818 476 discernere
1842 449 2075 478 correctionem
2088 447 2258 479 Ecclesiae

1291 488 1454 528 propriam
1477 498 1496 518 a
1518 487 1668 528 politica,
1691 487 1759 518 vult
1780 489 1977 528 praecedere
1999 489 2259 527 admonitionem,

1294 535 1327 559 nt.
1349 530 1484 570 primum
1508 528 1604 561 saluti
1628 529 1764 559 hominis
1789 529 2042 568 consulatur-⁵¹)
2090 530 2258 565 Pontiam,

1294 578 1341 602 est
1367 571 1564 609 iracundior,
1593 578 1746 611 properat
1770 572 1811 602 ad
1834 582 1989 611 poenam,
2024 583 2084 604 nec
2107 574 2196 612 prius
2219 574 2259 604 de

1295 612 1398 643 salute
1421 612 1559 643 hominis
1583 612 1748 643 deliberat.
1784 613 1910 644 Deinde
1930 615 2097 645 constituit
2109 613 2260 646 Christus

1294 665 1421 696 poenae
1442 656 1584 692 modum,
1610 654 1678 685 vult
1701 656 1773 686 eiici
1793 662 2020 687 contumacem
2029 658 2073 692 ⁵3)
2097 662 2188 688 extra
2199 656 2261 688 Ec-

1297 697 1442 733 clesiam,
1466 707 1527 727 nec
1551 697 1638 727 addit
1660 697 1810 736 politicas
1834 707 1977 738 poenas,
2001 699 2059 729 sed
2082 698 2142 729 has
2167 698 2261 730 relin-

1297 739 1365 779 quit
1386 738 1646 779 Magistratibus.

1383 780 1449 811 Sed
1482 781 1580 811 redeo
1604 781 1644 810 ad
1668 781 1859 812 testimonia.
1904 781 1957 811 Ad
1981 781 2054 812 Gal.
2077 782 2107 813 6.
2133 786 2194 819 {vs.
2220 784 2261 822 1.]

1299 823 1429 853 dicitur:
1475 823 1509 853 Si
1533 828 1795 862 praeoccupatus
1818 822 1913 853 fuerit
1934 823 2032 853 1101110
2055 823 2164 864 aliquo
2187 834 2262 864 pec-

1300 872 1384 901 cato,
1419 874 1491 901 ros,
1525 865 1578 904 qui
1602 863 1787 904 spirituales
1812 866 1902 905 estis,
1928 866 2080 905 corrigite
2104 876 2176 896 eum
2200 868 2262 907 spi-

1301 908 1362 937 ritu
1394 905 1546 936 lenitatis.
1602 906 1662 937 llic
1702 907 1858 946 praecipit
1894 908 2043 938 revocari
2075 906 2189 948 lapsos
2222 910 2263 939 ad

1300 949 1539 989 poenitentiam.
1568 948 1674 988 Apoc.
1697 949 1727 979 2.
1752 952 1814 985 [vs
1837 949 1881 986 54
1926 949 2051 979 Memor
2073 955 2156 987 esto,
2178 951 2264 981 unde

1299 991 1412 1030 lapsus
1445 991 1503 1027 sis,
1538 996 1569 1020 et
1603 991 1832 1030 poenitentiam
1864 1001 1926 1031 age
1959 997 1990 1021 et
2024 989 2122 1022 facito
2157 993 2265 1032 priora

1300 1043 1412 1073 opera.
1457 1032 1538 1063 Luc.
1564 1032 1613 1063 15.
1638 1036 1700 1069 lvs.
1724 1034 1767 1071 7.]
1792 1032 1953 1064 Gaudium
1976 1038 2027 1063 est
2050 1032 2101 1064 An
2128 1033 2189 1064 elis
2212 1044 2266 1065 su-

1299 1086 1357 1115 per
1388 1085 1454 1105 uno
1484 1080 1658 1114 peccatore
1690 1075 1917 1115 poenitentiam
1941 1080 2069 1116 agente.
2143 1081 2155 1106 t
2176 1076 2208 1107 in
2227 1086 2266 1107 ea

1301 1117 1459 1148 concione
1493 1116 1636 1156 loquitur
1658 1117 1808 1148 Christus
1832 1118 1872 1147 de
1895 1117 2093 1156 poenitentia
2115 1116 2172 1148 filii
2193 1128 2265 1158 per-

1300 1160 1366 1196 diti,
1388 1159 1421 1189 id
1444 1165 1505 1196 est,
1528 1159 1568 1189 de
1590 1158 1719 1197 talibus,
1742 1160 1795 1200 qui
1819 1165 1914 1190 antea
1936 1158 2064 1190 fuerant
2085 1159 2138 1199 pii.

1385 1201 1452 1232 Sed
1474 1201 1648 1232 Novatiani
1683 1202 1766 1232 duos
1789 1200 1884 1232 locos
1909 1212 1947 1232 ex
1970 1200 2118 1242 Epistola
2139 1201 2181 1232 ad
2204 1202 2266 1232 He—

1301 1244 1421 1274 braeos
1445 1244 1609 1273 obiiciunt.
1655 1244 1755 1274 Hebr.
1779 1243 1809 1273 6.
1835 1247 1897 1281 [vs.
1921 1244 1963 1281 4.]
1988 1242 2194 1283 Impossibile
2217 1250 2267 1274 est

1301 1296 1371 1322 005,
1393 1285 1447 1325 (1111
1470 1283 1571 1315 5011101
1593 1283 1762 1315 illuminati
1785 1291 1873 1322 sunt,
1897 1286 2044 1315 revocari
2057 1287 2103 1323 ⁵4)
2126 1286 2168 1316 ad
2190 1295 2267 1326 poe-

1302 1328 1466 1358 nitentiam
1490 1332 1552 1357 etc.
1597 1326 1780 1361 Quamlibet
1814 1327 1913 1357 durus
1936 1327 2063 1357 videtur
2085 1326 2137 1357 hic
2160 1326 2266 1362 locus,

1303 1377 1421 1406 tamen,
1455 1370 1482 1398 si
1505 1369 1706 1399 conscientia
1729 1369 1925 1399 communita
1947 1374 1995 1398 est
2021 1370 2107 1399 veris
2126 1370 2268 1400 testimo-

1303 1412 1364 1441 niis
1398 1421 1497 1450 supra
1527 1411 1650 1447 citatiS,
1673 1421 1738 1440 11011
1760 1416 1870 1450 potest
1891 1410 1955 1440 hoc
1977 1409 2053 1441 loco
2076 1411 2267 1451 perturbati.

1304 1453 1370 1483 Sed
1414 1457 1587 1493 postquam
1621 1462 1661 1482 ex
1694 1453 1918 1492 superioribus
1952 1453 2144 1483 testimoniis
2179 1458 2269 1483 certo

1304 1500 1445 1532 constat,
1477 1493 1580 1535 lapsis
1604 1505 1669 1524 non
1692 1495 1875 1535 negandam
1898 1504 1974 1525 esse
1995 1495 2139 1532 veniam,
2172 1492 2270 1525 facile

1304 1542 1413 1578 potest
1430 1537 1575 1573 iudicari,
1598 1547 1662 1567 non
1685 1546 1787 1576 posse
1808 1537 1861 1568 1110
1885 1537 2016 1567 retineri
2038 1536 2070 1566 τὸ
2092 1536 2186 1577 ῥητὸν,
2210 1537 2270 1567 sed

1304 1580 1487 1610 addendam
1521 1589 1596 1609 esse
1628 1579 1830 1609 commodam
1865 1579 2171 1618 interpretationem.
2205 1577 2269 1609 Alii

1305 1621 1399 1652 aliter
1432 1621 1576 1661 mitigant
1610 1620 1697 1651 hunc
1731 1620 1921 1658 locum,‘ut
1953 1620 1987 1651 fit
2010 1621 2040 1651 in
2065 1621 2216 1652 obscuris
2239 1626 2270 1651 et

1303 1664 1475 1705 ambiguis,
1500 1663 1630 1693 Graece
1662 1673 1729 1694 non
1763 1669 1859 1694 sonat
1888 1673 1993 1703 usque
2025 1663 2107 1694 adeo
2150 1664 2270 1693 incom-

1305 1706 1411 1736 mode.
1462 1706 1518 1735 Ait
1540 1706 1640 1736 enim:
1684 1705 1759 1736 Non
1779 1711 1829 1736 est
1851 1704 2008 1745 possibile
2030 1706 2180 1736 renovari
2203 1714 2271 1742 005,

1307 1749 1361 1789 (1111
1385 1747 1549 1778 Christum
1584 1747 1778 1788 crucifigunt
1808 1753 1839 1778 et
1861 1746 2001 1778 ludibrio
2025 1747 2157 1778 habent.
2201 1746 2271 1777 Hoc

1308 1789 1545 1830 simplicissime
1578 1788 1724 1831 intelligo
1758 1790 1790 1820 in
1823 1789 1908 1820 hanc
1937 1791 2144 1820 sententiam:
2173 1788 2271 1819 Tales

1307 1843 1372 1862 non
1402 1837 1540 1872 possunt
1562 1832 1726 1865 renovari,
1761 1832 1815 1872 qui
1838 1842 1902 1862 non
1925 1830 2111 1863 auscultant
2133 1830 2272 1871 amplius

1306 1873 1499 1915 Evangelio,
1533 1874 1591 1904 ¹sed
1614 1879 1832 1911 contemnunt,
1861 1883 1921 1904 nec
1944 1872 2000 1904 illa
2022 1873 2111 1904 initia
2133 1873 2270 1913 pietatis,

1309 1917 1349 1947 de
1378 1917 1494 1956 quibus
1518 1916 1614 1953 dixit,
1643 1917 1781 1946 retinere
1804 1916 1945 1953 student,
1967 1914 2093 1946 scilicet
2114 1915 2272 1955 Baptismi

1309 1965 1340 1989 et
1369 1959 1588 1999 poenitentiae
1617 1959 1807 1988 doctrinam.
1852 1957 1943 1988 Haec
1966 1963 2028 1995 est,
2052 1962 2086 1988 ut
2107 1956 2183 1988 mihi
2206 1957 2273 1997 qui-

1310 2002 1382 2031 dem
1415 2001 1553 2037 videtur,
1585 2009 1739 2041 germana
1773 2000 1843 2030 eius
1870 1998 1935 2030 loci
1958 2000 2118 2030 sententia
2142 2004 2174 2029 et
2195 1997 2273 2029 nihil

1309 2043 1409 2074 habet
1442 2043 1647 2079 incommodi,
1681 2042 1838 2082 tantisper
1860 2051 1926 2072 non
1955 2046 2094 2081 possunt
2112 2042 2274 2077 renovari,

1311 2086 1384 2116 duni
1408 2095 1474 2115 non
1493 2083 1677 2115 auscultant
1689 2083 1880 2125 EvangeliO,
1899 2084 1958 2114 sed
1973 2083 2166 2124 crucifigunt
2183 2082 2273 2113 Chri—

1311 2134 1395 2158 stum
1419 2133 1450 2157 et
1472 2125 1609 2157 ludibrio
1633 2125 1765 2156 habent.

1310 2280 1357 2309 50)
1375 2280 1484 2304 solutum
1504 2280 1539 2310 et]
1558 2279 1630 2304 Editt.
1651 2280 1690 2302 22,
1710 2280 1750 2301 24.
1770 2280 1800 2301 *28
1815 2293 1842 2295 -
1857 2278 1906 2307 34„
1927 2279 1996 2308 Corp.
2016 2279 2029 2300 2
2042 2279 2117 2307 -8.,
2135 2278 2193 2308 opp.
2214 2278 2232 2302 1.
2252 2278 2274 2302 2.

1379 2316 1405 2337 et
1422 2313 1531 2338 solutum

1312 2364 1357 2393 51)
1377 2363 1533 2394 consulatur]
1554 2363 1626 2388 Editt.
1645 2364 1684 2386 ⁴22.
1705 2363 1744 2386 24.
1767 2365 1814 2393 tm
1833 2368 1932 2387 errore:
1951 2361 2096 2387 consolatur

1312 2415 1356 2445 52)
1377 2414 1474 2444 Politia]
1493 2414 1562 2439 Editt.
1582 2415 1603 2436 l.
1623 2413 1646 2436 3.
1666 2413 1767 2438 Politica

1312 2465 1357 2494 53)
1377 2464 1563 2495 contumacem]
1584 2464 1655 2488 Editt.
1677 2463 1716 2486 26.
1737 2464 1786 2490 27„
1805 2464 1876 2493 Cot-p.
1898 2465 1969 2486 1—8.
1990 2463 2171 2488 contumaciam

1312 2516 1357 2544 54)
1375 2515 1498 2545 revocari]
1517 2515 1587 2545 corp.
1607 2515 1680 2537 2-8.
1699 2514 1813 2538 renovari
