2358 2933
102 100 164 131 961
558 99 580 127 Ι.
604 97 706 127 LOCI
728 96 1010 127 THEOLOGICI:

102 193 236 223 missam
257 201 334 222 esse
357 196 389 220 et
405 189 492 220 hanc
515 191 766 230 promissionem
789 189 853 219 fide
875 188 1075 218 retinendam

102 244 190 271 esse,
209 233 335 264 etiamsi
357 238 426 262 tota
450 242 558 262 rerum
580 238 697 263 natura
721 231 963 261 adversaretur.
1003 229 1074 259 Etsi

102 277 189 306 enim
223 274 372 305 Ecclesia
404 275 553 305 subiecta
588 280 639 304 est
671 273 900 313 praesentibus
934 272 1075 301 miseriis

102 328 295 358 corporum,
329 322 436 347 tamen
464 322 597 356 propter
626 325 684 345 eas
707 325 773 345 non
797 314 1000 344 sentiendum
1025 320 1077 343 est
1097 339 1099 349 ‚

101 370 162 391 nos
193 361 224 390 in
255 365 422 389 aeternum
453 359 584 388 exitium
613 359 760 388 abiectos
785 365 879 393 esse,
914 362 949 385 ut
974 365 1076 395 supra

101 402 434 432 recitavisententias.
451 400 563 431 l-Cor.
580 400 628 429 ll.
643 398 778 436 [vs.3':2.]
792 397 873 428 Cum
885 399 1076 433 iudicamur,

101 444 275 474 aDomino
294 443 498 482 corripimur,
515 451 557 472 ne
574 452 648 471 cum
665 441 729 471 hoc
741 440 861 470 mundo
875 441 1076 469 damnemur.

102 486 142 516 Et
165 485 318 516 Christus
341 486 386 514 ait
406 484 534 521 [Matth.
548 484 579 520 5,
591 484 652 520 5.]:
682 483 776 512 Beati
800 483 853 522 qui
878 480 991 522 lugent
1014 488 1075 511 etc.

187 528 263 558 Dixi
298 528 338 556 de
371 527 525 566 petitione
554 523 770 564 spiritualium
795 525 966 561 bonorum,
990 533 1076 554 nunc
1098 531 1101 552 i

101 571 142 600 de
164 570 334 600 beneficiis
358 568 587 608 corporalibus
611 567 726 597 dicam.
772 565 832 596 Hic
861 576 1009 606 quoque,
1043 572 1078 595 ut
1098 555 1101 590 1

101 618 177 642 ante
211 613 332 642 dictum
365 616 427 646 est,
461 608 647 650 praeluceat.
669 608 750 638 fides
775 609 940 648 accipiens
965 609 1077 638 remis-

101 654 226 684 sionem
249 658 462 693 peccatorum
486 659 517 682 et
540 656 707 687 statuens,
733 660 792 680 rios
816 649 949 690 placere
973 657 1003 680 et
1029 660 1077 680 re-

102 697 163 736 cipi
187 705 306 736 preces
330 699 461 724 nostras
484 700 619 733 propter
644 693 818 723 Christum.
864 692 956 722 Hanc
980 692 1077 722 fidem

99 736 330 769 universaliter
352 737 384 766 in
409 737 494 766 omni
517 736 673 775 petitione
696 735 813 765 afferre
836 735 878 764 ad
897 735 1003 765 Deum
1023 735 1077 764 de-

101 782 227 810 bemus.
274 779 326 809 De
361 779 460 808 rebus
495 788 575 808 vero
609 778 691 817 ipsis
722 776 806 807 haec
828 777 889 807 tria
913 777 1077 807 credenda

100 828 191 853 sunt:
238 820 399 856 Primum,
434 821 522 861 quod
544 819 636 850 Deus
666 830 744 850 vere
779 820 820 849 sit
844 819 938 849 dator
961 818 1078 849 horum
1099 826 1101 840 ¹

100 864 347 899 beneficiorum,
372 872 433 892 nec
457 872 538 892 casu
561 863 765 898 obiiciantur,
788 872 850 891 nec
875 867 997 891 tantum
1020 860 1078 890 hu-

101 917 197 936 mana
220 904 384 945 diligentia
409 910 572 944 parentur.
608 904 649 934 Ut
672 905 770 945 igitur
793 913 1014 944 agnoscamus
1039 913 1077 932 ea

101 949 171 978 dari
196 948 368 984 divinitus,
400 946 468 977 vult
491 946 583 977 Deus
609 956 647 976 ea
670 957 689 976 a
713 956 750 975 se
768 947 852 985 peti,
883 952 919 976 ut
943 946 1076 981 victum,

101 989 342 1025 defensionem,
377 988 662 1029 tranquillitatem,
688 998 818 1028 pacem,
841 997 1022 1018 successus
1046 987 1077 1016 in

101 1031 219 1062 officiis·
253 1032 453 1067 vocationis,
500 1032 619 1061 bonam
655 1029 883 1060 valetudinem.
949 1029 1078 1059 Deinde

101 1075 310 1109 credendum,
334 1074 421 1114 quod
435 1072 539 1110 Deus,
563 1074 687 1103 etiamsi
701 1071 885 1102 Ecclesiam
910 1070 977 1102 vult
1001 1072 1078 1100 sub-

100 1117 220 1147 iectam
245 1126 321 1146 esse
346 1117 451 1152 cruci,
474 1122 595 1152 tamen,
619 1126 660 1145 ne
685 1113 845 1151 deleatur,
869 1113 945 1144 velit
970 1114 999 1143 ei
1023 1114 1077 1143 da-

101 1169 137 1188 re
157 1160 204 1199 91)
230 1158 387 1189 beneficia
411 1156 609 1197 corporalia,
632 1156 774 1197 politias,
795 1156 937 1196 hospitia
956 1156 1077 1185 medio-

101 1201 187 1237 cria,
232 1202 370 1236 victum,
411 1199 634 1230 defensionem
675 1200 857 1228 studiorum
898 1198 1078 1233 doctrinae,

102 1242 254 1279 scholas,
289 1252 470 1272 successus
506 1243 537 1271 in
571 1241 812 1281 gubernatione
847 1247 878 1269 et
911 1239 994 1269 alias
1022 1248 1078 1268 res

100 1285 320 1314 necessarias.
354 1283 463 1312 Tertio
488 1283 698 1319 credendum,
722 1283 810 1322 quod
833 1281 909 1311 velit
928 1281 1021 1311 Deus
1046 1281 1078 1310 in

100 1327 249 1366 petendis
287 1323 514 1365 corporalibus
545 1325 694 1355 exerceri
729 1330 759 1354 et
795 1334 948 1354 crescere
982 1323 1078 1353 fidem

101 1368 391 1399 reconciliationis.

188 1410 280 1440 Haec
313 1410 421 1439 omnia
442 1409 475 1438 in
497 1410 651 1448 petitione
675 1407 896 1447 corporalium
920 1409 1079 1438 bonorum

102 1453 275 1493 cogitanda
310 1458 396 1481 sunt.
441 1450 482 1480 Et
516 1452 670 1491 quoniam
695 1451 819 1480 scimus
843 1456 996 1490 oportere
1017 1449 1079 1479 Ec-

103 1493 238 1525 clesiam
261 1495 442 1524 subiectam
465 1503 541 1523 esse
565 1494 667 1529 cruci,
701 1503 834 1532 semper
856 1492 938 1522 haec
961 1493 1005 1522 ita
1024 1501 1079 1531 pe-

101 1542 221 1572 tantur,
252 1542 284 1566 ut
309 1534 405 1565 simul
429 1535 603 1565 offeramus
628 1536 844 1565 obedientiam
868 1541 1027 1570 nostram,
1051 1536 1079 1564 si

103 1577 180 1608 velit
202 1578 296 1608 Deus
311 1580 356 1617 9“-’)
393 1588 454 1607 nos
479 1578 599 1608 diutius
620 1578 778 1607 exerceri.
827 1577 868 1607 Ut
892 1577 1002 1607 David
1026 1587 1080 1616 pe-

92 1621 141 1660 fit
163 1627 194 1650 et
219 1626 370 1660 expectat
395 1621 619 1650 reductionem
643 1621 674 1649 in
700 1630 848 1660 regnum,
872 1630 946 1648 cum
970 1630 989 1649 a
1013 1618 1079 1649 titio

103 1662 217 1703 pulsus
242 1669 305 1700 est,
329 1663 386 1693 sed
410 1668 518 1692 tamen
542 1662 636 1692 offert
649 1662 721 1692 Deo
747 1662 962 1691 obedientiam
976 1672 1080 1698 suam,

105 1706 133 1735 si
157 1716 229 1735 eum
252 1715 317 1734 non
340 1703 419 1734 velit
442 1705 611 1734 reducere.
645 1706 701 1734 Sic
724 1705 822 1745 igitur
846 1705 921 1734 dicit
943 1704 973 1733 22.
999 1703 1079 1744 Reg.

107 1747 156 1778 15.
182 1748 226 1785 [2.
251 1747 340 1777 Sam.
368 1746 416 1784 15,
439 1747 507 1783 ⁵25]
542 1747 577 1777 si
605 1747 761 1776 invenero
786 1747 925 1787 gratiam
947 1748 979 1776 in
1004 1757 1081 1776 ocu·
1103 1761 1106 1790 Ι

104 1789 146 1820 lis
168 1789 316 1826 Domini,
352 1790 484 1819 reducet
518 1799 586 1824 me3
627 1790 683 1819 stu
715 1796 822 1819 autem
852 1789 970 1818 dixerit
993 1788 1082 1825 mihi,

106 1842 170 1863 non
195 1831 320 1872 places,
343 1838 476 1871 praesto
496 1841 583 1866 sum;
628 1831 756 1868 Faciat,
781 1831 868 1871 quod
894 1831 1014 1860 bonum
1036 1832 1082 1861 vi-

106 1875 200 1904 detur
230 1875 302 1913 ipsi.
348 1873 388 1903 Et
423 1874 576 1904 Christus
609 1875 710 1914 inquit
745 1873 874 1911 [Manli.
903 1873 962 1909 26,
991 1873 1080 1911 39.]:

106 1916 223 1953 Pater,
257 1917 285 1946 si
314 1916 472 1956 possibile
496 1922 562 1952 est,
600 1922 747 1945 transeat
770 1926 789 1945 a
814 1925 865 1945 me
888 1913 974 1945 calix
996 1916 1081 1951 iste3

105 1959 173 1989 Sed
195 1968 260 1988 non
284 1959 371 1999 quod
395 1968 458 1998 ego
481 1957 569 1995 volo,
595 1958 654 1987 sed
678 1958 766 1998 quod
789 1964 823 1987 tu
846 1959 909 1994 vis,
930 1957 995 1987 fiat.
1040 1957 1081 1987 Et

105 2001 261 2041 leprosus
281 2001 382 2041 inquit
406 2000 532 2038 marth.
551 2001 583 2036 8,
608 2000 668 2038 2.]:
714 2000 749 2029 si
773 2001 834 2035 vis,
853 2006 946 2040 potes
959 2001 1004 2039 ⁹³)
1028 2010 1080 2029 me

106 2044 266 2073 mundare
305 2043 345 2073 Et
369 2049 437 2073 tres
461 2044 521 2073 viri
544 2042 630 2072 Dan.
655 2042 684 2072 3.
711 2046 771 2079 [vs.
797 2043 859 2079 17.1
908 2042 999 2072 Deus
1024 2052 1081 2071 no-

106 2092 184 2122 ster,
209 2096 306 2125 quem
329 2095 390 2115 nos
411 2084 561 2121 colimus,
585 2091 694 2124 potest
716 2095 779 2114 nos
804 2086 941 2124 eripere.
985 2084 1081 2118 Quod

106 2128 134 2158 si
158 2126 310 2164 noluerit,
344 2133 455 2157 notum
480 2128 522 2157 sit
545 2127 622 2163 tibi,
654 2126 743 2164 Rex,
778 2128 865 2167 quod
890 2127 980 2157 Deos
1005 2133 1079 2157 tuos

105 2180 172 2200 non
196 2168 344 2200 colimus.
390 2169 429 2199 Et
453 2168 575 2200 Paulus
598 2170 699 2210 inquit
725 2169 830 2206 lRom.
855 2169 886 2205 8,
910 2170 992 2207 264:
1016 2169 1079 2199 Ne-

106 2213 241 2249 scimus,
267 2213 342 2253 quid
366 2218 526 2251 petamus,
550 2213 823 2252 quemadmodum
846 2218 993 2252 oportet,
1016 2211 1079 2241 hoc

107 2260 169 2291 est,
191 2265 268 2284 caro
293 2255 423 2294 quidem
447 2264 607 2294 oppressa
629 2255 852 2295 magnitudine
865 2253 1079 2284 afflictionum

105 2298 187 2338 petit
219 2296 444 2327 liberationem
479 2302 511 2326 et
544 2295 733 2327 reformidat
757 2298 984 2334 obedientiam,
1019 2297 1078 2326 sed

108 2417 154 2447 91)
175 2416 247 2446 dare]
267 2416 337 2441 Editt.
358 2416 396 2439 18.
418 2416 458 2438 22.
479 2415 534 2439 dari

1048 96 1092 126 D.
1115 95 1275 127 TERTIA
1296 95 1454 126 EORUM
1477 95 1633 126 AETAS.

107 2467 153 2497 92)
171 2467 230 2491 velit
248 2467 326 2497 Deus]
344 2466 416 2491 Editt.
438 2467 460 2488 1.
480 2467 503 2490 3.
521 2466 596 2490 DEVS
614 2466 675 2490 vetit

107 2517 154 2548 93)
174 2517 257 2548 potes]
279 2517 350 2541 Editt.
372 2517 410 2540 18.
430 2517 471 2539 222.
491 2519 540 2546 typ.
560 2522 659 2540 errore:
679 2518 762 2546 potest

259 2575 404 2593 mamma.
419 2575 498 2593 open.
512 2574 575 2593 voL.
589 2572 644 2592 xxt.

2035 93 2098 124 962

1119 188 1254 227 spiritus
1277 194 1413 217 revocat
1438 189 1577 218 animum
1602 188 1642 218 ad
1662 187 1897 222 obedientiam,
1931 192 1963 216 et
1986 196 2098 226 quam-

1120 231 1170 259 vis
1203 230 1283 269 petit
1316 236 1347 259 et
1381 236 1531 269 expectat
1555 228 1793 265 liberationem,
1826 235 1934 258 tamen
1958 238 2024 258 non
2047 238 2098 258 re-

1120 277 1244 311 pugnat
1277 270 1437 301 voluntati
1467 271 1539 308 Dei,
1573 273 1633 302 sed
1656 271 1725 302 vult
1748 270 1893 307 liberari,
1928 280 2003 300 cum
2023 269 2098 300 Deo

1119 311 1274 353 placebit.

1207 355 1345 395 Semper
1368 356 1466 396 igitur
1486 366 1558 385 cum
1583 365 1641 396 pro
1665 353 1820 386 Ecclesia
1843 363 1903 383 seu
1927 351 2099 392 republica

1120 407 1181 427 seu
1203 396 1325 427 familia
1344 407 1404 428 seu
1426 397 1544 428 schola
1566 398 1716 438 petimus,
1750 397 1835 426 adsit
1859 395 1940 425 fides
1963 394 2020 425 illa
2044 404 2100 434 ge-

1120 437 1259 475 neralis,
1294 445 1330 470 ut
1363 440 1440 470 dixi.
1485 439 1536 469 De
1566 441 1664 470 rebus
1699 448 1778 469 vero
1813 439 1894 477 ipsis
1923 437 2098 467 credamus

1098 495 1100 524 g
1121 481 1228 511 Deum
1251 487 1306 512 aut
1329 481 1541 512 liberaturum
1565 492 1626 511 nos
1650 482 1693 511 ab
1718 482 1756 510 iis
1781 478 2034 511 calamitatibus.
2059 479 2100 508 de

1122 524 1240 563 quibus
1273 525 1431 563 petimus,
1465 530 1517 554 aut
1552 534 1610 553 eas
1640 523 1861 563 mitigaturum
1885 530 1972 551 esse.
2019 519 2101 550 Cum

1123 566 1207 595 enim
1230 564 1382 596 Ecclesia
1415 566 1447 595 in
1482 565 1545 594 hac
1579 566 1644 595 vita
1668 566 1817 595 subiecta
1841 564 1885 594 sit
1909 563 2010 599 cruci,
2035 572 2102 591 ma-

1122 612 1198 637 nent
1231 606 1360 648 aliquae
1389 618 1583 643 aerumnae,
1617 608 1676 637 sed
1700 607 1762 636 has
1785 606 1848 646 piis
1871 604 2101 635 invocantibus

1121 650 1246 690 mitigat
1254 649 1359 680 Deus.
1385 649 1441 679 Sic
1448 648 1633 689 Prophetae
1646 650 1687 679 de
1700 649 1902 688 mitigatione
1913 652 2102 686 precantur.

1122 691 1274 722 Ieremias
1289 692 1446 729 1710,²24.]:
1472 691 1608 731 Corripe
1632 702 1683 721 me
1703 692 1733 721 in
1753 690 1884 725 iudicio,
1908 698 1976 719 non
1997 689 2031 718 in
2054 685 2104 717 fu-

1122 743 1207 764 rore.
1252 733 1293 764 Et
1317 734 1455 764 Abacuc
1481 734 1525 771 [3‚
1548 734 1608 772 2.]:
1634 733 1715 764 Cum
1737 732 1905 768 irasceris,
1925 730 2030 767 Deus,
2055 740 2105 761 re-

1123 776 1260 806 cordare
1283 776 1528 806 misericordiae
1551 782 1636 807 tuae.
1672 775 1712 805 Et
1737 775 1800 805 les.
1822 773 1873 804 64,
1900 775 1964 812 [vs-
1988 772 2034 810 9.]
2054 772 2104 802 Ne

1122 818 1291 855 irascaris,
1315 818 1466 852 Domine,
1490 818 1597 849 valde.

1208 860 1249 890 Et
1283 861 1315 890 in
1349 859 1406 891 tali
1438 862 1627 901 precatione
1660 858 1781 901 singuli
1816 869 1883 889 non
1913 857 2022 889 solum
2044 868 2105 898 pro

1123 912 1200 932 sese
1223 908 1353 942 petunt,
1387 904 1446 932 sed
1480 904 1619 943 primum
1644 913 1703 942 pro
1728 908 1797 932 toto
1823 911 1963 940 corpore
1987 900 2103 932 Eccle-

1123 945 1201 973 siae.
1249 944 1285 974 ld
1308 945 1435 975 servari
1459 954 1606 983 oremus,
1643 945 1769 975 etiamsi
1802 942 1933 984 singula
1956 945 2103 974 membra

1122 992 1238 1025 parata
1261 996 1338 1017 esse
1361 987 1403 1016 ad
1426 987 1643 1018 obedientiam
1663 987 1795 1022 debent,
1819 987 1846 1016 si
1870 987 1948 1026 quid
1973 987 2031 1016 erit
2055 993 2103 1016 to-

1122 1028 1302 1058 lerandum.
1349 1028 1392 1058 Ut
1415 1028 1525 1059 David
1555 1040 1654 1060 orans
1679 1039 1738 1069 pro
1763 1030 1908 1059 exercitu
1932 1029 2103 1059 w'etoriam

1122 1071 1214 1110 petit,
1248 1076 1282 1100 ut
1305 1069 1459 1101 Ecclesia
1492 1072 1533 1101 sit
1567 1071 1750 1102 incolumis.
1797 1071 1929 1101 Interim
1963 1071 2025 1101 scit
2048 1070 2105 1101 ali-

1123 1122 1207 1152 quos
1231 1113 1344 1142 venire
1367 1113 1398 1142 in
1420 1112 1600 1153 periculum
1624 1120 1677 1144 aut
1702 1113 1851 1149 interfici,
1871 1120 1901 1143 et
1922 1123 2013 1143 suam
2027 1114 2104 1143 obe-

1123 1154 1276 1184 dientiam
1307 1154 1412 1184 offert.
1457 1155 1526 1185 Nec
1550 1157 1697 1194 precatio
1721 1156 1790 1186 eius
1815 1156 1905 1185 irrita
1928 1163 1989 1192 est,
2024 1157 2104 1186 reci-

1122 1196 1208 1235 pitur
1242 1197 1326 1226 enim
1360 1207 1379 1226 a
1403 1197 1476 1227 Deo
1511 1203 1541 1227 et
1566 1199 1715 1238 impetrat
1739 1196 1848 1227 multis
1872 1198 2104 1238 mitigationem

1123 1236 1209 1267 mali.
1255 1237 1311 1268 Sic
1335 1249 1408 1268 cum
1432 1249 1623 1278 precamur,
1656 1247 1689 1270 ut
1714 1239 1896 1280 pestilentia
1929 1241 2104 1280 mitigetur,

1124 1290 1189 1309 non
1223 1281 1264 1310 de
1297 1282 1392 1311 nobis·
1417 1280 1500 1311 solis
1524 1284 1684 1323 angimur,
1708 1283 1768 1312 sed
1791 1281 1893 1314 totam
1916 1281 2104 1313 Ecclesiam

1125 1323 1194 1352 eius
1216 1321 1282 1353 loci
1306 1322 1562 1363 complectimur.
1608 1324 1673 1355 Pro
1703 1325 1754 1355 his
1777 1325 1931 1364 recipitur
1955 1326 2104 1364 precatio

1124 1364 1242 1401 aDeo,
1268 1371 1298 1395 et
1323 1373 1414 1395 certo
1439 1367 1588 1405 impetrat
1613 1366 1723 1397 multis
1748 1366 2017 1397 incolumitatem.
2053 1367 2105 1397 Ac

1124 1406 1192 1437 vult
1216 1417 1277 1437 nos
1300 1407 1391 1437 Deus
1415 1409 1447 1437 in
1471 1410 1661 1447 precatione
1684 1408 1771 1439 affici
1794 1408 1933 1439 aliorum
1953 1416 1984 1439 et
2004 1410 2104 1439 totius

1123 1448 1297 1479 Ecclesiae
1321 1460 1411 1487 cura,
1434 1451 1519 1481 sicut
1542 1452 1700 1491 scriptum
1725 1458 1773 1481 est
1801 1450 1934 1488 [Psalm.
1959 1452 2103 1490 1‘21,6.]:

1125 1490 1264 1532 Rogate,
1288 1502 1374 1531 quae
1396 1493 1438 1522 ad
1461 1503 1577 1532 pacem
1601 1500 1675 1523 sunt
1699 1492 1889 1524 Ierusalem.

1209 1534 1308 1573 Apud
1332 1534 1518 1574 Euripidem
1548 1546 1621 1566 cum
1644 1536 1793 1567 Theseus
1818 1536 1984 1567 cadavera
2007 1537 2103 1577 Argi-

1124 1585 1239 1606 vorum
1274 1577 1315 1606 ad
1338 1576 1470 1607 Thebas
1504 1579 1618 1618 recipit
1648 1590 1686 1608 ac
1720 1584 1837 1619 postea
1860 1579 1929 1608 suis
1953 1580 2103 1609 manibus

1125 1616 1239 1655 abluit,
1274 1626 1497 1660 miranturque
1531 1620 1602 1657 alii,
1636 1632 1694 1651 cur
1729 1632 1795 1651 non
1829 1621 1960 1651 mandet
1995 1623 2104 1652 servis

1126 1659 1213 1690 huuc
1248 1666 1365 1691 tetrum
1399 1660 1546 1692 laborem
1570 1662 1786 1693 lavandorum
1810 1664 2020 1700 cadavemm,
2054 1674 2104 1694 re-

1126 1703 1265 1742 spondet
1291 1705 1468 1743 quispiam,
1503 1706 1690 1745 superbiam
1714 1712 1768 1736 aut
1794 1705 1931 1735 delicias
1950 1706 2102 1747 indignas

1127 1755 1202 1775 esse
1237 1745 1379 1782 homine,
1414 1755 1551 1786 propter
1575 1747 1776 1778 calamitates
1801 1747 1981 1778 abhorrere
2005 1759 2024 1778 a
2048 1749 2104 1778 mi-

1127 1788 1293 1824 seriis,⁹⁴)
1329 1799 1403 1818 cum
1437 1800 1520 1829 opus
1546 1796 1595 1820 est
1620 1797 1734 1820 nostro
1758 1789 1883 1826 officio,
1907 1790 1957 1819 οὐκ
1979 1790 2105 1829 αἰσχρὸν

1127 1829 1333 1870 ἀνθρώποισιν
1368 1830 1504 1867 ἀλλήλων
1537 1833 1684 1870 >taxeis-¹⁵)
1741 1832 1844 1862 Huius
1878 1832 2105 1863 honestissimi

1127 1871 1280 1902 versiculi
1304 1873 1487 1913 exemplum
1511 1876 1650 1904 maxime
1673 1876 1706 1904 in
1731 1874 1863 1905 Christo
1888 1882 2104 1915 conspectum

1127 1920 1187 1944 est.
1222 1915 1253 1944 Is
1272 1925 1339 1945 non
1363 1916 1452 1946 duxit
1475 1917 1536 1947 sibi
1560 1923 1654 1957 turpe
1678 1928 1767 1954 esse,
1791 1916 1972 1947 transferre
1995 1919 2028 1947 in
2053 1927 2104 1948 se-

1125 1967 1162 1987 se
1196 1967 1323 1997 poenas
1359 1965 1547 1989 nostrorum
1582 1958 1744 1990 scelerum
1779 1966 1810 1989 et
1834 1958 1920 1990 affici
1943 1970 2023 1989 cura
2046 1970 2104 1990 no-

1125 2006 1268 2030 strarum
1291 2001 1506 2037 miseriarum,
1531 2002 1579 2032 sic
1602 2012 1660 2033 nos
1683 2001 1804 2043 singuli
1827 2001 2011 2038 Ecclesiae,
2031 2002 2104 2033 Rei-

1124 2040 1286 2081 publicae,
1310 2051 1493 2082 parentum,
1522 2044 1710 2077 liberorum.
1734 2045 1914 2074 amicorum
1938 2043 2104 2075 calamita-

1124 2085 1210 2114 tibus
1244 2095 1453 2123 moveamur,
1488 2093 1519 2116 et
1553 2097 1618 2117 non
1642 2093 1767 2117 tantum
1789 2087 1898 2122 nobis,
1922 2087 1982 2116 sed
2006 2088 2103 2117 etiam

1124 2126 1196 2157 aliis
1220 2137 1315 2167 opem
1338 2129 1416 2158 Ierri
1440 2135 1600 2169 petamus,

1209 2169 1249 2199 Et
1272 2170 1349 2210 quid
1372 2172 1413 2201 sit
1431 2171 1529 2201 Fides
1549 2171 1704 2212 specialis
1718 2171 1906 2201 nominatim
1920 2177 2102 2211 expectans

1123 2218 1176 2241 aut
1200 2210 1427 2244 liberationem
1451 2220 1505 2244 aut
1528 2215 1773 2254 mitigationem,
1797 2214 1963 2243 discamus
1987 2212 2103 2244 intelli-

1123 2264 1200 2294 gere
1234 2255 1266 2283 in
1302 2256 1371 2295 ipso
1406 2266 1487 2293 usu,
1520 2257 1551 2287 id
1575 2262 1642 2293 est,
1673 2266 1731 2286 cor
1754 2256 1915 2286 invocans
1939 2256 2047 2286 Deum
2071 2257 2102 2285 in

1122 2295 1276 2336 periculis
1296 2304 1350 2328 aut
1372 2299 1511 2329 miseriis
1536 2297 1762 2338 corporalibus
1787 2299 1884 2328 etiam
1909 2299 2015 2328 discat
2038 2298 2102 2328 fide

1123 2434 1170 2462 94)
1190 2434 1320 2464 miseriis‚]
1339 2434 1413 2459 Editt.
1434 2436 1454 2456 1.
1474 2434 1498 2456 3.
1517 2435 1626 2463 miseris,

1123 2485 1168 2513 95)
1187 2486 1269 2521 Eprio·
1295 2486 1380 2515 Suppl.
1408 2486 1464 2510 768.
1490 2485 1530 2509 ed.
1558 2486 1677 2510 Barnea:
1711 2485 1739 2507 Τί
1762 2480 1906 2516 δἀίσχρὸν
1932 2480 2103 2516 ἀνθρώποισι

1177 2517 1310 2548 τιιλλήλων
1332 2516 1415 2541 κακά’

1898 2568 1929 2591 61
