2358 2933
269 182 314 212 lta
366 188 524 222 quaerunt
561 179 753 221 Philosophi
800 182 830 210 in
871 182 975 211 densa
1010 180 1151 220 caligine

171 225 285 256 mortis
320 224 483 254 humanae
520 233 669 252 caussas.
731 223 801 253 Nec
837 221 954 254 falsum
989 229 1037 253 est
1073 220 1151 253 illud

171 266 355 302 Menandri,
375 276 559 306 ‹limoquam
579 264 729 302 ιιιῖιόμιιιιι
752 264 835 296 mala
860 265 984 296 infinita
995 271 1082 301 sunt,
1107 271 1152 295 ta-

171 321 244 340 men
268 308 367 348 longe
391 306 481 347 plura
508 318 585 336 esse
609 307 736 344 εκωῖσικ,
756 308 787 337 id
802 315 864 339 est,
879 319 1018 349 quorum
1032 317 1152 337 caussa

171 360 219 382 est
256 359 308 381 aut
336 361 427 380 error
451 349 481 379 in
508 350 681 379 iudicando
705 357 759 380 aut
783 350 934 381 voluntas
958 357 1049 380 recto
1074 350 1152 380 indi-

171 395 221 424 cio
258 400 446 424 contumax.
493 391 534 422 st
560 391 735 432 Pompeius
771 403 881 423 errore
911 393 1062 423 accendit
1086 391 1152 422 bel-

171 435 236 466 lum
261 435 367 466 cixilo.
382 433 474 464 Paris
496 433 612 464 volens
628 436 707 474 rapit
724 433 893 471 llelenam,
911 442 1009 475 atque
1028 435 1072 465 ita
1086 432 1151 464 bel-

172 478 235 508 lum
260 476 392 507 attrahit
414 477 444 506 in
471 477 594 507 Asiam.
626 477 792 507 Homicida
819 477 1003 507 voluntario
1023 475 1152 506 scelere

171 521 309 551 arcersit
346 520 407 549 sibi
439 530 587 559 poenam.
634 519 743 550 Daxid
774 518 890 550 volens
912 520 993 560 rapit
1017 518 1151 549 alterius

172 564 342 603 coniugem
378 570 406 591 et
439 563 499 591 sibi
524 573 563 592 a(-
589 563 762 592 universae
787 563 875 603 genti
898 561 1074 592 horribiles
1100 572 1151 591 ca-

173 605 334 636 lamitates
369 605 519 635 accersit.
578 604 680 635 lluius
715 606 847 645 generis
883 603 1030 645 exempla
1066 603 1152 634 velle

173 658 343 679 numerare
373 647 508 687 perinde
543 654 591 677 est
627 658 667 678 ac
701 649 728 677 si
758 647 843 678 velis
867 658 986 678 arenas
1011 647 1151 678 omnium

172 701 328 731 aquarum
354 700 535 720 numerare.

258 733 308 763 Ac
333 733 373 763 de
397 731 591 763 voluntariis
614 731 725 772 aliquo
749 733 847 762 modo
873 732 983 762 vident
1000 742 1152 762 caussam

171 774 377 815 Philosophi.
415 775 473 805 sed
509 775 548 804 de
572 774 756 805 Automatis
780 774 947 805 hominum
971 773 1063 804 malis
1088 784 1152 803 non

173 819 280 849 vident
305 819 516 858 praecipuam
541 827 704 848 caussam.
749 816 802 847 De
825 816 889 847 hoc
913 816 1004 847 fonte
1023 817 1154 847 concio-

173 867 266 891 natur
313 860 459 890 doctrina
502 858 675 890 Ecclesiae
716 860 835 889 tradita
869 860 909 890 ab
946 859 1036 889 initio
1072 868 1154 889 voce

171 903 233 933 Dei
258 909 287 933 et
311 908 492 943 propagata
518 912 577 942 per
602 901 730 938 Patres,
764 901 963 942 Prophetas,
988 900 1154 931 Christum

173 952 201 975 et
228 943 421 986 Apostolos.
478 943 554 974 Ideo
580 945 797 975 observemus
821 943 874 974 hic
898 945 1072 974 discrimen
1095 943 1154 974 hu-

172 998 289 1018 manae
324 985 557 1026 Philosophiae
593 995 621 1017 et
661 987 829 1017 doctrinae
865 985 1031 1017 coelestis.
1085 986 1154 1016 Nec

173 1028 249 1060 sons
273 1036 397 1060 tantum
421 1036 634 1067 monstratur,
654 1030 714 1060 sed
739 1030 834 1060 etiam
859 1039 957 1060 verae
980 1039 1019 1060 ac
1034 1031 1078 1062 ³²⁴)
1102 1028 1154 1059 fir-

173 1084 245 1104 mae
269 1071 514 1103 consolationes
539 1078 569 1103 et
592 1073 735 1103 remedia
758 1078 995 1112 proponuntur.

260 1113 456 1155 Principalis
493 1125 612 1145 caussa
638 1116 751 1145 mortis
775 1121 804 1145 et
830 1113 1044 1155 plurimarum
1068 1113 1155 1144 cala-

173 1159 321 1189 mitatum
345 1158 442 1188 totius
467 1158 599 1198 generis
618 1156 761 1194 humani,
780 1158 906 1197 piorum
930 1163 961 1187 et
974 1156 1156 1196 impiorum,

175 1208 224 1231 est
260 1201 363 1240 prima
400 1201 604 1231 coutumacia
639 1201 817 1240 primorum
852 1205 1022 1239 parentum
1045 1205 1074 1228 et
1100 1197 1157 1228 illa

174 1244 247 1284 ipsa
269 1241 365 1273 labes
390 1249 572 1283 propagata
596 1244 628 1273 in
650 1248 816 1282 posteros.
851 1241 907 1272 Sic
931 1240 1155 1271 diciturRom.

175 1286 205 1316 5.
232 1285 372 1322 {vs.l·-'.}
398 1284 462 1315 Per
485 1291 659 1325 peccatum
683 1295 772 1315 mors
796 1284 927 1314 intravit
953 1284 1156 1315 inmundum

175 1379 290 1401 omnes
326 1375 401 1399 sunt
434 1371 491 1400 rei.
544 1370 578 1399 Si
612 1376 730 1400 natura
764 1369 905 1399 humana
939 1379 1005 1399 non
1039 1367 1155 1399 suisset

174 1423 295 1443 aversa
331 1423 350 1442 a
384 1411 476 1449 Deo.
511 1413 689 1443 mansisset
724 1412 757 1442 in
781 1422 819 1442 ea
842 1412 938 1452 vigor
962 1411 1114 1441 vivificus
1138 1421 1158 1440 a

174 1455 248 1486 Deo
283 1455 404 1485 inditus
440 1461 574 1485 naturae
597 1454 770 1491 humanae,
793 1464 855 1484 nec
880 1453 1158 1494 computruissent.

174 1497 325 1528 homines
349 1503 383 1527 ut
407 1508 515 1537 poma,
538 1503 572 1527 ut
587 1496 727 1534 flosculi,
746 1502 780 1527 ut
803 1497 966 1536 pecudes:
990 1495 1056 1526 Sed
1069 1500 1157 1535 post—

176 1551 273 1582 quam
307 1540 413 1570 amisit
438 1540 673 1580 integritatem,
706 1540 840 1569 materia
862 1537 1047 1579 languidior
1071 1536 1157 1567 facta

176 1593 348 1623 pomorum
383 1588 414 1613 et
442 1582 605 1622 pecudum
628 1588 764 1612 naturae
787 1579 902 1612 similis
927 1590 1003 1611 esse
1037 1580 1156 1619 coepit.

175 1626 289 1666 ltaque
312 1632 447 1665 propter
470 1631 644 1664 peccatum
667 1626 769 1655 iratus
793 1624 940 1663 Deusv)
965 1623 1041 1653 sinit
1062 1623 1157 1653 mise-

177 1679 245 1699 ram
280 1676 430 1698 naturam
461 1668 609 1697 orbatam
633 1678 694 1697 suo
719 1668 806 1697 dono
830 1667 862 1696 in
886 1672 1024 1696 mortem
1048 1675 1155 1702 ruere,

176 1718 209 1742 ut
245 1709 333 1740 Psal.
369 1710 420 1740 89.
456 1712 519 1747 [VS.
545 1709 589 1748 7.]
636 1708 825 1740 Desecimus
859 1709 891 1738 in
925 1709 973 1738 ira
1002 1714 1058 1738 tua
1093 1713 1156 1738 etc.

178 1754 242 1784 lam
278 1754 320 1783 ad
356 1753 493 1783 eandem
518 1762 670 1783 caussam
695 1752 800 1782 morbi
823 1757 855 1781 et
879 1751 986 1781 onmia
1009 1749 1157 1788 αὐτόματα

177 1795 263 1827 mala
286 1796 459 1835 pertinent.

262 1837 393 1869 Deinde
428 1838 503 1878 quia
538 1843 611 1877 post
646 1837 733 1867 hanc
756 1843 891 1867 naturae
914 1835 1157 1875 corruptionem

177 1891 296 1922 magna
332 1887 382 1910 est
413 1879 522 1920 caligo
557 1880 588 1910 in
624 1880 804 1916 mentibus,
839 1885 869 1909 et
898 1877 991 1908 multi
1015 1887 1158 1914 erroreS,

179 1932 296 1964 magna
326 1921 540 1959 imbecillitas,
576 1921 695 1952 multae
732 1922 928 1962 cupiditates
958 1927 989 1951 et
1009 1926 1158 1950 errantes

179 1968 319 2006 impetus
354 1970 387 1995 et
411 1971 617 2005 contemptus
642 1965 750 1995 iudicii
774 1964 884 1994 dixini.
930 1962 1029 2000 Cain,
1059 1961 1159 1999 Esau,

179 2008 305 2039 etiamsi
339 2018 379 2037 ex
414 2009 586 2048 generosis
621 2008 812 2047 parentibus
842 2007 910 2037 nati
933 2011 964 2036 et
987 2004 1160 2046 diligenter

179 2052 219 2081 ad
255 2052 406 2081 virtutem
430 2050 567 2081 instituti
586 2056 672 2087 sunt,
708 2056 815 2080 tamen
838 2048 1064 2079 accenduntur
1087 2057 1160 2088 pra—

180 2094 230 2124 vis
255 2093 498 2132 cupiditatibus,
523 2093 711 2130 ambitione,
734 2093 922 2123 invidentia.
953 2090 993 2120 Et
1016 2090 1161 2131 quotidie

179 2137 296 2166 accidit
322 2134 412 2173 illud,
435 2135 521 2176 quod
535 2136 665 2166 Graece
689 2136 818 2172 dicitur,
842 2134 891 2165 διὰ
911 2137 1074 2171 επιθυμίας
1084 2135 1161 2162 κενοὶ

179 2178 247 2208 κενά
283 2180 517 2217 romanumfl-2)
564 2177 788 2215 Absolon‚⁴²')
824 2177 986 2207 Antonius
1015 2182 1043 2206 et
1070 2176 1160 2205 innu-

180 2293 225 2319 39)
245 2292 286 2322 ac]
308 2291 381 2315 Editt.
403 2290 474 2313 1-9.
499 2290 536 2312 12.
557 2292 580 2313 et

182 2344 227 2371 40)
248 2343 272 2366 in
292 2342 423 2366 omittmz!
441 2341 514 2365 Editt.
533 2341 572 2362 2⁵3.
593 2340 633 2362 24.

180 2394 226 2422 41)
246 2394 324 2417 iratus
344 2393 422 2422 Deus]
441 2392 514 2416 Editt.
537 2392 626 2414 1—10.
650 2392 687 2413 12.
708 2391 774 2415 neus
794 2391 872 2415 iratus

181 2445 239 2474 41⁵)
259 2445 310 2468 Hoc
337 2444 430 2468 dictum
463 2444 503 2466 est
531 2442 629 2467 Solonis
658 2443 681 2466 iu
700 2443 826 2472 proverb..
853 2444 919 2466 teste
939 2441 966 2466 Η.
988 2441 1116 2470 Stephano
1135 2440 1160 2464 in

248 2478 321 2502 Thes.
341 2478 365 2502 L.
386 2478 426 2502 Gr.
447 2484 465 2501 s.
485 2483 508 2500 v.
525 2474 607 2501 κενός.

180 2530 226 2551 423
246 2528 366 2558 Absolonl
389 2529 460 2553 Edita.
484 2528 556 2550 1-9,
578 2529 618 2550 12.
640 2527 750 2551 Absaton

934 2374 942 2392 ἱ

802 87 913 118 Pfflh.
937 87 1040 118 MEL.
1066 87 1252 119 SCRIPTA
1274 88 1552 123 DoflrMA'rch.

2108 95 2171 127 936

1197 181 1372 212 merabiles
1408 182 1461 213 alii
1497 182 1618 213 similes
1642 185 1807 216 somniant.
1829 196 1866 216 se
1889 187 2030 226 imperiis
2053 189 2171 227 potitu-

1197 234 1254 255 ros
1289 235 1374 255 esse.
1420 225 1596 256 Erroribus
1626 227 1723 267 igitur
1741 233 1773 257 et
1795 229 1906 267 pravis
1931 229 2172 269 cupiditatibus,

1198 277 1281 306 quae
1316 273 1497 307 sequuntur
1531 274 1668 299 naturae
1703 269 1988 308 depravationem,
2013 272 2096 302 adeo
2118 283 2171 303 cu-

1198 307 1358 340 mulamus
1384 308 1480 347 mala,
1515 315 1549 340 ut
1569 311 1664 340 etiam
1688 310 1846 342 Ethnicus
1870 312 2028 351 Poetass)
2063 314 2172 345 excla-

1198 352 1333 381 maverit
1358 351 1476 392 lugens
1497 351 1656 383 humanas
1680 354 1847 384 miserias:

1354 437 1444 473 maus
1467 440 1536 475 γαῖα
1554 438 1663 471 κακῶν..
1682 439 1768 474 πλείη
1790 437 1821 468 δὲ
1841 438 1994 469 θάλασσα.

1283 519 1424 550 Accedit
1453 528 1560 551 autem
1591 521 1631 551 ad
1656 526 1788 551 nostros
1812 532 1943 553 errores
1967 528 1999 553 et
2021 524 2063 553 ad
2086 525 2173 564 cupi-

1198 562 1314 592 ditates
1334 569 1467 593 nostras
1492 564 1644 593 incitator
1667 563 1846 600 Diabolus,
1869 565 2003 604 spiritus
2027 565 2173 597 inimicus

1198 603 1271 634 Deo
1306 610 1335 634 et
1368 605 1442 635 odio
1466 604 1528 635 Dei
1558 607 1709 636 saeviens
1744 607 1775 635 in
1806 605 1999 637 imbecillem
2024 614 2174 639 naturam

1197 646 1373 677 hominum.
1405 646 1556 677 Cumulat
1590 649 1689 688 igitur
1717 648 1867 686 αὐτόματα
1886 655 1918 679 et,
1939 649 2054 679 ἑκούσια
2077 650 2174 688 mala,

1199 695 1296 729 auget
1319 688 1449 719 liu-ores
1471 688 1654 730 Caligulae,
1677 690 1818 721 Neronis
1837 697 1868 721 et
1891 691 2053 729 similium,
2077 699 2111 722 ut
2132 693 2174 722 ir-

1200 732 1295 762 ritata
1330 732 1376 761 ira
1399 731 1461 761 Dei
1496 738 1649 762 crescant
1680 742 1805 771 poenae
1833 739 1865 763 et
1887 734 2048 764 miseriae.
2094 734 2175 769 Quis

1199 773 1261 803 hos
1284 771 1393 804 sontes
1416 772 1574 804 malorum
1600 775 1681 804 satis
1706 775 1852 815 cogitare
1874 776 2004 815 potest?
2027 777 2174 807 videmus

1199 817 1230 846 in
1255 816 1335 855 ipsis
1359 815 1516 855 exemplis
1541 822 1573 846 et
1597 817 1782 856 experimur
1799 819 1846 857 Η)
1882 819 1912 847 ἰιι
1936 819 2058 848 nostris
2081 819 2175 849 mise-

1200 859 1270 894 riis,
1300 857 1460 888 humanas
1494 869 1667 889 aerumnas
1703 859 1865 889 tristiores
1901 870 1995 897 esse,
2026 870 2122 900 quam
2141 867 2176 892 ut

1200 911 1312 931 earum
1335 901 1592 942 magnitudinem
1616 902 1816 941 cogitatione
1839 901 2012 942 complecti
2035 909 2091 933 aut
2103 913 2175 933 ver-

1200 944 1251 974 bis
1275 942 1441 983 explicare
1463 943 1612 974 homines
1636 944 1776 983 possint.

1285 986 1353 1016 Sed
1377 984 1543 1016 difficilius
1575 992 1627 1016 est
1650 988 1797 1027 cogitare
1820 997 1961 1018 caussae
1984 988 2177 1028 magnitudi-

1199 1038 1284 1064 nem,
1308 1034 1463 1068 quantum
1487 1027 1606 1058 malum
1629 1029 1670 1058 sit
1692 1034 1873 1068 peccatum,
1896 1030 1973 1070 quid
1992 1030 2033 1060 sit
2055 1031 2104 1060 ira
2115 1029 2178 1060 Dei

1200 1076 1288 1101 certa
1311 1069 1386 1112 lege
1409 1071 1571 1110 punientis
1595 1070 1736 1108 scelera,
1761 1078 1884 1111 quanta
1907 1073 1950 1102 sit
1966 1072 2076 1102 rabies
2099 1072 2178 1104 Dia-

1201 1113 1268 1144 boli
1302 1114 1454 1154 augentis
1488 1112 1654 1143 hominum
1683 1114 1843 1144 miserias.
1889 1114 1959 1145 Hae
1983 1124 2122 1146 caussae
2144 1115 2176 1145 in

1201 1165 1324 1196 genere
1360 1157 1547 1196 cogitentur
1582 1156 1623 1186 de
1658 1155 1754 1186 malis
1789 1157 2022 1197 grassantibus
2056 1158 2088 1187 in
2110 1162 2179 1187 tota

1201 1204 1317 1228 natura
1342 1196 1518 1236 hominum,
1541 1199 1574 1228 in
1597 1197 1751 1229 Ecclesia
1774 1205 1804 1228 et
1828 1199 1860 1228 in
1883 1199 2000 1239 impiis.
2035 1199 2102 1230 Sed
2124 1198 2178 1229 hic

1201 1239 1302 1271 multo
1326 1239 1490 1271 difficilior
1514 1241 1663 1280 quaestio
1688 1241 1806 1271 oritur:
1854 1240 1936 1271 Cum
1959 1252 2047 1272 mors
2072 1247 2103 1272 et
2125 1251 2179 1272 ce-

1177 1310 1180 1320 ,
1201 1288 1290 1313 terae
1325 1281 1528 1313 calamitates
1553 1283 1618 1312 sint
1641 1293 1766 1322 poenae
1789 1282 2003 1313 humanorum
2025 1290 2179 1324 peccato-

175 1335 206 1358 et
242 1328 273 1358 in
288 1328 334 1366 40)
371 1337 485 1358 onmes
520 1327 670 1358 homines
706 1327 850 1367 pervasit
874 1337 982 1363 mors,
1005 1336 1045 1357 eo
1069 1325 1157 1366 quod
1177 1325 1180 1330 '

1201 1336 1271 1356 rum
1312 1335 1351 1355 ac
1386 1324 1560 1362 scelerum,
1594 1335 1652 1355 cur
1686 1324 1787 1355 multo
1811 1326 1914 1366 magis
1939 1324 2094 1357 Ecclesia
2115 1325 2178 1356 Dei

1201 1368 1342 1398 miseriis
1373 1374 1509 1398 onerata
1538 1373 1600 1404 est,
1635 1378 1731 1407 quam
1754 1368 1851 1406 impia
1874 1367 2067 1398 multitudo?
2111 1367 2179 1399 Cur

1202 1408 1287 1440 Abel
1310 1409 1504 1440 interficitur
1526 1420 1545 1439 a
1564 1408 1687 1440 fratre?
1711 1409 1778 1440 Cur
1801 1409 1939 1439 lesaiain
1956 1408 2180 1442 crudelissime

1203 1452 1321 1482 scindit.
1344 1462 1438 1482 serra
1462 1457 1620 1492 tyrannus
1644 1451 1823 1482 manasse?
1858 1450 1925 1482 Cur
1943 1452 2111 1483 leremiam
2133 1453 2180 1483 iu-

1202 1494 1321 1525 terficit
1350 1493 1506 1534 Apryes?
1551 1493 1618 1525 Cur
1652 1493 1847 1524 Zachariam
1869 1493 2069 1525 Pontifices?
2113 1494 2181 1526 Cur

1202 1537 1386 1577 Baptistam
1406 1536 1578 1567 Herodes?
1623 1535 1690 1567 Cur
1714 1535 1879 1567 Christum
1899 1535 2047 1567 Pilatus?
2078 1536 2180 1567 Deni-

1203 1590 1266 1620 que
1300 1578 1451 1619 exempla
1484 1585 1563 1610 nota
1589 1585 1676 1609 sunt.
1721 1578 1917 1619 Plerumque
1940 1578 2093 1610 Ecclesia
2115 1578 2179 1610 Dei

1203 1628 1254 1652 est
1288 1622 1427 1662 exiguus
1459 1627 1573 1652 coetus
1610 1632 1708 1652 verae
1743 1621 1911 1652 doctrinae
1938 1620 2180 1661 professionem

1203 1665 1348 1695 retinens
1373 1670 1405 1694 et.
1423 1664 1591 1694 sustinens
1616 1664 1726 1694 varias
1751 1670 1781 1694 et
1816 1665 1968 1705 ingentes
2004 1674 2180 1695 aerumnas

1203 1716 1393 1737 communes
1428 1713 1457 1737 et
1493 1705 1689 1746 peculiares.
1735 1706 1833 1737 Iacob
1867 1707 1983 1737 amittit
2006 1707 2180 1747 coniugem

1202 1751 1234 1780 in
1267 1755 1385 1790 partu,
1431 1749 1546 1779 amittit
1580 1748 1682 1779 filium
1715 1748 1856 1789 loseph,
1900 1754 2041 1790 vagatur
2082 1749 2182 1779 miser

1203 1793 1274 1822 sine
1298 1798 1387 1823 certa
1410 1792 1489 1821 sede
1512 1791 1594 1822 inter
1616 1790 1765 1822 homines
1788 1792 1956 1831 improbos
1981 1797 2012 1822 et
2034 1790 2182 1831 petulan-

1203 1840 1264 1865 tes.

1290 1876 1329 1906 Et
1353 1875 1546 1916 plerumque
1570 1876 1703 1917 imperia
1726 1881 1837 1906 tenent
1859 1874 1987 1915 profani
2012 1875 2182 1915 Principes

1203 1920 1396 1961 ignorantes
1419 1924 1451 1949 et
1474 1924 1722 1949 contemnentes
1747 1919 1930 1949 doctrinam
1951 1917 2181 1958 Propheticam

1206 1968 1238 1992 et
1260 1960 1502 2002 Apostolicam‚
1526 1966 1557 1991 et
1579 1959 1779 1991 antecellunt
1791 1959 1963 1991 Ecclesiae
1986 1970 2051 1990 non
2075 1959 2181 1990 solum

1206 2005 1342 2044 opibus,
1377 2002 1483 2044 gloria
1516 2009 1547 2033 et
1571 2002 1811 2043 voluptatibus,
1836 2003 1895 2033 sed
1919 2003 2016 2033 etiam
2038 2001 2181 2042 politicis

1206 2047 1397 2083 virtutihus,
1433 2052 1467 2076 ut
1501 2051 1580 2086 quot
1612 2051 1762 2085 putemus
1796 2044 1899 2075 fuisse
1921 2045 2086 2085 principes
2108 2046 2182 2084 pios

1206 2090 1326 2120 virtute
1349 2088 1558 2125 Alexandro,
1594 2087 1741 2129 Pyrrho,
1776 2087 1921 2128 Scipioni
1945 2092 2001 2118 aut
2023 2086 2183 2118 similibus

1207 2130 1452 2163 conferendos?

1293 2173 1376 2205 Cum
1398 2179 1506 2205 autem
1518 2171 1690 2203 Ecclesiae
1714 2172 1866 2203 miseriae
1884 2170 2005 2202 multos
2018 2178 2182 2208 moveant,

1205 2223 1240 2248 ut
1262 2215 1359 2248 valde
1382 2217 1538 2253 dubitent,
1563 2226 1603 2245 an
1628 2214 1696 2246 ulla
1716 2217 1760 2252 ⁴⁵)
1795 2225 1873 2255 pars
1896 2214 2028 2245 humani
2051 2215 2182 2255 generis

1206 2269 1306 2290 curae
1340 2260 1382 2289 sit
1411 2257 1497 2295 Deo,
1531 2269 1572 2288 an
1607 2259 1650 2288 sit
1683 2256 1792 2298 aliqua
1814 2256 1877 2287 Dei
1896 2255 2060 2294 Ecclesia,
2083 2267 2125 2287 an
2148 2256 2180 2287 hi

1204 2388 1250 2418 43)
1270 2387 1474 2443 Ηεςῑοὲἰυῗῖᾐθιὲῃ.
1495 2390 1520 2411 et
1539 2388 1565 2411 1).
1588 2387 1642 2409 101.
1662 2385 1701 2410 ed.
1714 2386 1863 2414 Goettting.:
1882 2383 1956 2413 πλείη
1973 2383 2024 2416 μὲν
2042 2382 2097 2416 γὰρ
2113 2387 2181 2415 γαῖα

1272 2429 1304 2448 x„
1322 2428 1340 2444 71
1360 2438 1365 2443 .
1405 2428 1415 2443 ε
1459 2439 1463 2443 .

1204 2472 1250 2502 44)
1270 2472 1427 2502 experiatur]
1447 2473 1518 2502 (ἴοι-ρ.
1539 2472 1561 2496 2.
1581 2472 1603 2493 4.
1623 2471 1785 2501 experiemur

1205 2524 1250 2551 45)
1269 2523 1333 2553 ulla]
1352 2524 1423 2548 Editt.
1444 2523 1484 2545 2-1.
1505 2523 1623 2549 28—3-1.,
1642 2522 1701 2552 Opp.
1726 2523 1746 2544 J.
1767 2522 1789 2546 2.
1809 2521 1850 2545 illa

2294 822 2314 1168 -aam‘ss—ae—snss-L313ss12‘A-k
2307 799 2313 804 .
2307 768 2312 786 ..
2310 749 2313 755 .
2310 727 2312 729 ,

2306 1785 2310 1794 ,
2306 1757 2312 1774 -
2294 1678 2313 1745 114⁴...-
2295 1629 2313 1668 «Α
2294 1545 2313 1640 M-
2294 1408 2313 1550 “mr-*⁷⁴*
