2358 2933
219 121 282 152 519

222 223 316 253 quam
331 213 494 243 absurdae
507 213 677 251 opiniones
690 212 846 248 oriuntur,
870 211 930 241 nisi
946 210 1195 242 moneantur⁵⁴³i

221 256 407 286 auditores.
437 265 498 294 qun
523 255 562 284 de
587 264 621 283 re
645 260 771 293 agatur,
796 260 825 282 et
851 254 938 293 qnod
962 252 1026 283 tide
1050 253 1196 283 reconci-

221 296 317 327 lietur
340 306 500 336 persona,
530 303 559 326 et
585 303 700 334 postea
730 302 841 325 nostra
867 295 1052 325 obedientia
1075 295 1118 324 sit
1142 304 1196 324 ne-

222 340 366 368 cessaria
402 347 431 367 et
464 342 588 371 quomodo
601 339 647 368 δ5)
682 338 713 367 iu
744 335 963 367 reconciliatis
994 337 1035 366 sit
1064 337 1195 366 iustitia.

221 380 299 410 ltem
325 381 364 409 dc
389 380 491 410 libero
521 380 666 410 arbitrio.
714 379 820 409 Deum
849 389 914 409 non
945 388 1020 408 esse
1045 388 1196 409 caussam

220 421 306 454 mali,
331 428 359 451 et
385 421 540 462 pleraque
564 422 639 457 alia,
663 430 746 461 quae
769 432 830 451 suo
854 420 929 450 loco
954 421 1108 451 diximus:
1130 430 1197 450 non

221 463 346 493 detrahi
359 465 508 494 meritum
529 465 695 504 operibns,
719 463 772 503 qui
790 472 851 493 nos
871 461 948 492 nihil
966 472 1114 504 agamus,
1139 462 1198 492 sed

221 506 294 545 quia
323 506 497 544 promissio
528 514 577 536 est
603 505 752 542 donatio,
785 512 819 535 ut
850 505 893 534 sit
920 510 1011 535 certa
1046 504 1197 535 remissio

219 555 441 587 peccatorum.
489 547 643 578 Ceteumi
671 548 702 577 in
732 545 952 577 reconciliatis
981 547 1066 577 bona
1100 556 1199 586 opera

220 597 294 619 sunt
316 591 412 619 etiam
437 590 670 629 inerito1·ia.⁵⁶)
717 588 773 619 Sic
803 589 835 619 in
865 590 1015 619 omnibus
1037 587 1120 619 locis
1143 589 1198 618 ad-

220 630 360 662 hibenda
385 640 435 662 est
460 631 637 673 diligentia,
660 638 693 662 ut
718 632 789 661 sine
801 630 982 671 sophistica
995 630 1199 671 explicentur

220 674 353 714 proprie
377 684 415 704 ac
440 675 602 705 distincte.

309 715 384 746 ldeo
409 715 532 747 Paulus
557 715 739 754 [1.Tim.3‚
758 715 788 745 ⁸2.
813 714 873 745 Tit.
889 714 974 752 1,9.1
998 712 1099 744 voluit
1123 713 1199 753 Epi-

220 767 359 797 scopum
385 768 462 788 esse
475 759 682 794 didacticum,
705 763 739 788 ut
763 763 838 797 apte
861 763 893 786 et
916 757 1048 796 proprie
1071 757 1199 786 doceat.

220 799 259 829 Et
294 799 444 830 Christus
472 799 743 837 1Manh.13,5‘2.1
768 798 837 829 vult
861 799 1003 828 scribam
1033 799 1065 828 in
1096 807 1199 838 regno

223 840 389 872 coelorum
420 842 552 872 doctum
582 852 659 872 esse
689 848 720 871 et
747 840 885 871 similem
915 841 1001 870 bono
1025 838 1200 879 patrifami-

221 882 301 921 lias,
336 886 390 925 qui
419 885 595 924 prudenter
625 882 723 924 eligat
747 884 778 913 in
802 882 951 913 docendo
982 891 1070 911 nova
1092 888 1122 911 et
1145 891 1200 911 ve-

225 935 303 959 tera.
349 927 418 958 Nisi
443 927 527 957 enim
550 926 634 957 hanc
651 925 855 966 prudentiam
874 931 905 954 et
925 922 1125 965 diligentiam
1145 923 1201 953 ad—

225 972 356 1002 hibeant
382 972 547 1006 doctores,
572 969 808 1009 perturbamur
832 966 1065 1002 conscientiae,
1089 971 1118 995 et
1145 966 1201 995 ob-

224 1019 341 1053 repunt
371 1013 486 1044 animis
513 1020 636 1052 pravae
667 1010 836 1050 opiniones
859 1009 1029 1039 nociturae
1052 1006 1202 1048 religioni

225 1066 265 1087 ac
289 1056 452 1091 moribus,
487 1062 515 1084 et
549 1054 696 1083 oriuntur
725 1051 883 1082 tumultus
907 1057 938 1081 et
956 1049 1115 1090 pleraque
1138 1048 1201 1079 alia

226 1096 395 1128 scandala.
425 1096 501 1126 ldeo
525 1106 590 1126 non
614 1093 719 1125 solum
737 1094 851 1124 demus
871 1103 1017 1133 operam,
1039 1097 1073 1122 ut
1091 1101 1201 1121 mores

226 1140 329 1170 nostri
354 1145 470 1169 ornent
493 1136 721 1179 Evangelium,
744 1136 804 1165 sed
827 1136 924 1165 etiam
946 1141 979 1164 ut
1000 1133 1140 1164 docendi
1152 1143 1203 1163 ra-

227 1183 271 1212 tio
296 1188 327 1212 et
350 1181 568 1221 perspicuitas
591 1181 679 1210 iuvet
707 1178 947 1214 conscientias,
976 1175 1115 1217 explicet
1137 1186 1203 1206 am-

227 1224 379 1265 bigentes
403 1228 433 1253 et
458 1229 552 1253 sanet
577 1227 736 1252 errantes,

497 1313 557 1344 DE
579 1312 732 1344 REGNO
757 1309 937 1342 CHRISTI.

313 1381 530 1422 Evangelium
558 1379 648 1411 clare
679 1381 775 1410 docet
804 1388 942 1420 regnum
971 1375 1092 1407 Christi
1127 1385 1205 1406 esse

229 1423 414 1466 spirituale3
443 1423 508 1454 hoc
531 1428 599 1460 est,
630 1421 796 1453 Christum
825 1420 944 1450 sedere
974 1419 1017 1449 ad
1040 1419 1205 1448 dexteram

227 1467 354 1503 Patris,
379 1473 408 1496 et
433 1464 642 1505 interpellare
664 1474 724 1504 pro
747 1464 860 1501 nobis,
885 1467 917 1492 et
940 1462 1019 1492 dare
1042 1460 1206 1490 remissio-

227 1519 302 1540 nem
335 1513 546 1549 peccatorum
582 1513 611 1537 et
647 1506 802 1547 Spiritum
840 1509 991 1534 sanctum
1023 1501 1207 1541 Ecclesiae,

229 1551 294 1582 hoc
317 1557 379 1591 est,
404 1550 613 1582 credentibus
636 1549 667 1579 in
690 1550 797 1589 ipsum
820 1553 850 1577 et
873 1546 1102 1577 invocantibus
1123 1554 1206 1583 eum,

232 1608 357 1640 eosque
380 1594 604 1632 sanctificare,
632 1598 666 1622 ut
691 1589 867 1621 resuscitet
891 1597 949 1619 eos
973 1588 1004 1617 in
1027 1587 1207 1617 novissimo

231 1644 282 1674 die
305 1642 347 1672 ad
369 1640 469 1670 vitam
492 1643 521 1667 et
547 1635 684 1677 gloriam
709 1639 882 1664 aeternam.
928 1629 970 1660 Et
993 1636 1028 1660 ut
1045 1629 1130 1659 haec
1152 1629 1208 1658 be-

230 1684 347 1716 neficia
386 1688 642 1720 consequamur,
684 1676 865 1706 ordinatum
906 1678 956 1702 est
995 1671 1209 1702 ministerium

230 1723 419 1766 Evangelii,
452 1732 510 1762 per
534 1720 622 1761 quod
650 1724 811 1749 vocantur
840 1715 988 1745 homines
1013 1714 1055 1743 ad
1073 1713 1209 1753 agnitio-

232 1778 305 1800 nem
334 1765 473 1799 Christi:
508 1769 539 1793 et
567 1762 709 1802 Spiritus
738 1764 873 1790 sanctus
903 1766 962 1796 per
992 1753 1209 1796 Evangelium

233 1817 284 1842 est
307 1807 425 1840 efficax
448 1811 509 1836 etc.
551 1804 682 1833 Interim
701 1811 779 1832 vero
799 1805 874 1831 ante
890 1798 1106 1828 novissimum
1126 1796 1210 1826 diem

232 1851 385 1886 Ecclesia
407 1849 439 1878 in
461 1847 583 1878 mundo
606 1846 744 1886 patietur
765 1841 1038 1883 persecutionem,
1062 1844 1093 1868 et
1116 1843 1210 1868 erunt

234 1895 310 1929 mali
333 1894 428 1924 bonis
452 1889 584 1922 admixti
610 1889 643 1918 in
666 1885 827 1918 Ecclesia.
872 1883 963 1913 Haec
994 1887 1044 1912 est
1074 1890 1155 1910 vera
1177 1885 1208 1909 et

236 1947 392 1980 germana
421 1933 582 1964 sententia
614 1927 787 1970 Evangelii
822 1927 862 1957 de
889 1934 992 1965 regno
1023 1922 1146 1954 Christi
1179 1928 1212 1951 et

235 1979 415 2012 Ecclesiae.
459 1975 586 2015 Estque
609 1970 813 2002 execrandus
839 1974 868 1998 et
893 1966 1096 1997 damnandus
1120 1974 1212 1994 error

236 2022 293 2054 ille
315 2020 465 2052 Iudaicus
489 2016 789 2055 Anabaptistarum,
812 2011 866 2051 qui
889 2009 1015 2050 fingunt
1027 2005 1211 2038 Ecclesiam

238 2071 314 2095 ante
337 2061 551 2093 novissimum
575 2058 659 2087 diem
675 2054 818 2096 politiam
837 2052 998 2093 quandam
1016 2049 1212 2080 mundanam

239 2106 381 2137 futuram
405 2112 491 2139 esse,
510 2102 543 2130 in
567 2109 631 2140 qua
659 2102 796 2138 regnent
819 2095 880 2135 pii,
907 2100 937 2123 et
961 2093 1059 2123 annis
1084 2089 1213 2121 deleant

240 2157 353 2179 omnes
378 2145 505 2184 impios,
531 2148 562 2172 et
585 2144 745 2180 occupent
770 2138 877 2168 onmia
900 2135 1032 2175 imperia
1058 2140 1119 2183 etc.

329 2186 532 2227 Colligemus
549 2185 659 2223 itaque
675 2180 860 2211 testimonia
881 2178 920 2207 de
938 2174 1098 2217 spirituali
1111 2183 1213 2214 regno

242 2242 308 2264 non
344 2228 449 2259 solum
479 2228 521 2257 ad
550 2224 741 2256 refutandos
773 2221 935 2252 fanaticos
969 2219 1120 2258 spiritus,
1155 2216 1213 2245 sed

244 2276 340 2305 etiam
370 2272 443 2312 quia
471 2270 605 2309 prodest
634 2266 696 2306 has
727 2263 906 2295 sententias
934 2261 1058 2291 habere
1082 2260 1113 2289 in
1139 2267 1214 2288 con-

244 2322 378 2357 spectu,
408 2318 442 2342 ut
471 2321 531 2341 nos
563 2307 792 2343 consolentur,
822 2311 852 2334 et
881 2304 1064 2334 exus-citent
1093 2301 1135 2331 ad
1162 2310 1214 2330 ex-

246 2359 357 2390 ercitia
380 2352 569 2394 spiritualia,
594 2352 634 2381 ad
654 2350 761 2385 fidem,
781 2348 823 2377 ad
836 2347 1028 2381 orationem,
1040 2344 1081 2374 ad
1093 2343 1214 2383 patien-

247 2476 309 2501 841)
328 2470 490 2500 moueantur]
508 2469 550 2494 Ed.
572 2469 609 2492 11.
629 2471 653 2491 et
673 2468 730 2495 Ορρ.
749 2467 798 2495 tw.
817 2469 917 2488 errore:
936 2464 1087 2486 moueantur

248 2511 293 2536 85)
314 2506 440 2538 quomodo
460 2502 570 2528 addunt
590 2502 660 2526 Editt.
679 2502 700 2524 8.
723 2499 873 2534 11—133et
891 2498 949 2526 Opp-

249 2545 294 2570 56>
315 2542 430 2565 Ceterum
452 2552 481 2555 —
501 2535 628 2561 meritoria
647 2533 785 2557 omittunt
804 2531 875 2556 Editt.
897 2531 919 2554 8.
942 2529 1047 2553 11-13.
1067 2530 1091 2550 et
1111 2526 1172 2555 Opp.

922 118 1031 149 PfflL.
1056 118 1157 149 MEL.
1181 117 1367 150 SCRIPTA
1389 116 1666 153 DOGMATICA,

2149 119 2212 150 520

1239 210 1324 240 tiam.
1348 209 1431 240 Nam
1452 219 1546 240 error
1565 208 1620 240 ille
1632 209 1784 240 ludaicus
1801 216 1933 249 praeter
1946 215 2077 240 caetera
2090 211 2212 242 incom-

1238 252 1337 282 moda
1353 251 1418 282 hoc
1435 262 1566 292 quoque
1593 251 1708 287 habet,
1734 252 1822 291 quod
1842 252 1999 282 obscurat
2022 258 2053 282 et
2075 262 2212 292 prorsus

1240 294 1348 324 obruit
1378 293 1624 324 consolationes
1659 291 1865 332 spirituales,
1894 299 1926 324 et
1954 293 2065 324 abolet
2089 295 2212 324 exerci-

1240 336 1284 366 tia
1317 334 1515 375 spiritualia,
1551 345 1623 365 cum
1656 334 1809 366 videlicet
1841 340 1966 365 mentes
2000 345 2066 366 non
2100 334 2214 366 intelli-

1240 384 1321 417 gunt>
1343 377 1425 408 haec
1445 376 1604 407 beneficia
1626 378 1761 417 propria
1786 386 1864 407 esse
1887 376 2025 414 Christi,
2049 378 2213 408 remissio-

1240 429 1314 449 nem
1342 425 1555 459 peccatorum
1584 425 1615 449 et
1644 419 1799 459 gratiam,
1833 419 1892 449 sed
1926 425 2098 458 expectant
2128 421 2214 450 bona

1242 460 1445 501 corporalia,
1479 470 1541 491 nec
1570 466 1753 491 sustentant
1776 470 1814 491 se
1838 460 1901 492 fide
1923 461 1954 490 in
1978 462 2160 493 terroribus
2183 467 2215 492 et

1241 501 1487 539 afflictionibus,
1513 503 1572 533 sed
1595 503 1764 543 requimnt
1788 503 1875 533 bona
1893 502 2090 543 corporalia.

1318 603 1429 637 Quod
1452 602 1636 644 Regnum
1659 602 1812 633 Christi
1835 603 1891 633 sit
1915 602 2139 643 spirituale.

1328 669 1418 700 loan.
1445 669 1493 699 17.
1515 673 1599 708 [vss.
1622 671 1642 700 2
1665 673 1728 710 sq.]
1775 669 1867 700 Sicut
1885 670 2002 700 dedisn
2025 671 2053 700 ei
2071 676 2215 710 potesta-

1243 718 1308 742 tem
1339 712 1442 741 omnis
1474 712 1600 748 carnis,
1630 718 1663 742 ut
1691 721 1802 748 omne,
1831 712 1918 752 quod
1946 712 2062 743 dedisti
2086 713 2132 749 ei,
2160 712 2215 743 det

1244 754 1291 784 eis
1315 754 1412 784 vitam
1435 759 1613 783 aeternam.
1658 753 1749 784 Haec
1772 760 1821 784 est
1846 759 1955 784 autem
1979 755 2045 784 vita
2067 760 2214 792 aeterna,

1243 802 1277 826 ut
1306 801 1490 835 agnoscant
1516 801 1548 825 te
1569 794 1675 826 solum
1698 795 1804 825 Deum
1826 805 1955 833 verum,
1986 802 2017 826 et
2041 806 2137 836 quem
2157 796 2215 826 mi-

1243 838 1315 867 sisti
1338 837 1445 867 Iesum
1468 836 1644 867 Christum.
1689 836 1750 867 Hic
1773 836 1924 867 Christus
1954 843 2092 868 testatur
2122 848 2216 868 suum

1244 879 1438 910 beneficium
1468 885 1499 909 et
1528 888 1665 920 regnum
1694 888 1788 909 suum
1815 889 1890 909 esse
1917 879 2016 909 vitam
2038 885 2216 917 aeternam,

1245 927 1277 951 et
1300 920 1429 957 definit,
1461 921 1538 961 quid
1561 922 1603 951 sit
1627 922 1693 951 vita
1715 926 1864 957 aeterna,
1886 919 2049 958 videlicet,
2071 931 2138 951 non
2160 920 2216 952 ali-

1245 973 1308 1004 qua
1338 962 1502 993 mundana
1533 963 1724 1000 dominatio,
1757 963 1816 992 sed
1843 972 1924 993 vera
1950 963 2066 993 notitia
2093 962 2158 994 Dei
2186 969 2218 994 et

1244 1005 1377 1039 Domini
1400 1006 1504 1035 nostri
1527 1005 1600 1035 lesu
1623 1004 1752 1035 Christi.

1330 1046 1425 1077 Rom.
1456 1046 1487 1077 8.
1517 1049 1581 1085 [VS.
1612 1046 1679 1085 34.]
1726 1045 1788 1080 Qui
1819 1051 1869 1076 est
1887 1047 1920 1076 in
1942 1046 2078 1077 dextera
2100 1045 2163 1077 Dei
2186 1052 2218 1077 et

1246 1087 1433 1128 interpellat
1455 1099 1516 1128 pro
1540 1089 1635 1119 nobis
1660 1095 1722 1120 etc.
1767 1087 1808 1118 Et
1830 1087 1973 1118 Esa.11.
1999 1088 2121 1125 [vs.1.]
2145 1088 2218 1119 Sta-

1248 1132 1293 1162 bit
1316 1131 1411 1160 radix
1433 1130 1596 1166 1esse;⁸⁷)
1620 1132 1728 1170 ipsum
1744 1136 1861 1170 gentes
1873 1131 2138 1170 deprecabuntur
2156 1135 2218 1161 etc.

1248 1172 1319 1203 Hae
1352 1173 1535 1202 sententiae
1563 1173 1755 1203 describunt
1784 1172 2006 1202 sacerdotium
2029 1177 2061 1201 et
2082 1181 2219 1213 regnum

1249 1214 1382 1251 Christi,
1407 1220 1438 1244 et
1456 1220 1618 1244 testantur
1639 1219 1813 1253 utrumque
1835 1211 2006 1253 spirituale
2028 1223 2122 1249 esse3
2155 1212 2221 1244 hoc

1249 1262 1312 1293 est,
1332 1255 1497 1287 Christum
1519 1266 1587 1286 non
1611 1256 1811 1286 constituere
1833 1254 1968 1295 aliquod
1989 1255 2100 1286 mundi
2122 1255 2222 1295 impe-

1248 1299 1346 1335 rium,
1377 1298 1437 1328 sed
1461 1298 1548 1338 apud
1570 1297 1701 1328 Patrem
1723 1306 1783 1336 pro
1807 1297 1903 1327 nobis
1925 1295 2155 1336 interpellare,
2176 1296 2222 1327 ita

1248 1350 1406 1381 regnare,
1436 1345 1471 1370 ut
1502 1338 1580 1370 velit
1606 1339 1768 1375 invocari,
1803 1339 1976 1375 exaudire,
2005 1338 2222 1376 sanctificare,

1250 1382 1417 1414 custodire
1439 1381 1562 1421 Spiritu
1590 1386 1706 1411 sancto
1735 1389 1812 1416 eOS,
1843 1381 1897 1420 qui
1927 1381 2033 1420 ipsum
2056 1380 2221 1411 invocant.

1250 1424 1341 1455 Sicut
1366 1430 1398 1454 et
1420 1422 1503 1454 alias
1534 1424 1691 1463 scriptum
1710 1428 1761 1452 est
1786 1420 1894 1459 [Rom.
1917 1421 1949 1458 8,
1973 1421 2054 1458 14.]:
2077 1421 2142 1456 Qui
2159 1421 2224 1461 spi-

1248 1467 1312 1497 ritu
1333 1466 1398 1496 Dei
1427 1470 1585 1506 aguntur,
1612 1464 1645 1494 hi
1669 1469 1745 1494 sunt
1767 1462 1823 1493 filii
1847 1463 1919 1493 Dei.
1964 1462 2044 1493 Item
2067 1463 2223 1501 [Hierem.

1250 1508 1303 1545 31,
1327 1508 1412 1545 33.]:
1436 1506 1534 1537 Dabo
1556 1505 1665 1547 legem
1686 1516 1792 1536 meam
1810 1505 1843 1535 in
1862 1505 1963 1535 corde
1982 1514 2105 1535 eorum.
2134 1504 2225 1536 Haec

1250 1550 1412 1581 beneficia
1459 1550 1696 1585 obscurantur,
1740 1557 1813 1578 cum
1843 1552 2055 1587 expectamus
2087 1556 2225 1588 regnum

1253 1590 1427 1632 corporale
1451 1597 1513 1621 etc.

1338 1633 1432 1664 Rom.
1460 1633 1491 1663 S.
1522 1635 1587 1670 [vs.
1617 1632 1682 1669 17.]
1717 1630 1930 1661 Cohaeredes
1959 1628 2098 1667 Christi,
2129 1629 2226 1670 siqui-

1253 1677 1326 1706 dem
1364 1674 1461 1705 simul
1497 1675 1656 1714 patimur,
1697 1672 1793 1703 simul
1828 1673 1923 1702 etiam
1961 1670 2225 1712 glorificabimur.

1253 1718 1333 1748 Item
1362 1727 1422 1757 spe
1450 1715 1534 1746 salvi
1564 1715 1643 1746 sacti
1669 1725 1793 1746 sumus.
1842 1714 1920 1744 Item
1949 1714 2040 1751 [ibid.
2068 1724 2119 1744 VS.
2142 1713 2226 1752 294:

1254 1759 1347 1794 Quos
1370 1758 1567 1799 praescivit,
1597 1757 1658 1788 hos
1683 1756 1752 1787 vult
1775 1755 1962 1787 conformes
1985 1755 2054 1786 fieri
2076 1756 2226 1796 imaginis

1254 1800 1309 1832 filii
1326 1802 1393 1831 sui.
1450 1800 1528 1831 Item
1557 1800 1626 1838 [Ps.
1655 1800 1715 1836 43,
1747 1799 1830 1838 12.]:
1877 1797 2018 1837 Propter
2045 1803 2076 1827 te
2105 1802 2228 1828 macta-

1254 1854 1325 1874 mur
1347 1849 1416 1873 tota
1447 1843 1510 1879 die,
1533 1843 1673 1882 reputati
1697 1851 1809 1872 sumus
1832 1839 1921 1870 velut
1945 1848 2025 1870 oves
2050 1839 2226 1869 occisionis

1255 1892 1317 1916 etc.
1368 1884 1439 1914 Hae
1473 1884 1655 1914 sententiae
1689 1888 1868 1918 testantur,
1909 1882 1997 1921 quod
2030 1880 2227 1922 glorificatio

1255 1938 1321 1958 non
1345 1928 1513 1967 contingat
1535 1926 1567 1955 in
1590 1925 1653 1955 hac
1675 1926 1752 1960 vita,
1774 1924 1834 1954 sed
1855 1929 2005 1963 oporteat
2030 1933 2092 1953 nos
2115 1923 2147 1953 in
2164 1921 2228 1953 hac

1255 1970 1321 2000 vita
1343 1968 1542 1999 afflictiones
1572 1973 1604 1997 et
1653 1967 1892 1997 ersecutionem
1914 1965 1991 2004 pati.
2035 1964 2152 1995 Matth.
2176 1962 2227 1994 16.

1258 2015 1322 2050 [vs.
1346 2011 1412 2047 24]
1439 2009 1474 2039 Si
1497 2010 1569 2049 quis
1592 2019 1633 2039 vu
1649 2014 1661 2038 t
1684 2018 1735 2038 me
1759 2007 1863 2048 sequi,
1887 2007 2028 2047 abneget
2051 2016 2088 2036 se
2110 2006 2227 2045 ipsum,

1257 2060 1289 2084 et
1312 2051 1406 2083 tollat
1429 2061 1559 2082 crucem
1582 2061 1685 2087 suam,
1709 2056 1741 2080 et
1758 2060 1810 2080 me
1828 2055 1993 2088 sequatur.
2014 2048 2102 2078 loan.
2124 2047 2228 2083 1&ssss)

1257 2097 1320 2132 [vs.
1351 2093 1418 2131 33]
1449 2093 1484 2123 In
1507 2092 1571 2123 hoc
1600 2092 1720 2122 mundo
1749 2101 1939 2131 pressuram
1969 2089 2144 2121 habebitis.
2187 2088 2229 2119 Et

1257 2138 1287 2167 2.
1311 2136 1392 2166 Tim.
1416 2135 1446 2166 3.
1471 2138 1536 2173 [vs.
1562 2135 1626 2172 12]
1673 2135 1796 2164 Omnes
1826 2133 1878 2173 qui
1906 2133 1959 2172 pie
1981 2131 2096 2162 volunt
2116 2131 2228 2161 vivere

1257 2180 1289 2209 in
1313 2177 1462 2214 Christo,
1494 2177 1754 2217 persecutionem
1785 2175 1960 2215 patientur.
2005 2174 2077 2204 Hae
2099 2178 2228 2204 senten—

1258 2222 1322 2251 tiae
1351 2219 1535 2250 clarissime
1564 2218 1681 2248 doeent
1705 2216 1891 2248 Ecclesiam
1922 2217 1953 2246 in
1977 2214 2040 2246 hac
2064 2216 2129 2245 vita
2152 2215 2228 2244 sub-

1258 2264 1375 2293 iectam
1408 2270 1484 2291 esse
1517 2259 1761 2290 afflictionibus.
1797 2257 1928 2289 Coloss.
1951 2256 1981 2287 3.
2017 2256 2139 2295 [vss.3
2161 2258 2226 2296 sq.]

1257 2305 1335 2334 Vita
1368 2309 1481 2333 vestra
1514 2303 1709 2333 abscondita
1743 2307 1794 2331 est
1829 2311 1901 2331 cum
1924 2299 2057 2330 Christo
2082 2299 2115 2329 in
2135 2298 2227 2333 Deo;

1259 2346 1398 2381 Quando
1427 2344 1578 2375 Christus
1607 2342 1882 2379 manifestabitur,
1918 2342 1972 2382 qui
2002 2346 2053 2372 est
2079 2341 2148 2371 vita
2174 2349 2227 2370 ve·

1235 2423 1238 2432 4
1259 2442 1304 2468 87)
1325 2440 1406 2469 Iesse]
1425 2439 1495 2463 Editt.
1518 2438 1555 2460 12.
1578 2437 1614 2461 13.
1633 2438 1727 2461 Iessae.

1259 2491 1304 2516 88)
1328 2488 1377 2545 165}
1397 2489 1522 2544 sicssEditt.
1551 2489 1573 2510 ¹2.
1598 2487 1686 2511 6—8.
1714 2487 1822 2508 11-14
1841 2487 1865 2509 ct
1884 2485 1958 2514 opp.;
1985 2483 2056 2508 Editt.
2075 2483 2097 2505 1.
2118 2483 2140 2504 ⁴.
2160 2481 2182 2504 5.
2201 2480 2225 2504 9.

1327 2528 1350 2546 tn
1380 2528 1408 2545 e:
1446 2541 1450 2545 .
