2358 2933
105 114 167 145 769
569 111 592 140 l.
615 109 716 142 LOCl
739 107 1018 140 THEOLOGICI:

108 206 212 237 los-ias
238 203 359 236 bellum
382 211 448 232 non
471 203 698 233 necessarium
721 202 882 232 adversus
900 200 1086 242 Aegyptios

107 247 217 279 movit.

147 309 150 314 ι
192 289 346 329 Denique
367 286 471 319 moles
495 286 623 327 peccati
652 285 795 317 haerens
818 283 915 316 etiam
938 285 970 315 in
994 293 1087 314 rena-

107 335 148 364 tis
171 332 270 372 longe
294 330 397 361 maior
421 335 484 367 est,
519 339 620 369 quam
648 334 683 359 ut
707 326 938 368 comprehendi
964 327 1087 368 cogita—

108 376 196 406 tione
210 372 309 405 ullius
322 372 463 403 hominis
477 371 595 412 possit.
630 370 701 401 Nec
712 376 864 410 putemus
877 368 952 399 leve
965 369 1085 399 dictum

107 426 183 448 esse
193 415 261 454 [Ps.
273 414 408 452 18‚13.]:
428 413 560 445 Delicta
571 413 646 453 quis
664 410 840 453 intelligit?
863 411 1014 453 Longum
1028 422 1086 441 au-

109 467 172 490 tem
182 463 273 489 esset
282 466 473 488 enumerare
486 456 615 496 species
627 460 852 495 peccatorum,
860 464 944 494 quae
956 459 1086 484 manent

107 503 140 533 in
163 501 306 534 Sanctis.
352 499 419 530 Sed
441 497 565 529 Paulus
599 498 630 528 in
664 506 792 527 summa
821 495 1012 537 complexus
1036 502 1087 526 est

107 544 201 575 Rom.
237 543 267 573 7.
303 553 377 574 611111
411 542 451 572 de
484 541 636 571 interiore
676 539 884 570 contumacia
923 539 1085 570 adversus

109 587 218 617 onmia
240 590 416 625 praecepta
439 581 593 624 loquitur.
638 581 706 612 Sed
729 581 862 621 superbi
893 580 1087 622 hypocritae

109 628 191 659 haec
213 637 336 658 arcana
358 631 494 666 peccata
517 634 583 655 non
605 623 810 665 intelligunt,
844 624 907 654 imo
932 622 1086 654 Monachi

109 671 229 701 docent
252 669 471 700 dubitationes
495 665 570 697 illas
595 666 636 697 de
659 667 876 706 providentia,
899 666 1000 696 deira
1012 664 1086 702 Dei,

107 713 150 743 de
183 711 420 747 misericordia,
454 715 486 740 et
520 708 658 739 affectus
683 709 833 745 vitiosos„
864 709 926 738 nisi
949 708 1087 739 accedat

110 763 306 790 consensus,
339 762 406 783 non
440 760 516 782 esse
538 756 686 792 peccata,
709 760 770 781 nec
792 755 917 781 tantum
939 751 981 781 de
1003 760 1087 781 voce

109 797 289 837 disputant,
313 795 373 826 sed
386 795 426 824 de
438 804 486 831 re,
509 798 633 835 negant
657 792 741 824 haec
762 793 841 824 vitia
860 803 937 823 esse
962 803 1015 823 res
1028 804 1086 832 pu-

109 845 251 880 gnantes
286 848 361 869 cum
394 836 487 877 Lege
521 835 596 866 Dei.
652 835 745 867 Haec
779 836 967 866 extenuatio
1001 834 1087 865 falsa

110 887 170 918 est,
194 886 225 911 et
245 878 483 910 contumeliosa
508 877 855 919 contraLegemDei,
879 883 911 908 et
932 879 1086 908 tenebras

110 923 231 954 inducit
266 922 436 953 doctrinae
471 921 511 951 de
546 920 672 957 Gratia,
707 921 747 950 de
782 920 906 950 lustitia
939 920 1027 958 fidei,
1057 926 1088 950 et

110 965 284 996 confirmat
305 964 553 1004 persuasionem
576 961 712 999 salsam,
749 963 835 1003 quod
864 963 967 993 renati
991 963 1086 993 satis-

110 1007 290 1041 faciantffl)
314 1006 396 1046 Legi
419 1004 493 1035 Dei.

195 1048 240 1079 Ut
262 1049 362 1090 igitur
384 1048 574 1088 arrogantia
595 1053 739 1085 taxetur,
765 1046 917 1089 colligam
942 1047 1087 1078 testimo—

110 1093 173 1129 nia,
197 1101 281 1132 quae
305 1090 483 1121 ostendunt
507 1096 641 1121 renatos
664 1090 696 1120 in
730 1090 793 1121 hac
816 1092 880 1121 vita
904 1100 969 1120 non
993 1090 1088 1120 satis-

110 1133 220 1166 facere
238 1133 319 1174 Legi
343 1132 418 1170 Dei,
452 1137 484 1162 et
518 1142 653 1163 manere
679 1133 710 1163 in
734 1132 796 1163 hac
819 1138 935 1163 natura
959 1131 1087 1162 mortali

110 1182 292 1218 peccatum.
339 1174 427 1205 Psal.
455 1174 525 1205 143.
551 1176 614 1214 [VS.
639 1175 685 1212 2.]
730 1175 804 1205 Νο11
828 1176 929 1205 intres
952 1175 985 1205 in
1008 1175 1088 1205 iudi-

111 1220 196 1250 cium
220 1228 293 1249 eum
316 1227 414 1248 servo
439 1223 508 1254 tuo,
528 1217 603 1258 quia
626 1226 692 1247 non
714 1216 944 1247 iustificabitur
966 1217 997 1247 in
1012 1226 1089 1247 con-

110 1266 226 1302 spectu
260 1266 315 1291 tuo
351 1259 456 1289 omnis
485 1260 612 1290 vivens.
660 1259 687 1288 l.
708 1258 796 1289 loan.
824 1259 851 1289 1.
877 1262 939 1296 ivs.
962 1258 1006 1298 8.]
1053 1259 1087 1290 Si

110 1304 259 1340 dicimuS,
294 1302 382 1343 quod
405 1307 579 1341 peccatum
601 1311 667 1332 non
690 1300 882 1339 habeamus,
917 1311 977 1332 nos
996 1302 1088 1341 ipsos

110 1346 310 1382 seducimus,
345 1350 377 1374 et
406 1345 529 1374 veritas
548 1354 613 1374 non
640 1349 689 1374 est
712 1345 743 1374 in
768 1344 875 1374 nobis.
920 1343 1011 1374 Psal.
1038 1344 1087 1375 18.

111 1392 170 1425 lvs.
197 1387 259 1426 13]
303 1385 435 1417 Delicta
460 1387 531 1427 quis
554 1385 731 1427 intelligit?
770 1387 812 1417 ab
843 1386 983 1417 occultis
1007 1387 1087 1417 meis

109 1431 228 1461 munda
252 1439 315 1466 me,
339 1434 370 1459 et
392 1429 433 1459 ab
457 1428 572 1459 alienis
591 1438 693 1469 parce
715 1439 813 1459 servo
837 1434 902 1460 tuo.
949 1429 1044 1460 Rom.
1057 1430 1087 1460 7.

112 1477 174 1510 Ινε.
198 1472 266 1509 23]
310 1471 416 1502 Video
451 1470 548 1502 aliam
582 1471 705 1512 Legem
740 1472 771 1501 in
806 1472 961 1502 membris
995 1473 1088 1509 meis,

111 1524 195 1556 quae
218 1519 380 1555 repugnat
413 1512 493 1554 Legi
522 1514 639 1544 mentis
662 1523 770 1551 meae,
794 1519 825 1544 et
849 1514 1012 1554 captivum
1036 1524 1087 1544 me

110 1557 187 1588 facit
209 1557 291 1597 Legi
313 1556 454 1596 peccati,
477 1566 561 1596 quae
585 1562 636 1586 est
660 1556 691 1586 in
715 1556 867 1586 membris
891 1557 982 1587 meis.
1017 1556 1087 1587 Etsi

111 1606 218 1631 autem
251 1598 428 1639 Sophistae
464 1597 598 1628 eludunt
630 1597 719 1629 hunc
749 1597 876 1636 locum,
910 1605 941 1629 et
977 1599 1085 1630 dicunt

111 1640 306 1682 Metalepsin
331 1651 407 1671 esse
430 1641 461 1671 in
484 1639 648 1671 vocabulo
672 1641 815 1678 Peccati,
848 1651 888 1671 ac
911 1641 1088 1682 significari

111 1694 250 1725 poenam
274 1684 412 1725 peccati,
438 1684 634 1724 pronitatem
659 1689 761 1714 ortam
786 1693 826 1713 ex
850 1683 946 1723 lapsu
969 1685 1087 1725 primo-

110 1738 182 1758 rum
215 1732 398 1767 parentum,
432 1732 542 1756 tamen
576 1725 700 1756 Paulus
734 1726 804 1766 ipse
839 1726 957 1757 refutat
1001 1726 1087 1758 hanc

111 1768 310 1806 elusionem,
344 1779 419 1800 cum
452 1768 563 1798 definit
596 1768 661 1798 1106
693 1769 800 1809 ipsum
834 1774 1022 1808 peccatum,
1057 1775 1088 1800 et

111 1812 188 1842 dicit
221 1821 297 1842 esse
318 1810 438 1841 malum
456 1811 489 1840 in
513 1811 666 1841 membris
690 1811 814 1842 nostris
838 1821 988 1852 pugnans
1014 1822 1087 1843 cum

111 1854 186 1896 lege
208 1853 283 1884 Dei.

196 1896 300 1927 Porro
323 1897 364 1926 de
386 1895 450 1926 1106
474 1896 547 1937 ipso
570 1895 708 1926 articulo
732 1897 941 1934 disserimus,
977 1908 1018 1927 an
1043 1898 1087 1928 vi-

111 1941 188 1970 tium
212 1938 370 1979 reliquum
393 1939 427 1968 in
450 1944 567 1969 natura
592 1939 633 1969 sit
656 1948 710 1969 res
734 1949 886 1980 pugnans
912 1949 984 1970 cum
996 1939 1088 1980 Lege

110 1981 184 2013 Dei.
230 1981 381 2012 Humana
412 1981 532 2012 iudicia
565 1986 741 2012 extenuant
775 1981 860 2012 113116
883 1982 1087 2022 depravatio-

111 2034 197 2062 nem,
218 2025 280 2055 sed
303 2022 425 2055 Paulus
447 2023 630 2055 illustribus
653 2024 763 2054 verbis
787 2034 866 2055 usus·
891 2030 952 2062 est,
975 2025 1016 2055 ad
1046 2026 1088 2055 si-

111 2066 330 2108 gnificandam
370 2067 575 2096 atrocitatem
615 2066 671 2097 rei.
722 2065 856 2104 Militat,
897 2067 1014 2108 inquit,
1055 2068 1086 2098 in

112 2109 267 2140 membris
290 2106 347 2138 illa
369 2107 578 2148 depravatio,
611 2114 643 2138 et
666 2115 840 2150 grassatur
863 2109 975 2140 hostili
998 2120 1088 2141 more

113 2151 273 2182 adversus
297 2150 420 2191 Legem
444 2151 579 2187 mentis,
608 2150 780 2182 confirmat
801 2150 854 2182 vel
877 2153 1087 2183 securitatem

114 2191 290 2230 carnalem,
323 2191 377 2223 vel
399 2193 552 2223 iniustam
575 2190 799 2231 diffidentiam,
832 2194 924 2225 inflat
948 2196 1088 2226 animum

113 2236 327 2267 admiratione
362 2245 494 2266 suarum
530 2235 682 2265 virtutum
704 2242 734 2266 et
757 2237 955 2278 arrogantia,
980 2238 1088 2268 incen-

113 2278 160 2308 dit
181 2277 344 2315 libidines,
368 2278 453 2315 odia,
478 2277 685 2318 cupiditatem
708 2279 887 2317 vindictae,
910 2280 1023 2311 incitat
1047 2281 1088 2311 ad

114 2320 302 2361 quaerenda
321 2321 518 2350 inconcessa
540 2320 716 2360 praesidia,
750 2321 890 2363 denique
924 2324 1088 2363 captivum

117 2364 208 2404 rapit,
242 2363 318 2403 quia
352 2361 537 2393 diffidentes
571 2362 696 2392 animos
727 2364 872 2394 concutit
894 2366 1086 2403 terroribus,

116 2411 146 2435 et
169 2404 324 2436 sollicitat
348 2406 386 2435 ad
412 2405 684 2446 desperationem,
707 2406 746 2436 ad
767 2405 956 2448 fugiendum
966 2407 1085 2438 Deum.

116 2541 162 2569 81)
181 2540 347 2572 satisfaciant]
370 2541 440 2566 Editt.
462 2544 499 2565 18.
522 2543 561 2565 20.
583 2543 633 2573 25„
653 2543 722 2573 corp.
746 2544 754 2565 l
788 2544 809 2565 2².
832 2544 853 2566 ⁴.
873 2544 1041 2569 satisfaciunt.

269 2598 386 2618 namn.
402 2599 467 2619 ortu.
484 2599 532 2619 ¹:01..
548 2600 594 2619 xxi.

1066 106 1108 138 D.

1131 106 1291 139 TERTIA
1309 105 1465 137 EORUM
1489 105 1644 137 AETAS.
2042 106 2104 136 770

1131 199 1221 230 Haec
1249 209 1315 230 non
1343 205 1419 230 sunt
1442 198 1528 230 lew'a
1549 197 1653 236 mala,
1676 204 1710 230 ut
1733 198 1875 229 humana
1897 197 2105 240 philosophia

1131 242 1306 280 existimat,
1330 242 1388 272 sed
1414 242 1589 273 durissime
1613 242 1856 276 exoruoiantffl)
1880 246 2027 272 53116105.
2062 241 2104 272 Ut

1130 284 1267 326 Moyses
1308 285 1349 314 ad
1382 290 1508 324 petram
1543 283 1773 325 languefactus
1805 289 1837 314 et
1872 289 2104 315 consternatus

1131 332 1182 357 est
1216 327 1323 357 subita
1352 327 1568 366 trepidatione
1591 331 1622 357 et
1646 326 1856 357 dubitatione.
1901 325 2032 367 Lapsus
2057 332 2105 357 est

1130 374 1161 399 et
1183 368 1305 405 David,
1340 379 1413 399 cum
1436 369 1598 400 numerari
1621 367 1774 409 populum
1799 369 1936 406 iuberet,
1970 368 2025 400 vel
2047 368 2104 400 hu-

1130 421 1226 441 mana
1260 411 1413 451 superbia
1450 411 1575 447 elatus,
1608 416 1642 441 ut
1665 412 1852 442 ostenderet
1877 421 2013 453 regnum
2037 421 2105 442 cre-

1129 455 1229 490 visse,
1260 452 1313 483 vel
1346 452 1486 484 humano
1522 451 1659 484 consilio
1694 454 1764 484 sine
1787 454 1938 484 mandato
1961 453 2025 484 Dei
2048 461 2105 484 no-

1132 506 1203 526 vam
1227 496 1259 525 in
1282 505 1384 537 regno
1409 496 1644 527 ordinationem
1666 494 1825 527 facturus.

1216 537 1332 568 Matth.
1352 537 1382 569 6.
1404 541 1467 576 [vs.
1485 538 1549 576 12]
1571 538 1667 568 docet
1685 544 1820 569 sanctos
1834 548 1944 569 orare:
1967 538 2106 570 Remitte

1131 580 1227 610 nobis
1256 580 1364 610 debita
1388 587 1513 611 nostra.
1558 580 1687 610 Adsunt
1712 580 1808 621 igitur
1830 586 1967 620 peccata
1989 581 2021 611 in
2043 580 2107 612 hac

1132 628 1201 653 tota
1235 623 1312 659 vita,
1348 633 1484 663 quorum
1518 623 1659 662 petenda
1693 629 1744 653 est
1767 623 1974 654 condonatio.
2019 623 2107 654 Idem

1132 665 1246 702 docet,
1271 674 1343 695 cum
1366 667 1426 696 ait:
1468 664 1550 695 Cum
1574 663 1716 695 feceritis
1741 665 1864 702 omnia,
1888 666 1994 703 dicite,
2020 666 2106 696 servi

1131 706 1263 738 inutiles
1289 717 1412 738 sumus.
1456 707 1484 737 1.
1510 706 1586 738 Cor.
1611 708 1641 738 4.
1667 710 1731 745 [vs.
1755 708 1798 747 4.]
1822 706 1909 738 Nihil
1932 707 2007 738 mihi
2032 718 2106 738 con—

1132 750 1221 780 scius
1247 760 1329 787 sum,
1354 750 1413 780 sed
1436 750 1467 781 in
1490 750 1554 780 hoc
1578 760 1643 780 non
1667 750 1862 788 iustificatus
1886 760 1968 781 sum.
1999 749 2106 780 Docet

1133 802 1215 832 opus
1251 802 1327 823 esse
1361 793 1483 823 iustitia
1517 793 1624 823 bonae
1649 793 1880 830 conscientiae,
1916 792 1975 823 sed
1999 798 2106 823 tamen

1132 835 1247 875 inquit:
1272 834 1363 866 Haec
1386 836 1530 865 nondum
1554 841 1604 865 651,
1627 845 1692 872 res,
1716 841 1851 876 propter
1874 845 1971 876 quam
1984 841 2106 865 certum

1132 878 1173 907 sit
1196 887 1247 907 me
1270 876 1395 907 habere
1419 878 1643 908 remissionem
1666 883 1890 918 peccatorum,
1914 883 1946 908 et
1967 887 2019 908 me
2034 876 2107 907 Deo

1132 919 1379 950 reconciliatum
1415 930 1502 957 esse,
1538 920 1597 950 sed
1632 920 1743 961 recipit
1778 930 1829 951 me
1850 919 1943 951 Deus
1972 926 2109 961 propter

1132 961 1230 992 filium
1254 962 1467 993 Mediatorem
1490 962 1564 993 fide.
1609 961 1698 993 Psal.
1731 962 1801 993 130.
1827 966 1892 1001 [vs.
1916 962 1961 1001 3.]
1992 962 2027 994 Si
2051 963 2107 992 ini—

1131 1005 1273 1045 quitates
1297 1005 1540 1042 observaveris,
1559 1004 1711 1042 Domine,
1734 1005 1886 1043 Domine,
1912 1006 1985 1046 quis
2010 1006 2107 1036 susti-

1130 1047 1240 1077 nebit?
1263 1046 1333 1077 Hac
1356 1058 1440 1078 voce
1464 1048 1615 1089 agnoscit
1637 1053 1810 1087 peccatum
1832 1049 1963 1085 adesse,
1989 1053 2020 1078 et
2041 1057 2106 1077 non

1132 1095 1299 1127 extenuat,
1334 1090 1393 1120 sed
1427 1091 1577 1131 agnoscit
1610 1095 1733 1120 tantam
1757 1100 1832 1121 esse
1855 1090 2107 1131 magnitudinem

1132 1133 1201 1162 irae
1224 1131 1297 1162 Dei.
1332 1138 1364 1163 ut
1402 1133 1557 1163 sustineri
1580 1142 1646 1163 non
1669 1138 1803 1172 posset,
1837 1133 1899 1163 nisi
1918 1132 2012 1163 Deus
2036 1142 2106 1162 eam

1131 1174 1293 1214 mitigaret
1328 1184 1387 1204 sua
1410 1175 1567 1205 immensa
1590 1175 1815 1206 misericordia
1838 1180 1972 1216 propter
1996 1173 2105 1206 filium.

1131 1216 1214 1246 Nam
1238 1215 1379 1246 humana
1402 1222 1518 1247 natura
1541 1227 1606 1247 non
1630 1223 1736 1258 potest
1761 1219 1924 1248 sustinere
1947 1218 2027 1248 iram
2044 1216 2106 1247 Dei

1133 1264 1163 1288 et
1197 1259 1302 1289 iustas
1325 1269 1463 1299 poenas,
1488 1259 1572 1290 sicut
1596 1261 1680 1291 6133)
1705 1259 1866 1291 Ezechias
1889 1258 2010 1291 fatetur
2034 1259 2105 1297 [les.

1132 1300 1185 1337 38,
1222 1301 1300 1339 13.]:
1346 1301 1438 1333 Sicut
1473 1301 1541 1332 Leo
1585 1303 1733 1333 contrivit
1771 1303 1875 1333 omnia
1912 1312 1990 1333 ossa
2025 1312 2105 1332 mea.

1132 1343 1172 1373 Et
1198 1343 1264 1374 lob.
1289 1344 1320 1374 9.
1346 1347 1409 1382 [vs.
1437 1344 1498 1383 134
1524 1344 1629 1381 Deus,
1655 1345 1747 1376 cuius
1771 1346 1840 1376 irae
1864 1355 1958 1376 nemo
1978 1345 2106 1376 resiste-

1132 1396 1168 1416 re
1190 1392 1310 1427 potest.

1218 1429 1411 1469 Quanquam
1434 1430 1532 1471 igitur
1554 1431 1670 1462 adsunt
1696 1436 1850 1471 peccata,
1879 1437 1910 1462 et
1933 1431 1976 1472 pii
1998 1429 2106 1471 aliquo

1132 1472 1228 1501 modo
1265 1478 1449 1512 agnoscunt
1484 1473 1582 1510 iram,
1619 1479 1726 1504 tamen
1754 1474 1893 1505 credunt
1917 1483 1953 1504 se
1975 1473 2109 1514 placere

1131 1513 1204 1543 Deo
1228 1520 1363 1554 propter
1385 1516 1579 1555 promissam
1614 1516 1889 1554 misericordiam,
1924 1522 1956 1547 et
1978 1516 2041 1546 hac
2071 1526 2108 1547 se

1133 1556 1362 1588 consolatione
1393 1563 1594 1595 sustentant,
1629 1559 1716 1589 sicut
1738 1559 1822 1590 idem
1844 1557 1996 1590 Psalmus
2021 1558 2108 1596 [129.

1138 1599 1161 1628 l.
1185 1598 1215 1628 5.
1240 1599 1284 1638 7.]
1310 1600 1400 1630 dicit:
1437 1600 1595 1631 Sustinuit
1618 1601 1725 1632 anima
1748 1611 1819 1633 mea
1839 1602 1871 1632 in
1894 1602 1997 1632 verbo
2023 1601 2108 1637 eius3

1132 1641 1281 1681 Speravit
1306 1643 1410 1672 anima
1434 1653 1507 1673 mea
1530 1643 1560 1673 in
1574 1643 1736 1680 Domino;
1760 1644 1921 1679 Quoniam
1940 1644 2028 1684 apud
2039 1643 2107 1674 Do-

1130 1685 1249 1714 minum
1285 1685 1506 1716 misericordia
1541 1691 1602 1716 est.
1648 1685 1736 1717 Psal.
1772 1686 1823 1717 32.
1854 1690 1917 1725 [vs.
1941 1687 1985 1724 5.]
2019 1685 2108 1724 Dixi,

1132 1726 1315 1757 confitebor
1337 1728 1512 1758 adversum
1543 1738 1593 1758 me
1616 1729 1802 1760 iniustitiam
1826 1739 1931 1760 meam
1953 1728 2107 1768 Domino,

1132 1774 1163 1799 et.
1186 1775 1219 1799 tu
1244 1769 1395 1800 remisisti
1416 1771 1612 1810 impietatem
1631 1772 1759 1811 peccati
1772 1774 1850 1808 mei3
1873 1772 1938 1802 Pro
1950 1771 2015 1803 hoc
2036 1781 2108 1802 ora—

1132 1812 1176 1841 bit
1200 1812 1239 1841 311
1264 1817 1295 1842 te
1319 1814 1423 1843 omnis
1449 1812 1601 1844 Sanctus.
1649 1814 1746 1845 Clare
1770 1815 1865 1852 dicit,
1889 1814 2030 1846 sanctos
2053 1825 2107 1855 pe·

1131 1860 1200 1884 tere
1234 1855 1459 1886 remissionem
1492 1862 1714 1896 peccatorum.
1770 1857 1875 1888 Exod.
1899 1857 1950 1888 34.
1977 1860 2039 1894 [vs.
2064 1857 2106 1894 7.]

1132 1895 1249 1926 Coram
1275 1903 1306 1927 te
1329 1898 1487 1929 innocens
1507 1909 1573 1929 non
1597 1904 1646 1929 est
1665 1900 1834 1938 innocens,
1858 1900 1889 1930 id
1914 1906 1975 1938 est,
1998 1901 2105 1930 etiam-

1132 1939 1158 1968 si
1183 1940 1257 1980 quis
1282 1939 1423 1971 humano
1447 1941 1564 1971 indicio
1590 1942 1681 1983 argui
1705 1952 1770 1973 non
1793 1948 1919 1983 potest,
1944 1949 2050 1973 tamen
2074 1948 2107 1973 tu

1131 1987 1225 2021 potes
1260 1992 1332 2013 eum
1366 1993 1537 2014 accusare.
1594 1983 1680 2015 Dan.
1715 1984 1745 2014 9.
1771 1988 1854 2023 [vss.
1879 1985 1908 2016 7.
1932 1984 1977 2024 9.]
2024 1984 2107 2021 Tibi,

1131 2023 1281 2063 Domine,
1305 2026 1435 2063 iustitia,
1459 2027 1554 2057 nobis
1577 2032 1685 2058 autem
1699 2026 1860 2065 confusio,
1878 2028 1910 2058 id
1929 2033 1991 2065 est,
2005 2037 2106 2069 agno-

1132 2067 1252 2098 scimus
1287 2074 1318 2098 te
1340 2069 1461 2099 iustum
1495 2079 1583 2107 esse,
1615 2080 1654 2100 ac
1679 2080 1741 2101 nos
1765 2071 1849 2101 iuste
1870 2070 1994 2111 puniri:
2039 2069 2107 2101 Tua

1132 2116 1181 2139 est
1205 2116 1323 2147 autem,
1347 2110 1488 2142 Domine
1501 2111 1593 2142 Deus
1617 2118 1738 2150 noster,
1762 2113 1996 2145 misericordia.
2029 2112 2104 2143 Pre-

1133 2162 1244 2182 camur
1278 2163 1358 2194 ergo
1393 2164 1458 2184 non
1492 2160 1627 2194 propter
1661 2155 1813 2186 iustitiam
1847 2162 2012 2194 nostram,
2046 2156 2105 2186 sed

1131 2201 1264 2235 propter
1298 2196 1524 2227 miserationes
1549 2203 1622 2228 tuas
1647 2196 1783 2236 multas,
1807 2198 1923 2228 exaudi
1946 2208 2008 2228 nos
2032 2209 2105 2239 pro-

1132 2243 1205 2277 pter
1238 2237 1429 2277 Dominum,
1470 2239 1501 2269 id
1543 2245 1609 2277 est,
1649 2240 1846 2280 promissum
1879 2240 2103 2272 Mediatorem.

1131 2279 1192 2310 llio
1226 2279 1319 2311 locus
1354 2280 1481 2312 illustre
1504 2283 1721 2313 testimonium
1747 2289 1796 2313 est
1820 2293 2003 2314 consensus
2028 2282 2105 2314 Pro-

1131 2321 1250 2363 phetici
1286 2323 1534 2364 etApostolici.
1582 2324 1723 2356 Prorsus
1747 2326 1831 2357 idem
1855 2326 1952 2357 docet
1975 2325 2104 2357 Daniel.

1129 2460 1174 2488 82)
1194 2460 1350 2492 excruciant]
1372 2462 1412 2486 Ed.
1435 2463 1454 2486 1.
1475 2463 1599 2488 excruciat

1128 2512 1174 2538 83)
1194 2514 1217 2569 et
1237 2512 1317 2569 (zbesg
1333 2511 1367 2536 ab
1383 2512 1457 2570 ¹Edi'tt.
1482 2514 1600 2538 15--18.
1620 2516 1652 2539 ⁴20
1667 2529 1690 2532 -
1709 2517 1748 2540 22.
1767 2517 1806 2540 24.
1829 2517 1866 2540 25,
1887 2517 2002 2543 28-34..
2030 2516 2100 2545 forr»

1214 2559 1280 2569 —t..
1321 2552 1360 2576 pp.
1397 2564 1401 2568 .
1424 2553 1445 2571 ·,.

1901 2585 1931 2607 49
