2358 2933
262 113 326 145 299
888 113 998 143 Piiu..
1021 112 1124 144 MEL.
1148 112 1332 145 SCRiPTA
1355 114 1627 146 DOGMATlCA.
2190 117 2255 150 3⁰0

415 204 673 235 EcoiitrnNemo
693 212 801 243 potest
821 206 995 235 ostendere
1007 215 1127 244 pueros
1141 212 1231 236 extra
1285 207 1402 237 iudicat
1438 217 1560 247 pueros
1590 208 1785 238 inserendos
1817 218 1894 239 esse
1929 207 2100 240 ecclesiae.

417 246 589 277 ecclesiam
618 245 729 276 salvos
755 247 834 276 tieri.
851 249 891 285 Ι(5)
938 248 1048 281 Quare
1077 248 1232 278 minorem
1285 248 1364 279 ltem
1379 248 1531 280 Ecclesia
1554 250 1614 279 scit
1639 260 1676 279 se
1697 246 1822 280 habere
1843 251 2029 282 mandatum
2052 261 2100 282 re-

415 290 495 318 sinis
542 289 664 318 tirimim
709 298 784 318 esse
832 289 1026 325 sentiamus,
1079 290 1233 330 Sequitur
1284 291 1430 321 mittendi
1455 298 1602 330 peccata,
1626 297 1657 322 et
1677 292 1738 322 scit
1759 293 1854 322 deum
1874 294 1919 322 ita
1937 294 2100 324 remittere

415 331 512 371 igitur
536 329 715 359 conclusio.
762 330 888 360 l'ucros
909 332 1121 370 baptizandos
1144 341 1231 369 esse,
1285 339 1421 371 peccata
1446 335 1472 363 si
1501 334 1640 364 remittat
1664 332 1823 370 ecclesia,
1847 344 1948 374 quare
1970 342 2002 365 et
2024 345 2100 375 pue-

415 381 446 403 ut
469 380 604 411 :ii-cepio
628 373 722 411 signo
743 373 886 403 membra
906 374 981 402 liant
1003 372 1176 410 ecclesiae,
1200 381 1229 403 et
1284 375 1330 404 ris
1362 376 1498 415 impertit
1528 376 1754 406 remissionem
1781 381 2002 416 peccatorum.
2047 377 2100 407 Ad

414 415 493 443 deus
515 414 763 452 promissionem
782 424 874 445 suam
893 416 940 445 eis
958 416 1128 455 impertiat.
1159 415 1230 446 llnc
1284 416 1367 447 liaec
1389 417 1486 447 habet
1512 417 1653 448 ecelesia
1676 417 1861 458 exemplum
1880 420 2099 449 circumcisio-

412 463 636 495 argnmentnm
672 457 820 486 existimo
862 458 955 487 bonis
990 465 1019 487 et
1055 458 1231 488 moderatis
1283 460 1344 488 nis.
1390 460 1425 489 Si
1455 458 1631 490 infantibus
1655 465 1731 490 tiuic
1754 469 1838 499 opus
1862 459 1920 490 suit
1946 461 2042 500 signo
2064 467 2098 490 ut

412 497 615 527 satisfaire-re.
1256 515 1258 518 >
1283 502 1507 531 insererentur
1530 501 1706 534 ecclesiae.
1737 504 1835 541 ergo'
1860 511 1947 532 nunc
1969 512 2099 542 quoque
2137 506 2176 533 45,
2195 511 2217 529 a.

457 539 526 569 lluc
563 541 701 579 pertinet
739 541 834 571 etiam
870 542 958 581 quod
993 540 1145 571 Christus
1187 543 1229 571 ita
1283 543 1378 581 signo
1413 552 1496 582 opus
1531 551 1591 573 est.
1648 543 1731 573 Nam
1766 550 1937 584 utrumque
1970 545 2099 584 signum

411 583 604 621 pronunciat
625 583 741 614 remitti
758 588 897 622 peccata
915 584 942 613 si
962 584 1101 613 remittat
1125 582 1230 613 eccle·
1284 584 1446 623 significat
1471 585 1720 623 promissionem
1745 587 1869 625 gratiae
1899 592 1933 615 ut
1963 591 2100 616 testatur

411 624 470 653 sia.
529 623 616 654 liixta
651 623 740 654 illud.
772 625 917 658 Quorum
952 626 1139 655 remiseritis
1168 632 1228 655 etv.
1256 636 1257 660 j
1282 625 1416 656 Paulus.
1451 626 1519 656 llae
1537 629 1680 657 rationes
1700 634 1849 667 sumptae
1866 634 1943 658 sunt
1961 638 2002 658 ex
2019 628 2098 658 scri-

410 664 499 706 Ergo
525 673 553 695 et
576 665 751 696 infantibus
771 667 814 696 ita
835 668 997 696 constabit
1018 668 1135 696 remitti
1154 677 1230 705 pec·
1282 669 1397 707 pturis,
1436 678 1537 707 quare
1561 667 1702 699 ecclesia
1726 679 1790 698 non
1816 670 1949 700 instituit
1977 670 2098 709 baptis-

412 715 519 738 catum
544 719 616 738 cuni
640 706 781 738 ecclesia
806 709 946 738 remittit.
985 709 1051 738 Sed
1075 709 1228 738 obiiciunt
1256 706 1257 710 ¹
1282 720 1367 739 mum
1381 719 1554 749 puerorum
1568 715 1706 741 numana
1720 713 1906 747 autoritate,
1929 712 1988 741 sed
2006 721 2098 742 usur-

410 751 591 781 adversarii
626 751 762 790 primuni
793 750 833 779 de
865 750 936 779 lide.
989 749 1132 780 Infantes
1164 760 1228 779 non
1282 758 1334 789 pat
1370 757 1507 791 propter
1536 753 1743 783 autoritatem
1772 754 2006 793 scripturarum
2063 753 2098 784 Si

410 791 591 833 intelligunt
616 794 762 821 verbum.
786 802 850 821 non
876 792 1010 821 credunt
1036 793 1144 831 igitur.
1162 791 1228 822 De-
1281 792 1364 822 haec
1392 793 1566 832 responsio
1597 803 1661 823 non
1695 794 1855 825 satisfacit
1885 796 2098 832 adversariis,

410 834 485 864 inde
513 835 712 864 contendunt
744 832 821 862 nihil
847 834 1009 873 prodesse
1034 835 1081 864 eis
1110 834 1228 864 Sacra-
1254 854 1255 858 ,
1281 835 1521 875 interrogemus
1545 840 1577 864 et
1599 836 1690 875 ipsos
1714 837 1873 873 vicissim,
1896 848 1960 877 qua
1978 838 2098 867 autori-

410 883 567 906 mentum.
604 877 678 915 quia
711 876 927 906 Sacramenta
961 876 1031 905 sine
1066 876 1129 905 tide
1163 885 1228 906 non
1254 874 1255 902 ἶ
1282 883 1349 906 tate
1371 877 1433 916 ipsi
1458 877 1642 916 improbent
1660 877 1881 908 universalem
1900 888 2098 909 consensum

411 925 559 957 prosunt.
592 917 674 948 lluic
693 923 886 958 argumento
907 918 1043 956 primum
1063 927 1228 957 opponen-
1281 917 1461 955 ecclesiae,
1491 925 1521 948 et
1552 925 1661 949 utrum
1692 921 1834 950 sentiant
1858 930 1980 959 pueros
2005 926 2099 950 extra

410 961 485 990 dum
514 966 563 989 est
607 959 790 1000 exemplum
829 958 985 989 infantum
1017 960 1228 989 circumciso·
1254 959 1255 979 ἶ
1281 959 1454 990 eeclesiam
1478 959 1592 990 salvos
1612 961 1691 991 fieri.
1723 961 1794 991 Nos
1818 961 1976 992 habemus
2001 972 2098 1003 gene-

291 1012 370 1037 44.b.
410 1013 490 1032 rum.
523 1003 576 1042 qui
605 1003 701 1032 eiiam
731 1012 796 1032 non
826 1000 1056 1042 iii‘tellegibant
1081 1003 1228 1038 verbum,
1254 1006 1255 1016 ¹
1279 1001 1350 1032 rale
1379 1003 1565 1033 mandatum
1589 1002 1768 1040 ecelesiae,
1799 1003 1958 1034 habemus
1982 1004 2099 1034 deinde

410 1052 550 1074 ettamen
582 1043 711 1074 *alebat
746 1051 877 1084 pactum
906 1051 935 1074 et
960 1044 1135 1084 placebant
1166 1044 1226 1083 ipsi
1254 1040 1255 1063 ἕ
1280 1045 1476 1085 gravissima
1495 1051 1687 1085 argumenta
1707 1056 1748 1075 ex
1767 1046 1940 1085 scripturis
1959 1050 2099 1085 sumpta,

409 1086 469 1116 deo
494 1094 628 1126 propter
647 1093 788 1126 pactum.
823 1086 999 1116 Praeterea
1018 1087 1227 1116 etiamsinon
1252 1121 1253 1124 Ἴ
1280 1087 1369 1127 quod
1402 1085 1483 1117 illud
1516 1086 1670 1127 generale
1708 1088 1894 1118 mandatum
1927 1088 2024 1117 etiam
2056 1087 2099 1117 ad

408 1126 590 1168 intelligant
612 1130 758 1165 verbum,
778 1135 885 1159 tamen
905 1138 945 1158 ex
963 1129 1135 1168 superiore
1153 1138 1227 1167 pro·
1252 1131 1254 1133 ’
1279 1138 1401 1169 pueros
1431 1129 1602 1167 pertineat.
1653 1129 1736 1159 Nam
1763 1128 1979 1169 Evaiigelium
2009 1134 2099 1159 certe

408 1171 572 1209 positione
601 1169 695 1201 fateri
720 1180 860 1201 necesse
890 1177 938 1200 est
968 1171 1056 1211 quod
1079 1171 1161 1201 deus
1186 1171 1227 1200 sit
1279 1171 1321 1201 ad
1344 1180 1465 1210 pueros
1489 1172 1639 1211 pertinet.
1674 1170 1765 1201 Haec
1784 1172 1845 1211 piis
1870 1176 1902 1201 et,
1919 1171 2098 1201 moderatis

406 1213 437 1242 iii
463 1213 510 1242 eis
533 1210 651 1243 efficax
674 1213 758 1243 Nam
782 1224 855 1243 cum
880 1219 1003 1243 certum
1023 1214 1063 1243 sit
1088 1211 1227 1243 salutem
1280 1211 1499 1250 satisfaciunt,
1522 1213 1715 1253 praesertim
1733 1223 1806 1243 cum
1822 1214 2004 1243 adversarii
2021 1221 2098 1243 con-

407 1261 437 1284 et
458 1264 594 1295 regumn
614 1255 664 1284 dei
685 1255 726 1284 ail
744 1254 886 1285 infantes
906 1256 1081 1295 pertinere,
1103 1261 1228 1285 certum
1279 1261 1407 1285 tration
1425 1256 1555 1294 possint
1575 1255 1694 1285 afferre
1716 1255 1911 1294 scripturam
1934 1265 2019 1295 quae
2040 1255 2097 1284 im-

407 1303 455 1327 est
477 1298 572 1327 etiam
593 1298 688 1327 deum
707 1298 738 1327 in
759 1298 806 1327 eis
826 1296 996 1328 efficacem
1015 1307 1103 1335 esse,
1134 1297 1227 1327 quta
1278 1298 1395 1337 probet
1419 1298 1613 1336 baptismum
1631 1297 1800 1334 infantum,
1823 1298 1883 1327 sed
1906 1302 2030 1327 tantum
2052 1294 2098 1326 as-

407 1342 496 1375 illud.
532 1341 602 1372 Nisi
628 1341 700 1381 quis
724 1346 858 1370 renatus
884 1345 945 1370 ete.
986 1340 1056 1370 Nec
1078 1345 1227 1369 nostrum
1279 1338 1387 1369 ferant
1416 1339 1655 1370 infirmissimas
1684 1340 1856 1378 opiniones
1886 1344 1980 1370 natas
2010 1338 2098 1378 apud

408 1393 459 1416 est
493 1384 633 1415 scrutari
666 1382 831 1424 quomodo
872 1382 952 1412 deus
991 1385 1022 1413 in
1057 1382 1104 1411 eis
1138 1387 1226 1422 agat.
1279 1383 1371 1421 ipsos
1390 1382 1461 1411 sine
1479 1382 1653 1412 autoritate
1672 1382 1856 1421 scripturae
1875 1388 1905 1411 et
1925 1380 2096 1412 ecclesiae.

408 1427 489 1459 lllud
513 1437 574 1458 nos
598 1434 710 1457 tenere
732 1426 814 1455 satis
834 1430 895 1461 est,
919 1425 1006 1465 quod
1030 1430 1154 1454 certinri
1178 1428 1227 1453 est
1279 1424 1448 1454 Addamus
1477 1429 1507 1453 et
1536 1423 1593 1454 3⁸lm
1612 1429 1838 1465 argumentinn
1865 1423 2098 1463 Anabaptista·

409 1469 547 1501 salutem
572 1470 613 1499 ad
637 1467 777 1499 infantes
800 1467 981 1507 pertinere,
1009 1466 1096 1496 unde
1120 1466 1228 1506 sequi·
1280 1476 1361 1503 rum,
1385 1466 1446 1496 etsi
1470 1465 1576 1496 levius
1601 1473 1651 1495 est
1675 1475 1771 1506 quam
1794 1471 1828 1496 ut
1850 1467 1991 1496 recitare
2014 1473 2097 1504 opus

408 1520 459 1544 tur
488 1513 582 1542 deum
607 1512 640 1541 iu
663 1512 711 1541 eis
737 1509 905 1541 efficacem
929 1519 1016 1539 esse.
1062 1508 1227 1539 obiiciunt
1281 1509 1332 1538 sit.
1366 1508 1556 1548 Baptismus
1575 1513 1625 1538 est
1644 1514 1775 1547 pactum
1793 1517 1857 1548 quo
1881 1507 2098 1547 promittimus

409 1562 438 1587 et
458 1554 546 1585 aliud
570 1560 805 1594 argumentum.
849 1550 1005 1582 Ecclesia
1027 1550 1107 1580 nihil
1131 1551 1227 1581 debet
1279 1551 1563 1580 mortificationem
1599 1550 1718 1580 carnis-
1775 1548 1920 1580 Infantes
1953 1548 2098 1578 nondum

410 1600 579 1631 instituere
601 1605 755 1638 tanquam
777 1595 1002 1625 necessarium
1025 1593 1067 1623 ad
1089 1592 1228 1623 salutem
1279 1592 1344 1622 hoe
1377 1592 1563 1633 intelligunt
1597 1597 1652 1622 aut
1685 1597 1870 1631 praestant,
1912 1601 1993 1633 ergo
2030 1600 2098 1620 non

411 1644 481 1672 sine
504 1650 663 1681 expresso
687 1638 840 1669 mandato
868 1637 929 1667 dei.
975 1635 1026 1666 De
1049 1634 1227 1665 infantibus
1281 1641 1355 1665 sunt
1380 1635 1574 1675 baptizandi.
1622 1634 1658 1664 In
1684 1633 1749 1664 hoc
1778 1638 1971 1675 argumento
2001 1631 2098 1663 valde

411 1683 613 1724 baptizandis
638 1693 702 1712 non
726 1687 814 1711 extat
836 1680 1033 1715 mandatum,
1057 1688 1137 1719 ergo
1162 1687 1228 1708 non
1280 1676 1516 1708 tumultuantur
1537 1677 1794 1716 Anabaptistae‚
1829 1676 1896 1706 Sed
1925 1676 2029 1705 maior
2057 1683 2098 1704 ex

410 1733 485 1757 sunt
510 1725 703 1765 baptizandi.
737 1724 792 1754 Ad
814 1728 916 1753 totum
935 1727 1160 1762 argumentum
1180 1730 1229 1751 re·
1282 1729 1394 1750 errore
1423 1719 1577 1750 nascitur.
1621 1718 1742 1748 Putant
1771 1719 1856 1748 enim
1884 1717 2098 1747 Sacramenta

411 1770 558 1811 spondeo
579 1769 726 1809 primum,
746 1764 951 1796 Universalis
971 1774 1158 1795 consensus
1178 1773 1230 1793 ec·
1282 1767 1404 1792 tantum
1436 1762 1531 1801 signa
1561 1770 1637 1791 esse
1664 1765 1854 1790 nostrorum
1882 1769 2015 1808 operum
2039 1763 2099 1807 aut

413 1814 534 1845 clesiae
552 1812 692 1841 oninium
711 1816 893 1850 temporum
917 1815 969 1839 est
987 1807 1172 1838 testimonio
1189 1806 1229 1843 Π)
1281 1814 1417 1834 morum.
1472 1803 1542 1833 Nec
1583 1801 1767 1843 intelligunt
1806 1812 1845 1831 ea
1876 1799 2099 1850 principaliter

412 1858 500 1900 quod
518 1856 601 1886 haec
620 1854 781 1885 ordinatio
798 1854 838 1883 sit
858 1849 1064 1891 Apostolica.
1103 1848 1231 1879 Deinde
1282 1847 1377 1886 signa
1407 1855 1482 1876 esse
1512 1844 1690 1875 voluntatis
1725 1845 1775 1874 dei
1805 1850 1835 1874 et
1869 1850 2098 1882 promissionis

412 1900 597 1941 respondeo
615 1898 657 1927 ad
668 1897 835 1926 minorem.
865 1893 1027 1934 Neganda
1046 1897 1095 1922 est
1114 1891 1230 1921 minor.
1283 1898 1363 1929 erga
1385 1897 1457 1918 nos.
1502 1887 1561 1917 Est
1586 1887 1683 1927 igitur
1705 1886 1856 1926 neganda
1878 1885 1990 1914 maior.
2035 1882 2099 1912 Ba-

413 1944 496 1974 Nam
526 1941 712 1971 mandatum
740 1944 791 1968 est
819 1933 1026 1971 universale,
1061 1933 1231 1972 Baptizate
1283 1931 1420 1971 ptismus
1449 1930 1533 1959 enim
1556 1927 1778 1969 principaliter
1800 1932 1849 1957 est
1871 1932 2001 1966 pactum
2025 1934 2098 1966 gra-

415 1994 527 2016 omnes
548 1989 676 2018 ventes,
694 1981 783 2021 Ergo
804 1985 836 2009 et
853 1987 975 2018 pueros
995 1974 1231 2015 complectitur.
1284 1974 1347 2003 tiae
1381 1982 1440 2002 seu
1485 1971 1714 2011 promissionis
1748 1970 1876 2000 divinae
1912 1978 1991 2009 erga
2023 1976 2099 2003 nos,

414 2027 453 2058 Et
473 2009 568 2056 huin}
588 2022 865 2063 interpretationis
884 2020 980 2050 habet
995 2018 1137 2049 ecclesia
1152 2017 1232 2057 opti·
1284 2025 1347 2055 qua
1374 2014 1471 2044 nobis
1494 2014 1623 2043 remittit
1646 2018 1794 2051 peecata.
1840 2010 1969 2059 Habent
1989 2014 2099 2059 autem

414 2080 486 2101 mas
512 2075 541 2098 et
567 2067 781 2107 gravissimas
799 2065 954 2093 rationes.
990 2061 1132 2091 Primum
1148 2059 1232 2089 enim
1285 2067 1368 2096 opus
1397 2054 1538 2086 infantes
1567 2055 1763 2085 remissione
1792 2058 1920 2093 peccati
1949 2060 2098 2101 originis,

417 2113 478 2142 scit
503 2109 647 2141 ecclesia
671 2107 920 2148 promissionem
944 2101 1113 2143 Evangelii
1137 2102 1232 2131 etiam
1285 2100 1324 2130 de
1347 2110 1412 2139 quo
1435 2108 1534 2137 supra
1557 2098 1637 2127 satis
1660 2097 1780 2126 dictum
1803 2102 1863 2144 est:
1908 2094 1949 2124 Et
1972 2104 2005 2123 in
2026 2102 2100 2132 ipsa

416 2155 457 2185 ad
491 2162 612 2192 pueros
646 2151 819 2191 pertinere.
864 2147 954 2187 Ergo
988 2152 1079 2176 recte
1113 2144 1233 2174 iudicat
1286 2141 1471 2172 ceremonia
1500 2140 1626 2170 dicitur.
1672 2138 1744 2179 Ego
1772 2139 1904 2187 baptizo
1937 2142 2000 2186 etc.
2034 2135 2099 2165 hoc

418 2197 546 2226 siwnum
559 2192 730 2224 Evan‘relii
745 2192 841 2221 etiam
860 2190 901 2220 ad
920 2199 1041 2229 pueros
1060 2187 1232 2228 pert-inere.
1285 2189 1346 2221 est,
1369 2183 1458 2224 quod
1472 2183 1530 2215 ¹⁹)1'
1554 2182 1600 2212 sis
1619 2180 1705 2211 filius
1730 2181 1792 2217 (lei,
1811 2179 1899 2220 quod
1917 2188 1964 2208 Sis
1981 2186 2097 2227 recon-
2133 2186 2175 2216 45,
2190 2185 2215 2210 b.

418 2221 506 2268 Itgm.
531 2237 600 2266 Scit
632 2217 771 2265 sfflutem
797 2233 839 2263 ad
866 2241 986 2271 pueros
1016 2231 1069 2271 qui
1098 2235 1171 2259 sunt
1201 2230 1234 2258 in
1286 2225 1413 2256 ciliatus
1442 2224 1487 2255 illi
1518 2225 1578 2254 deo
1609 2224 1662 2264 qui
1691 2228 1741 2253 est
1769 2229 1863 2272 pater
1891 2226 1921 2250 et
1951 2219 2099 2268 filius.et

420 2279 561 2311 ecclesia
578 2278 750 2318 pertinere,
770 2282 803 2305 ut
819 2274 1050 2315 supradictum
1065 2273 1119 2313 l0).
1143 2271 1233 2311 Ergo
1286 2269 1417 2309 spiritus
1441 2273 1586 2298 sanctus.
1631 2266 1705 2295 Non
1734 2265 1850 2295 dicitur
1872 2262 1944 2303 Ego
1969 2263 2098 2302 baptizo

1285 2321 1336 2341 iiie
1359 2310 1445 2351 quod
1467 2318 1576 2339 mores
1599 2308 1662 2338 mei
1684 2308 1749 2337 sint
1772 2305 1854 2337 tales
1878 2311 1939 2335 etc.

269 2377 312 2407 16)
339 2376 402 2401 sicut
432 2374 558 2398 testantur
588 2371 704 2400 exempla
734 2376 767 2386 ·-
796 2368 880 2393 salvos
911 2366 1069 2405 fierildiaec
1102 2366 1127 2389 in
1158 2364 1232 2402 ῐ-Ξᾱίῐῐἶ

336 2409 430 2434 omissa
449 2410 507 2432 sunt
538 2407 634 2435 (nonne
658 2405 689 2428 ob
708 2402 929 2428 homoeoteleuton
953 2405 1062 2430 primum
1087 2399 1234 2429 typographi

337 2448 436 2467 errore.
454 2444 543 2471 postea
564 2443 589 2464 et
607 2446 621 2463 a
639 2438 797 2463 Melanthone
816 2434 1027 2466 praetermissam

270 2493 313 2522 17)
337 2491 492 2520 testimonio]
511 2490 594 2514 Editm
614 2489 784 2513 testimonium

271 2544 315 2572 18)
339 2546 366 2567 ut
384 2547 460 2571 supra
479 2540 590 2570 dictum]
609 2540 671 2563 haec
690 2539 713 2562 in
731 2537 803 2562 Editt.
823 2538 882 2562 sunt
900 2535 1003 2560 omissa.

1288 2497 1332 2527 19)
1357 2495 1434 2526 quod]
1453 2494 1540 2519 Editt:
1558 2495 1639 2518 testor
1656 2491 1722 2522 quod
1742 2490 1818 2520 (illud
1836 2491 1928 2514 testor
1945 2489 1970 2514 in
1986 2489 2031 2513 bis.
2048 2489 2146 2512 tantum
2164 2490 2251 2512 errore

1355 2529 1487 2554 scribentis
1506 2528 1628 2552 omissum
1647 2532 1705 2550 esse
1724 2524 1846 2553 videtur).
