2358 2933
96 154 156 187 177

252 246 307 275 dit.
342 243 457 282 Neque
469 250 549 271 vero
560 239 718 270 historiae
731 241 770 270 de
779 238 912 269 Christo
926 239 1073 275 credere,

250 287 284 316 id
296 290 359 322 est,
372 283 460 324 quod
469 288 584 323 putant
598 283 696 322 impii,
709 282 770 312 sed
784 282 921 311 credere
935 291 992 311 cur
1006 291 1076 310 car-

252 338 326 358 nem
342 326 479 357 induerit
500 335 559 355 cur
572 325 748 355 crucifixus
763 325 816 360 sit,
831 334 888 354 cur
901 329 976 363 post
991 333 1075 353 mor-

162 373 192 391 ²⁰
253 376 318 400 tem
336 370 368 399 in
386 370 487 398 vitam
501 368 643 397 redierit.
668 375 802 406 nempe,
820 371 856 396 ut
869 365 1075 400 iustificaret,

252 416 412 452 quotquot
425 410 579 440 credituri
591 410 651 439 sibi
665 414 785 439 essent.
805 407 895 438 Haec
907 413 941 437 tu
954 408 981 437 si
1005 417 1075 437 cre-

252 454 314 490 dis,
337 459 394 484 tuo
417 454 517 489 bone,
540 453 585 482 tui
597 451 751 481 servandi
763 451 868 490 gratia
880 455 975 489 gesta
988 459 1075 485 esse,

251 494 414 526 foeliciter
438 495 557 525 credis.
608 493 747 523 Praeter
777 492 935 522 eiusmodi
965 491 1073 527 fidem,

251 537 360 575 fucus,
383 537 597 573 mendacium,
615 534 721 565 falsae
736 535 882 565 insaniae
895 540 970 565 sunt
983 534 1074 574 quid-

253 580 331 620 quid
355 585 475 610 vocant
498 578 603 608 fidem.
616 576 620 595 ¹

133 675 207 699 90a

116 693 227 738 (47’b')
294 671 476 712 Ecquid-⁵⁴)
511 672 543 701 in
573 680 693 700 caussa
723 676 772 700 est
804 680 862 701 cur
900 668 963 699 soli
999 668 1075 699 fidei

252 714 413 744 tribuatur
425 712 633 743 iustificatio?
676 712 888 752 Respondeo,
912 722 986 741 cum
1002 710 1076 741 sola

251 755 479 785 misericordia
502 754 552 785 dei
570 754 793 791 iustificemur,
816 754 965 794 fidesque
976 752 1075 793 plane

259 798 301 827 sit
322 797 568 827 misericordiae
591 798 746 837 cognitio,
771 795 991 837 qualicunque
1001 805 1075 835 pro-

171 861 184 878 ὃ
258 840 425 869 mis¹sione
450 849 520 869 eam
534 838 767 879 prehenderis‚
791 838 853 869 soli
867 839 942 869 fidei
964 838 1076 868 tribui-

255 888 309 912 tur
331 881 531 912 iustificatio.
577 881 639 915 Qui
668 882 826 911 miranttu·
850 891 909 911 cur
927 879 990 911 soli
1003 879 1077 910 fidei

253 923 440 954 iustificatio
464 925 643 960 tribuatur,
676 924 697 953 ii
720 925 877 954 mirentur
901 924 998 953 etiam
1021 932 1078 952 cur

258 966 504 997 misericordiae
528 967 579 996 dei
602 971 737 1002 tantum,
761 975 799 995 ac
819 976 883 995 non
897 964 1078 1005 potiushu-

254 1009 358 1038 manis
375 1009 498 1038 meritis
512 1007 697 1039 iustificatio
711 1008 882 1038 tribuatur.
912 1006 973 1037 Est
986 1007 1076 1037 enim·

171 1060 198 1078 ιο
255 1050 409 1087 credere,
437 1049 529 1080 nullo
557 1049 699 1080 ullorum
725 1059 860 1089 operum
890 1055 1079 1079 nostrorum

254 1098 421 1132 respectu,
445 1091 547 1122 fidere
571 1092 679 1122 divina
702 1092 936 1121 misericordia.
978 1091 1078 1121 Mise-

257 1134 418 1164 ricordiae
442 1134 493 1165 dei
516 1135 651 1165 iniurius
675 1140 737 1171 est,
757 1134 811 1174 qui
828 1133 892 1163 fide
910 1132 1078 1163 iustificari

257 1182 391 1206 sanctos
414 1182 525 1217 negat.
570 1176 653 1207 Nam
677 1186 750 1206 cum
772 1175 959 1206 iustificatio
973 1176 1077 1205 nostri

257 1218 360 1249 solius
387 1219 515 1249 divinae
546 1218 790 1249 misericordiae
815 1228 899 1258 opus
922 1219 980 1255 sit,
1004 1227 1076 1247 non·

163 1280 191 1298 15
256 1270 392 1301 operum
403 1267 590 1292 nostrorum
602 1262 763 1297 meritum,
783 1261 873 1291 Sicut
892 1266 1005 1301 aperte
1021 1260 1078 1289 do-

256 1309 309 1333 cet
341 1304 384 1333 ad
405 1303 574 1334 Romanos
596 1303 652 1334 XI.
687 1302 827 1340 Paulus,
857 1312 998 1333 necesse
1028 1308 1078 1332 est

254 1351 290 1376 ut
319 1345 506 1377 iustificatio
537 1345 600 1377 soli
632 1346 708 1376 fidei
737 1347 913 1383 tribuatur,
948 1355 1077 1385 nempe,

255 1397 321 1428 qua
359 1387 434 1459 slola
466 1390 662 1429 promissam
691 1388 949 1419 misericordiam
989 1389 1077 1418 acci-

254 1440 370 1470 pimus.

167 1524 197 1542 2⁰
294 1522 379 1557 Quid
402 1524 499 1564 igitur
522 1523 643 1564 opera?
666 1533 750 1564 quae
762 1524 964 1564 praecedunt
986 1523 1076 1554 iusti—

254 1564 457 1604 ficationem,
484 1566 579 1597 liberi
606 1567 730 1597 arbitrii
761 1576 879 1606 opera,
911 1576 950 1596 ea
969 1566 1077 1596 omnia

253 1606 447 1638 maledictae
471 1609 617 1643 arboris,
645 1607 810 1639 maledicti
838 1607 965 1639 fructus
989 1614 1075 1638 sunt.

258 1655 289 1679 et
302 1656 337 1679 ut
348 1649 643 1689 pulcherrimarum
654 1651 809 1681 virtutum
829 1649 981 1691 exempla
990 1648 1075 1686 sint.¹

261 1690 376 1731 quales
401 1699 493 1723 erant
517 1698 593 1723 ante
618 1694 867 1723 conversionem
880 1691 975 1723 Pauli
986 1693 1077 1722 iusti-

255 1735 338 1772 tiae,
372 1740 500 1772 tamen,
539 1733 620 1765 nihil
653 1735 715 1765 nisi
749 1733 845 1765 sucus
880 1741 911 1765 et
946 1735 1079 1765 menda-

258 1777 343 1806 cium
363 1783 449 1815 sunt,
468 1777 557 1817 quod
580 1787 620 1807 ex
649 1777 775 1817 impuro
814 1777 914 1807 corde
949 1776 1080 1817 profici-

257 1824 402 1850 scantur.
428 1819 545 1850 Cordis
558 1820 739 1860 impuritas,
762 1820 949 1860 ignorantia
960 1820 1006 1860 ⁵⁵)
1028 1819 1081 1849 dei

169 1870 183 1888 ὁ
257 1867 318 1898 est,
341 1871 408 1892 non
431 1863 556 1896 timelre
581 1862 686 1899 deum,
709 1872 776 1892 non
795 1861 896 1892 fidere
916 1862 990 1899 deo,
1014 1871 1081 1891 non

256 1905 424 1944 requirere
444 1905 552 1942 deum,
574 1911 609 1935 ut
633 1914 734 1945 supra
756 1905 950 1936 monuimus
992 1903 1082 1934 Nihil

256 1948 342 1977 enim
362 1957 441 1977 caro
465 1948 527 1978 nisi
553 1947 698 1977 carnalia
722 1949 825 1988 sapit,
850 1948 891 1978 ad
914 1946 1082 1977 Romanos

255 1988 339 2020 VIII.
366 1992 427 2027 [vs.
452 1989 508 2028 5.].
554 1988 640 2020 Caro
665 1988 808 2021 adfectat
844 2000 883 2021 ea
902 1999 986 2030 quae
1006 1994 1081 2019 sunt

258 2032 379 2063 carnis.
424 2033 464 2064 Et
492 2033 598 2073 prima
622 2032 663 2062 ad
694 2031 842 2063 Corinth.
875 2032 1080 2069 11.[vs.14.:]

169 2080 194 2099 1⁰
256 2073 416 2105 Animalis
435 2076 534 2105 homo
558 2084 623 2104 non
652 2075 792 2115 percipit
823 2079 976 2115 ea¹quae
1007 2080 1081 2105 sunt

258 2117 391 2157 spiritus
416 2118 479 2148 dei.
526 2117 607 2151 Quis
631 2118 787 2158 cognovit
805 2127 938 2147 sensum
962 2117 1083 2147 domini

258 2158 494 2201 etc.lntellig·it,
505 2160 601 2200 sapit,
611 2157 764 2197 adfectat,
776 2159 925 2201 gloriam,
935 2170 1028 2200 opes,
1036 2161 1082 2189 vi-

258 2208 312 2233 tae
318 2201 597 2243 tranquillitatem,
605 2212 643 2232 ac
651 2202 853 2243 dignitatem,
860 2208 987 2233 natura.
996 2202 1083 2237 Qua-

258 2243 302 2276 lia
309 2243 411 2276 multa
420 2243 608 2285 philosophi
616 2245 700 2275 inter
708 2245 792 2275 fines
800 2246 962 2276 bonorum
971 2255 1083 2275 nume—

170 2291 196 2309 ¹⁵
257 2286 437 2325 rant,alius
456 2286 613 2325 εὐθυμίαν,
634 2300 637 2323 1
655 2286 739 2318 alius
762 2288 950 2327 ἀναλγησίαν.
974 2287 1085 2318 Diw‘ni

261 2330 340 2361 nihil
363 2329 505 2361 adfectat
525 2335 653 2367 natura,
675 2330 707 2360 id
731 2331 819 2371 quod
842 2331 989 2371 adparet.
1014 2330 1084 2361 Nec

142 1693 183 1721 90,
202 1692 224 1716 b.

108 2524 152 2555 54)
177 2524 280 2555 Ecquid]
298 2525 341 2550 Ed.
363 2526 385 2549 7.
404 2525 433 2550 Et
451 2525 517 2555 quid.

111 2574 156 2605 55)
183 2575 336 2606 ignorantia]
355 2575 397 2600 Ed.
420 2577 442 2599 7.
463 2576 594 2604 ignoratio.

185 2632 304 2653 mmmm.
319 2632 385 2652 oren.
400 2632 450 2652 vor.
465 2632 513 2651 im.

589 149 612 178 1.
636 147 739 178 LOCI
761 146 1036 178 THEOLOGICI:
1059 148 1098 179 B.
1122 147 1262 179 PRIMA
1284 147 1440 180 EORUM
1462 145 1618 178 AETAS.

2030 143 2090 175 178

1119 240 1203 269 enim
1221 246 1364 270 terretur
1378 239 1481 269 verbo
1503 239 1565 275 dei,
1579 248 1642 268 nec
1655 237 1696 267 ad
1709 236 1939 267 confidendum

1119 282 1289 311 animatur.
1334 281 1375 311 Et
1398 281 1473 311 talis
1505 281 1634 321 quidem
1652 279 1780 310 arboris
1801 277 1939 315 fructus,

1120 324 1196 363 quid
1219 324 1282 353 nisi
1305 329 1445 363 peccata
1468 324 1566 354 sunt?

1162 381 1255 416 Quae
1283 392 1363 412 vero
1394 392 1495 422 opera
1529 381 1791 411 iustificationem
1827 389 1941 409 conse—

1120 422 1284 463 quunltur,
1309 434 1347 454 ea
1370 425 1499 454 tametsi
1523 435 1542 454 a
1565 423 1678 463 spiritu
1703 422 1754 452 dei
1778 423 1831 463 qui
1845 432 1941 452 occu·
2004 431 2034 449 20

1120 467 1208 505 pavit
1230 467 1329 496 corda
1353 465 1599 496 iustificatorum
1613 464 1876 505 proficiscuntur,
1893 470 1941 494 ta-

1120 517 1193 537 men
1214 509 1287 547 quia
1307 507 1387 537 fiunt
1411 509 1443 537 in
1467 517 1566 537 carne
1586 507 1693 537 adhuc
1710 508 1846 546 impura,
1867 511 1943 535 sunt

1121 556 1152 579 et
1175 550 1247 590 ipsa
1270 550 1444 579 immunda.
1487 549 1613 589 Coepta
1644 549 1727 578 enim
1756 547 1942 578 iustificatio

1121 598 1170 622 est
1194 602 1260 621 non
1285 598 1519 622 consummata.
1566 591 1727 621 Primitias
1744 591 1876 631 spiritus
1889 600 1942 620 ac-

1121 634 1285 674 cepiunus,
1304 634 1448 663 nonduin
1468 634 1620 663 decimas.
1652 632 1770 662 Adhuc
1790 638 1941 672 expecta·
1977 641 2017 671 91,
2036 647 2059 665 a.

1119 686 1209 713 mus,
1239 682 1273 706 ut
1285 677 1344 717 ⁵5²²¹)
1377 676 1419 705 ad
1447 675 1508 705 Ro.
1532 675 1617 705 VIII.
1647 678 1705 712 [vs.
1730 674 1795 713 ’.Ἴ-6.]
1817 675 1942 711 dicitur,
1961 684 2016 714 (43,
2044 684 2078 713 a,)

1121 729 1194 748 cum
1225 719 1345 759 gemitu
1378 719 1637 758 redemptionem
1661 718 1809 757 corporis
1828 717 1942 747 nostri.

1121 761 1264 791 Proinde
1288 761 1376 801 quod
1398 761 1430 790 in
1449 760 1500 790 his
1525 761 1621 790 etiam
1638 760 1791 799 operibus
1810 759 1943 789 immun-

1122 804 1198 833 dum
1235 804 1389 844 quiddam
1425 810 1474 833 est
1488 826 1496 840 ,
1533 801 1945 842 iustitiae'adpellationem
2013 811 2026 829 ⁵

1121 856 1187 876 non
1211 852 1386 876 merentur.
1420 852 1449 875 et
1481 855 1611 886 quaqua
1634 850 1667 874 te
1691 844 1848 881 verteris,
1874 844 1945 873 sive

1123 888 1165 917 ad
1190 898 1292 927 opera
1314 888 1547 927 praecedentia
1571 885 1849 922 iustificationem,
1874 886 1945 915 sive

1124 930 1166 959 ad
1190 940 1229 959 ea
1253 940 1336 970 quae
1350 936 1530 970 sequuntur
1543 928 1815 966 iustificationem,
1834 927 1945 958 nullus

1124 978 1240 1001 nostro
1263 973 1379 1002 merito
1398 971 1493 1002 locus
1513 978 1573 1002 est.
1593 972 1754 1012 Adeoque
1773 970 1876 1001 solius
1889 970 1946 1000 mi—

1125 1014 1323 1044 sericordiae
1354 1024 1437 1054 opus
1477 1023 1551 1044 esse
1580 1011 1855 1043 iustificatio¹ne1n
1890 1022 1946 1042 ne·
2014 1023 2039 1040 ιο

1125 1066 1221 1086 cesse
1241 1063 1302 1086 est.
1335 1056 1407 1086 Hoc
1427 1062 1477 1086 est
1501 1056 1589 1096 quod
1612 1056 1654 1085 ait
1675 1055 1798 1085 Paulus
1817 1055 1859 1085 ad
1883 1053 1947 1085 Ga-

1123 1097 1181 1128 lat.
1205 1098 1240 1129 ll.
1266 1098 1427 1136 [vs.⁶20.:]
1453 1098 1550 1133 Quod
1569 1104 1678 1128 autem
1696 1108 1783 1128 nunc
1808 1097 1883 1128 vivo
1914 1098 1947 1128 in

1126 1150 1236 1177 carne,
1256 1141 1287 1171 in
1307 1141 1371 1171 fide
1394 1140 1451 1170 filii
1485 1141 1536 1170 dei
1555 1141 1642 1177 vivo,
1666 1141 1720 1180 qui
1744 1139 1855 1170 dilexit
1883 1150 1949 1177 me,-

1126 1189 1156 1213 et
1186 1183 1318 1213 tradidit
1348 1183 1559 1224 semetipsum
1570 1184 1616 1221 56)
1656 1192 1716 1222 pro
1744 1192 1805 1213 me.
1871 1182 1947 1212 Non

1125 1231 1233 1255 autem
1257 1226 1308 1256 ait«
1320 1226 1351 1255 in
1375 1226 1456 1255 meis
1475 1226 1569 1256 bonis
1583 1225 1738 1265 operibus
1751 1234 1838 1255 nunc
1860 1224 1947 1262 vivo,

1125 1268 1184 1297 sed
1218 1267 1251 1297 in
1274 1268 1339 1298 fide
1361 1267 1613 1298 misessricordiae
1640 1267 1691 1297 dei
1709 1268 1795 1297 vivo.
1842 1266 1947 1297 Porro
2014 1278 2041 1296 15

1125 1310 1213 1351 quod
1237 1320 1276 1341 ea
1300 1320 1402 1350 opera
1425 1320 1509 1351 quae
1524 1309 1788 1340 iustificationem
1806 1319 1948 1350 sequun-

1126 1359 1189 1389 tur,
1207 1363 1269 1393 pro
1288 1353 1434 1393 peccatis
1453 1363 1519 1383 non
1532 1354 1741 1392 imputantur,
1764 1351 1846 1382 fides
1858 1350 1947 1382 facit.

1125 1394 1199 1430 Qua
1223 1395 1264 1425 de
1282 1406 1318 1425 re
1337 1394 1436 1436 paulo
1455 1401 1529 1435 post
1553 1400 1680 1435 agetur.

1167 1453 1257 1495 Ergo
1281 1464 1354 1484 cum
1377 1454 1451 1485 fidei
1465 1453 1650 1485 iustificatio
1663 1453 1825 1490 tribuitur,
1843 1453 1947 1484 mise·—

1123 1497 1286 1527 ricordiae
1316 1497 1368 1527 dei
1386 1498 1559 1533 tribuitur,
1588 1495 1738 1526 humanis
1762 1496 1947 1533 conatibus,
2011 1506 2041 1525 20

1122 1540 1278 1579 operibus
1291 1562 1300 1576 ,
1321 1540 1444 1570 meritis
1468 1540 1627 1570 adimiuu:
1672 1537 1799 1568 Initium
1812 1548 1851 1568 ac
1874 1548 1948 1578 pro-

1121 1580 1228 1612 fectus
1248 1582 1493 1613 misericordiae
1513 1583 1643 1618 dehent,
1666 1587 1700 1611 ut
1714 1581 1888 1611 universae
1901 1581 1948 1611 vi-

1123 1630 1176 1654 tae
1196 1625 1317 1654 iustitia
1340 1635 1406 1655 non
1425 1624 1489 1655 alia
1508 1625 1560 1661 sit,
1578 1623 1641 1654 nisi
1664 1623 1757 1653 fides.
1802 1623 1874 1653 Hoc
1886 1629 1948 1660 est,

1124 1677 1183 1697 cur
1213 1666 1335 1697 Christi
1365 1677 1513 1708 regnum,
1539 1666 1783 1697 misericordiae
1811 1675 1949 1706 regnum

1124 1709 1406 1749 vocet¹propheta
1450 1709 1566 1740 Esaias
1595 1707 1682 1738 XVI.
1714 1711 1778 1746 [vs-
1801 1708 1864 1746 5.:]
1906 1707 1947 1738 Et
1983 1710 2023 1739 91.
2042 1710 2066 1734 b-

1126 1752 1377 1791 praeparabitur
1405 1752 1438 1782 in
1467 1751 1693 1782 misericordia
1732 1749 1850 1780 solium
1885 1756 1947 1780 etc.

1126 1794 1209 1823 Nam
1232 1794 1260 1823 si
1284 1794 1408 1824 nostris
1429 1795 1583 1833 operibus
1596 1792 1859 1829 iustificaremur,
1882 1802 1949 1822 non

1126 1837 1189 1866 iam
1209 1834 1343 1874 Christi,
1357 1846 1422 1866 non
1435 1835 1693 1867 misericordiae.
1716 1835 1777 1865 sed
1788 1840 1949 1872 nostrum,

1127 1878 1188 1908 sed
1207 1888 1342 1918 operum
1364 1880 1563 1908 nostrorum
1592 1888 1731 1918 regnum
1755 1882 1856 1907 esset.
1908 1876 1949 1907 Et
2023 1879 2036 1897 ὅ

1128 1920 1238 1951 Oseae
1262 1920 1299 1950 II.
1325 1923 1409 1959 [vss.
1437 1921 1476 1951 19
1489 1932 1539 1961 sq.
1553 1923 1576 1958 z]
1613 1919 1790 1959 Sponsabo
1822 1927 1852 1949 te
1872 1918 1949 1949 mihi

1127 1963 1160 1993 in
1185 1964 1430 2003 sempiternum,
1453 1970 1483 1994 et
1509 1962 1678 2003 sponsabo
1702 1968 1734 1992 te
1757 1961 1835 1992 mihi
1853 1961 1886 1991 in
1904 1961 1950 1991 iu-

1128 2006 1217 2036 stitia
1241 2011 1272 2035 et
1296 2006 1431 2043 iudicio,
1467 2012 1497 2036 et
1521 2007 1553 2036 in
1581 2004 1826 2041 misericordia,
1857 2009 1888 2034 et
1918 2004 1950 2034 in

1127 2049 1406 2084 miserationibus,
1427 2055 1458 2078 et
1482 2048 1650 2088 sponsabo
1674 2052 1707 2077 te
1724 2047 1801 2077 mihi
1820 2047 1852 2076 in
1875 2045 1951 2083 fide,

1130 2097 1162 2121 et
1196 2091 1306 2127 scies,
1340 2091 1416 2131 quia
1449 2101 1512 2132 ego
1549 2090 1709 2120 dominus.
1759 2087 1951 2129 Et'psalmo
2024 2091 2050 2109 ¹⁰

1127 2132 1341 2163 LXXXVIII.
1369 2136 1433 2171 [vs.
1456 2133 1540 2171 15.:]
1561 2132 1790 2163 Misericordia
1815 2137 1846 2161 et
1866 2131 1950 2161 veri-

1128 2182 1180 2206 tas
1209 2175 1409 2216 praecedent
1432 2174 1549 2206 faciem
1574 2181 1671 2205 tuam.
1720 2172 1951 2204 Misericordia

1128 2217 1276 2249 liberalis
1300 2217 1395 2248 favor
1414 2224 1476 2254 est,
1500 2219 1553 2259 qui
1573 2218 1678 2247 meriti
1702 2216 1807 2246 nostri
1829 2214 1950 2246 nullam

1129 2262 1231 2292 habet
1249 2262 1419 2291 rationem.
1443 2260 1576 2290 Veritas
1601 2265 1650 2289 est
1676 2268 1758 2299 opus
1784 2258 1847 2295 dei,
1872 2267 1951 2288 vere

1130 2314 1196 2334 non
1212 2302 1407 2343 ὑποκριτικῶς
1425 2301 1631 2333 iustificantis
1654 2311 1727 2331 nos.
1752 2300 1792 2331 Et
1807 2300 1884 2341 quid
1897 2300 1951 2330 ad—

1131 2344 1334 2377 tinetssmulta
1358 2355 1551 2387 congerere,
1576 2355 1648 2374 cum
1660 2343 1821 2384 propheta
1833 2343 1951 2373 Esaias
2022 2353 2049 2371 15

1132 2399 1203 2429 cap.
1234 2388 1316 2418 LIII.
1340 2388 1478 2428 prinuun
1507 2385 1615 2427 palam
1650 2386 1779 2416 damnet
1810 2385 1951 2415 iustitias

1130 2525 1188 2555 55³]
1205 2524 1242 2554 ut]
1262 2524 1304 2548 Ed.
1325 2525 1347 2547 1.
1367 2524 1460 2554 typoth.
1481 2528 1578 2547 errore:
1598 2529 1612 2546 v

1129 2577 1175 2604 56)
1204 2574 1382 2605 semetipsum]
1403 2574 1445 2598 Ed.
1466 2575 1490 2598 7.
1511 2574 1630 2604 seipsum.

1856 2623 1883 2646 12
