<?xml version="1.0" encoding="UTF-8"?>
<!DOCTYPE html PUBLIC "-//W3C//DTD XHTML 1.0 Transitional//EN"
    "http://www.w3.org/TR/xhtml1/DTD/xhtml1-transitional.dtd">
<html xmlns="http://www.w3.org/1999/xhtml" xml:lang="en" lang="en">
 <head>
  <title>
</title>
<meta http-equiv="Content-Type" content="text/html;charset=utf-8" />
  <meta name='ocr-system' content='tesseract 3.04.00' />
  <meta name='ocr-capabilities' content='ocr_page ocr_carea ocr_par ocr_line ocrx_word'/>
</head>
<body>
  <div class='ocr_page' id='page_1' title='image "./operaquaesupersu21melauoft/operaquaesupersu21melauoft_0556.png"; bbox 0 0 2358 2933; ppageno 0'>
   <div class='ocr_carea' id='block_1_1' title="bbox 208 115 288 147">
    <p class='ocr_par' dir='ltr' id='par_1_1' title="bbox 208 115 288 147">
     <span class='ocr_line' id='line_1_1' title="bbox 208 115 288 147; baseline 0.013 -1"><span class='ocrx_word' id='word_1_1' title='bbox 208 115 288 147; x_wconf 78' lang='lat'>1083</span> 
     </span>
    </p>
   </div>
   <div class='ocr_carea' id='block_1_2' title="bbox 199 208 1179 1656">
    <p class='ocr_par' dir='ltr' id='par_1_2' title="bbox 199 208 1179 1656">
     <span class='ocr_line' id='line_1_2' title="bbox 201 208 1177 250; baseline 0.002 -11"><span class='ocrx_word' id='word_1_2' title='bbox 201 209 341 239; x_wconf 82' lang='lat' dir='ltr'>minibus</span> <span class='ocrx_word' id='word_1_3' title='bbox 361 217 438 240; x_wconf 88' lang='lat' dir='ltr'>esse</span> <span class='ocrx_word' id='word_1_4' title='bbox 456 208 699 250; x_wconf 74' lang='lat' dir='ltr'>trepidationes.</span> <span class='ocrx_word' id='word_1_5' title='bbox 729 208 798 240; x_wconf 87' lang='lat' dir='ltr'>Sed</span> <span class='ocrx_word' id='word_1_6' title='bbox 817 220 890 242; x_wconf 86' lang='lat' dir='ltr'>cum</span> <span class='ocrx_word' id='word_1_7' title='bbox 907 210 1066 242; x_wconf 82' lang='lat' dir='ltr'>accedunt</span> <span class='ocrx_word' id='word_1_8' title='bbox 1079 210 1177 241; x_wconf 85' lang='lat' dir='ltr'><strong>Fides</strong></span> 
     </span>
     <span class='ocr_line' id='line_1_3' title="bbox 202 250 1178 290; baseline 0.002 -8"><span class='ocrx_word' id='word_1_9' title='bbox 202 258 233 282; x_wconf 89' lang='lat' dir='ltr'>et</span> <span class='ocrx_word' id='word_1_10' title='bbox 257 250 417 285; x_wconf 78' lang='lat' dir='ltr'>Dilectio,</span> <span class='ocrx_word' id='word_1_11' title='bbox 446 251 478 282; x_wconf 91' lang='lat' dir='ltr'>id</span> <span class='ocrx_word' id='word_1_12' title='bbox 501 257 569 287; x_wconf 87' lang='lat' dir='ltr'>est,</span> <span class='ocrx_word' id='word_1_13' title='bbox 600 250 724 283; x_wconf 84' lang='lat' dir='ltr'>laetitia</span> <span class='ocrx_word' id='word_1_14' title='bbox 746 253 778 283; x_wconf 92' lang='lat' dir='ltr'>in</span> <span class='ocrx_word' id='word_1_15' title='bbox 801 251 894 290; x_wconf 71' lang='lat' dir='ltr'>Deo,</span> <span class='ocrx_word' id='word_1_16' title='bbox 925 254 1112 285; x_wconf 78' lang='lat' dir='ltr'><strong>accedimus</strong></span> <span class='ocrx_word' id='word_1_17' title='bbox 1136 254 1178 284; x_wconf 91' lang='lat' dir='ltr'>ad</span> 
     </span>
     <span class='ocr_line' id='line_1_4' title="bbox 203 292 1178 335; baseline 0.002 -10"><span class='ocrx_word' id='word_1_18' title='bbox 203 294 325 332; x_wconf 91' lang='lat' dir='ltr'>Deum,</span> <span class='ocrx_word' id='word_1_19' title='bbox 354 304 420 325; x_wconf 92' lang='lat' dir='ltr'>non</span> <span class='ocrx_word' id='word_1_20' title='bbox 444 292 596 335; x_wconf 87' lang='lat' dir='ltr'>fugimus.</span> <span class='ocrx_word' id='word_1_21' title='bbox 643 294 689 325; x_wconf 82' lang='lat' dir='ltr'>lta</span> <span class='ocrx_word' id='word_1_22' title='bbox 712 293 844 335; x_wconf 83' lang='lat' dir='ltr'><strong>pellitur</strong></span> <span class='ocrx_word' id='word_1_23' title='bbox 867 295 998 327; x_wconf 88' lang='lat' dir='ltr'>servilis</span> <span class='ocrx_word' id='word_1_24' title='bbox 1021 297 1118 328; x_wconf 86' lang='lat' dir='ltr'>timor</span> <span class='ocrx_word' id='word_1_25' title='bbox 1146 302 1178 327; x_wconf 90' lang='lat' dir='ltr'>et</span> 
     </span>
     <span class='ocr_line' id='line_1_5' title="bbox 201 337 1002 370; baseline 0.002 -3"><span class='ocrx_word' id='word_1_26' title='bbox 201 337 304 368; x_wconf 93' lang='lat' dir='ltr'>oritur</span> <span class='ocrx_word' id='word_1_27' title='bbox 326 347 406 367; x_wconf 82' lang='lat' dir='ltr'>vera</span> <span class='ocrx_word' id='word_1_28' title='bbox 429 338 613 368; x_wconf 77' lang='lat' dir='ltr'>reverentia</span> <span class='ocrx_word' id='word_1_29' title='bbox 636 338 813 369; x_wconf 86' lang='lat' dir='ltr'>subiiciens</span> <span class='ocrx_word' id='word_1_30' title='bbox 839 348 896 369; x_wconf 88' lang='lat' dir='ltr'>cor</span> <span class='ocrx_word' id='word_1_31' title='bbox 918 338 1002 370; x_wconf 92' lang='lat' dir='ltr'>Deo.</span> 
     </span>
     <span class='ocr_line' id='line_1_6' title="bbox 288 378 1178 422; baseline 0.002 -12"><span class='ocrx_word' id='word_1_32' title='bbox 288 378 579 410; x_wconf 77' lang='lat' dir='ltr'><strong>CONSCIENTIA</strong></span> <span class='ocrx_word' id='word_1_33' title='bbox 613 385 663 410; x_wconf 88' lang='lat' dir='ltr'>est</span> <span class='ocrx_word' id='word_1_34' title='bbox 698 378 916 422; x_wconf 69' lang='lat' dir='ltr'>syllogismus</span> <span class='ocrx_word' id='word_1_35' title='bbox 946 381 1112 422; x_wconf 79' lang='lat' dir='ltr'>practicus</span> <span class='ocrx_word' id='word_1_36' title='bbox 1146 382 1178 412; x_wconf 92' lang='lat' dir='ltr'>in</span> 
     </span>
     <span class='ocr_line' id='line_1_7' title="bbox 203 420 1179 463; baseline 0.003 -11"><span class='ocrx_word' id='word_1_37' title='bbox 203 420 380 459; x_wconf 86' lang='lat' dir='ltr'>intellectu,</span> <span class='ocrx_word' id='word_1_38' title='bbox 404 422 435 452; x_wconf 92' lang='lat' dir='ltr'>in</span> <span class='ocrx_word' id='word_1_39' title='bbox 455 432 519 462; x_wconf 90' lang='lat' dir='ltr'>quo</span> <span class='ocrx_word' id='word_1_40' title='bbox 538 422 641 453; x_wconf 85' lang='lat' dir='ltr'>maior</span> <span class='ocrx_word' id='word_1_41' title='bbox 658 424 842 463; x_wconf 82' lang='lat' dir='ltr'>propositio</span> <span class='ocrx_word' id='word_1_42' title='bbox 862 429 911 454; x_wconf 90' lang='lat' dir='ltr'>est</span> <span class='ocrx_word' id='word_1_43' title='bbox 931 424 1002 455; x_wconf 90' lang='lat' dir='ltr'>Lex</span> <span class='ocrx_word' id='word_1_44' title='bbox 1020 423 1095 461; x_wconf 89' lang='lat' dir='ltr'>Dei,</span> <span class='ocrx_word' id='word_1_45' title='bbox 1119 434 1179 455; x_wconf 90' lang='lat' dir='ltr'>seu</span> 
     </span>
     <span class='ocr_line' id='line_1_8' title="bbox 201 465 1178 508; baseline 0.002 -13"><span class='ocrx_word' id='word_1_46' title='bbox 201 465 478 506; x_wconf 49' lang='lat' dir='ltr'>quodcunquefl)</span> <span class='ocrx_word' id='word_1_47' title='bbox 513 466 649 496; x_wconf 82' lang='lat' dir='ltr'>verbum</span> <span class='ocrx_word' id='word_1_48' title='bbox 678 465 741 497; x_wconf 91' lang='lat' dir='ltr'>Dei</span> <span class='ocrx_word' id='word_1_49' title='bbox 775 467 871 497; x_wconf 85' lang='lat' dir='ltr'>nobis</span> <span class='ocrx_word' id='word_1_50' title='bbox 901 465 1023 508; x_wconf 90' lang='lat' dir='ltr'>aliquid</span> <span class='ocrx_word' id='word_1_51' title='bbox 1053 467 1178 508; x_wconf 89' lang='lat' dir='ltr'>praeci-</span> 
     </span>
     <span class='ocr_line' id='line_1_9' title="bbox 201 507 1177 550; baseline 0.003 -13"><span class='ocrx_word' id='word_1_52' title='bbox 201 507 294 548; x_wconf 89' lang='lat' dir='ltr'>piens</span> <span class='ocrx_word' id='word_1_53' title='bbox 307 509 360 545; x_wconf 76' lang='lat'>⁷²).</span> <span class='ocrx_word' id='word_1_54' title='bbox 406 507 514 538; x_wconf 84' lang='lat' dir='ltr'>Minor</span> <span class='ocrx_word' id='word_1_55' title='bbox 536 517 615 539; x_wconf 77' lang='lat' dir='ltr'>vero</span> <span class='ocrx_word' id='word_1_56' title='bbox 645 513 676 538; x_wconf 89' lang='lat' dir='ltr'>et</span> <span class='ocrx_word' id='word_1_57' title='bbox 700 507 869 540; x_wconf 85' lang='lat' dir='ltr'>conclusio</span> <span class='ocrx_word' id='word_1_58' title='bbox 897 515 974 540; x_wconf 88' lang='lat' dir='ltr'>sunt</span> <span class='ocrx_word' id='word_1_59' title='bbox 1003 508 1177 550; x_wconf 81' lang='lat' dir='ltr'>applicatio</span> 
     </span>
     <span class='ocr_line' id='line_1_10' title="bbox 201 549 1179 591; baseline 0.004 -12"><span class='ocrx_word' id='word_1_60' title='bbox 201 551 390 591; x_wconf 87' lang='lat' dir='ltr'>approbans</span> <span class='ocrx_word' id='word_1_61' title='bbox 424 557 514 581; x_wconf 85' lang='lat' dir='ltr'>recte</span> <span class='ocrx_word' id='word_1_62' title='bbox 547 549 669 581; x_wconf 84' lang='lat' dir='ltr'>sactum</span> <span class='ocrx_word' id='word_1_63' title='bbox 684 552 729 591; x_wconf 80' lang='grc'>78)</span> <span class='ocrx_word' id='word_1_64' title='bbox 764 550 817 582; x_wconf 86' lang='lat' dir='ltr'>vel</span> <span class='ocrx_word' id='word_1_65' title='bbox 846 552 1070 583; x_wconf 85' lang='lat' dir='ltr'>condemnans</span> <span class='ocrx_word' id='word_1_66' title='bbox 1101 551 1179 583; x_wconf 89' lang='lat' dir='ltr'>deli-</span> 
     </span>
     <span class='ocr_line' id='line_1_11' title="bbox 203 593 1178 636; baseline 0.004 -14"><span class='ocrx_word' id='word_1_67' title='bbox 203 600 306 629; x_wconf 83' lang='lat' dir='ltr'>ctum,</span> <span class='ocrx_word' id='word_1_68' title='bbox 337 603 434 633; x_wconf 87' lang='lat' dir='ltr'>quam</span> <span class='ocrx_word' id='word_1_69' title='bbox 457 593 726 633; x_wconf 82' lang='lat' dir='ltr'>approbationem</span> <span class='ocrx_word' id='word_1_70' title='bbox 754 594 785 624; x_wconf 91' lang='lat' dir='ltr'>in</span> <span class='ocrx_word' id='word_1_71' title='bbox 816 595 916 625; x_wconf 91' lang='lat' dir='ltr'>corde</span> <span class='ocrx_word' id='word_1_72' title='bbox 943 596 1090 636; x_wconf 88' lang='lat' dir='ltr'>sequitur</span> <span class='ocrx_word' id='word_1_73' title='bbox 1112 594 1178 626; x_wconf 85' lang='lat' dir='ltr'>lae-</span> 
     </span>
     <span class='ocr_line' id='line_1_12' title="bbox 203 635 1179 669; baseline 0.002 -4"><span class='ocrx_word' id='word_1_74' title='bbox 203 635 281 666; x_wconf 80' lang='lat' dir='ltr'>titia.</span> <span class='ocrx_word' id='word_1_75' title='bbox 307 641 337 665; x_wconf 88' lang='lat' dir='ltr'>et</span> <span class='ocrx_word' id='word_1_76' title='bbox 361 636 665 666; x_wconf 84' lang='lat' dir='ltr'>condemnationem</span> <span class='ocrx_word' id='word_1_77' title='bbox 689 635 784 667; x_wconf 92' lang='lat' dir='ltr'>dolor</span> <span class='ocrx_word' id='word_1_78' title='bbox 806 637 946 669; x_wconf 84' lang='lat' dir='ltr'>naturali</span> <span class='ocrx_word' id='word_1_79' title='bbox 970 639 1086 669; x_wconf 80' lang='lat' dir='ltr'>ordine</span> <span class='ocrx_word' id='word_1_80' title='bbox 1105 647 1179 668; x_wconf 84' lang='lat' dir='ltr'>san-</span> 
     </span>
     <span class='ocr_line' id='line_1_13' title="bbox 203 677 1179 719; baseline 0.001 -10"><span class='ocrx_word' id='word_1_81' title='bbox 203 678 267 709; x_wconf 80' lang='lat' dir='ltr'>cito</span> <span class='ocrx_word' id='word_1_82' title='bbox 302 688 321 708; x_wconf 89' lang='lat' dir='ltr'>a</span> <span class='ocrx_word' id='word_1_83' title='bbox 352 677 440 717; x_wconf 80' lang='lat' dir='ltr'>Deo,</span> <span class='ocrx_word' id='word_1_84' title='bbox 475 679 529 719; x_wconf 92' lang='lat' dir='ltr'>qui</span> <span class='ocrx_word' id='word_1_85' title='bbox 560 677 629 709; x_wconf 78' lang='lat' dir='ltr'>vult</span> <span class='ocrx_word' id='word_1_86' title='bbox 662 680 694 709; x_wconf 93' lang='lat' dir='ltr'>in</span> <span class='ocrx_word' id='word_1_87' title='bbox 729 685 878 711; x_wconf 85' lang='lat' dir='ltr'>creatura</span> <span class='ocrx_word' id='word_1_88' title='bbox 911 679 1063 712; x_wconf 86' lang='lat' dir='ltr'>rationali</span> <span class='ocrx_word' id='word_1_89' title='bbox 1092 680 1179 711; x_wconf 86' lang='lat' dir='ltr'>hanc</span> 
     </span>
     <span class='ocr_line' id='line_1_14' title="bbox 201 720 1178 762; baseline 0.004 -12"><span class='ocrx_word' id='word_1_90' title='bbox 201 721 347 751; x_wconf 82' lang='lat' dir='ltr'>notitiam</span> <span class='ocrx_word' id='word_1_91' title='bbox 370 721 421 751; x_wconf 87' lang='lat' dir='ltr'>sui</span> <span class='ocrx_word' id='word_1_92' title='bbox 450 720 557 752; x_wconf 90' lang='lat' dir='ltr'>iudicii</span> <span class='ocrx_word' id='word_1_93' title='bbox 586 730 663 752; x_wconf 86' lang='lat' dir='ltr'>esse</span> <span class='ocrx_word' id='word_1_94' title='bbox 693 728 723 753; x_wconf 92' lang='lat' dir='ltr'>et</span> <span class='ocrx_word' id='word_1_95' title='bbox 752 723 977 754; x_wconf 79' lang='lat' dir='ltr'>executionem</span> <span class='ocrx_word' id='word_1_96' title='bbox 1006 723 1178 762; x_wconf 77' lang='lat' dir='ltr'>accedere,</span> 
     </span>
     <span class='ocr_line' id='line_1_15' title="bbox 202 763 1179 804; baseline 0.003 -11"><span class='ocrx_word' id='word_1_97' title='bbox 202 770 235 794; x_wconf 88' lang='lat' dir='ltr'>ut</span> <span class='ocrx_word' id='word_1_98' title='bbox 264 763 305 793; x_wconf 89' lang='lat' dir='ltr'>sit</span> <span class='ocrx_word' id='word_1_99' title='bbox 335 763 554 794; x_wconf 87' lang='lat' dir='ltr'>testimonium</span> <span class='ocrx_word' id='word_1_100' title='bbox 583 764 624 794; x_wconf 93' lang='lat' dir='ltr'>de</span> <span class='ocrx_word' id='word_1_101' title='bbox 647 765 719 804; x_wconf 90' lang='lat' dir='ltr'>ipso</span> <span class='ocrx_word' id='word_1_102' title='bbox 743 766 941 803; x_wconf 88' lang='lat' dir='ltr'>ostendens,</span> <span class='ocrx_word' id='word_1_103' title='bbox 972 775 1047 797; x_wconf 86' lang='lat' dir='ltr'>esse</span> <span class='ocrx_word' id='word_1_104' title='bbox 1070 765 1179 796; x_wconf 88' lang='lat' dir='ltr'>Deum</span> 
     </span>
     <span class='ocr_line' id='line_1_16' title="bbox 202 806 1177 849; baseline 0.001 -13"><span class='ocrx_word' id='word_1_105' title='bbox 202 812 232 836; x_wconf 86' lang='lat' dir='ltr'>et</span> <span class='ocrx_word' id='word_1_106' title='bbox 257 806 448 846; x_wconf 82' lang='lat' dir='ltr'>praecipere</span> <span class='ocrx_word' id='word_1_107' title='bbox 472 806 557 836; x_wconf 86' lang='lat' dir='ltr'>iusta</span> <span class='ocrx_word' id='word_1_108' title='bbox 586 812 616 836; x_wconf 91' lang='lat' dir='ltr'>et</span> <span class='ocrx_word' id='word_1_109' title='bbox 641 806 816 846; x_wconf 89' lang='lat' dir='ltr'>prohibere</span> <span class='ocrx_word' id='word_1_110' title='bbox 842 808 963 839; x_wconf 88' lang='lat' dir='ltr'>iniusta</span> <span class='ocrx_word' id='word_1_111' title='bbox 992 814 1024 839; x_wconf 91' lang='lat' dir='ltr'>et</span> <span class='ocrx_word' id='word_1_112' title='bbox 1051 809 1177 849; x_wconf 87' lang='lat' dir='ltr'>punire.</span> 
     </span>
     <span class='ocr_line' id='line_1_17' title="bbox 201 847 1179 891; baseline 0.004 -13"><span class='ocrx_word' id='word_1_113' title='bbox 201 847 312 879; x_wconf 89' lang='lat' dir='ltr'>Utitur</span> <span class='ocrx_word' id='word_1_114' title='bbox 334 854 441 879; x_wconf 87' lang='lat' dir='ltr'>autem</span> <span class='ocrx_word' id='word_1_115' title='bbox 459 847 552 879; x_wconf 91' lang='lat' dir='ltr'>Deus</span> <span class='ocrx_word' id='word_1_116' title='bbox 576 847 639 879; x_wconf 91' lang='lat' dir='ltr'>hoc</span> <span class='ocrx_word' id='word_1_117' title='bbox 661 850 733 890; x_wconf 91' lang='lat' dir='ltr'>ipso</span> <span class='ocrx_word' id='word_1_118' title='bbox 756 851 875 881; x_wconf 90' lang='lat' dir='ltr'>iudicio</span> <span class='ocrx_word' id='word_1_119' title='bbox 895 851 1047 882; x_wconf 60' lang='lat' dir='ltr'>in‘nobis</span> <span class='ocrx_word' id='word_1_120' title='bbox 1069 851 1102 881; x_wconf 92' lang='lat' dir='ltr'>in</span> <span class='ocrx_word' id='word_1_121' title='bbox 1120 861 1179 891; x_wconf 89' lang='lat' dir='ltr'>pu-</span> 
     </span>
     <span class='ocr_line' id='line_1_18' title="bbox 201 890 1179 934; baseline 0.004 -14"><span class='ocrx_word' id='word_1_122' title='bbox 201 890 320 921; x_wconf 91' lang='lat' dir='ltr'>niendo</span> <span class='ocrx_word' id='word_1_123' title='bbox 351 896 381 921; x_wconf 91' lang='lat' dir='ltr'>et</span> <span class='ocrx_word' id='word_1_124' title='bbox 411 900 472 921; x_wconf 83' lang='lat' dir='ltr'>suo</span> <span class='ocrx_word' id='word_1_125' title='bbox 502 897 650 931; x_wconf 92' lang='lat' dir='ltr'>tempore</span> <span class='ocrx_word' id='word_1_126' title='bbox 679 891 741 923; x_wconf 88' lang='lat' dir='ltr'>hos</span> <span class='ocrx_word' id='word_1_127' title='bbox 771 903 916 933; x_wconf 84' lang='lat' dir='ltr'>pavores</span> <span class='ocrx_word' id='word_1_128' title='bbox 946 899 1060 934; x_wconf 86' lang='lat' dir='ltr'>auget,</span> <span class='ocrx_word' id='word_1_129' title='bbox 1094 894 1179 924; x_wconf 90' lang='lat' dir='ltr'>sicut</span> 
     </span>
     <span class='ocr_line' id='line_1_19' title="bbox 201 932 1177 977; baseline 0.003 -14"><span class='ocrx_word' id='word_1_130' title='bbox 201 933 317 963; x_wconf 88' lang='lat' dir='ltr'>dicitur</span> <span class='ocrx_word' id='word_1_131' title='bbox 341 932 488 971; x_wconf 85' lang='lat' dir='ltr'>[Denter.</span> <span class='ocrx_word' id='word_1_132' title='bbox 508 934 538 973; x_wconf 82' lang='lat'>4,</span> <span class='ocrx_word' id='word_1_133' title='bbox 558 934 640 972; x_wconf 53' lang='lat'>244:</span> <span class='ocrx_word' id='word_1_134' title='bbox 674 934 767 965; x_wconf 90' lang='lat' dir='ltr'>Deus</span> <span class='ocrx_word' id='word_1_135' title='bbox 790 936 877 977; x_wconf 88' lang='lat' dir='ltr'>ignis</span> <span class='ocrx_word' id='word_1_136' title='bbox 897 945 1096 966; x_wconf 84' lang='lat' dir='ltr'>consumens</span> <span class='ocrx_word' id='word_1_137' title='bbox 1115 941 1177 967; x_wconf 87' lang='lat' dir='ltr'>est.</span> 
     </span>
     <span class='ocr_line' id='line_1_20' title="bbox 201 975 1178 1014; baseline 0.004 -9"><span class='ocrx_word' id='word_1_138' title='bbox 201 975 279 1006; x_wconf 86' lang='lat' dir='ltr'>ltem</span> <span class='ocrx_word' id='word_1_139' title='bbox 303 975 409 1013; x_wconf 86' lang='lat' dir='ltr'>[Rom.</span> <span class='ocrx_word' id='word_1_140' title='bbox 430 976 460 1014; x_wconf 79' lang='lat'>7,</span> <span class='ocrx_word' id='word_1_141' title='bbox 486 976 568 1014; x_wconf 82' lang='lat' dir='ltr'>ll.]:</span> <span class='ocrx_word' id='word_1_142' title='bbox 604 976 676 1007; x_wconf 91' lang='lat' dir='ltr'>Lex</span> <span class='ocrx_word' id='word_1_143' title='bbox 701 979 830 1009; x_wconf 88' lang='lat' dir='ltr'>occidit.</span> <span class='ocrx_word' id='word_1_144' title='bbox 871 977 975 1009; x_wconf 85' lang='lat' dir='ltr'>Erant</span> <span class='ocrx_word' id='word_1_145' title='bbox 997 979 1029 1009; x_wconf 92' lang='lat' dir='ltr'>in</span> <span class='ocrx_word' id='word_1_146' title='bbox 1049 977 1178 1010; x_wconf 89' lang='lat' dir='ltr'>Davide</span> 
     </span>
     <span class='ocr_line' id='line_1_21' title="bbox 200 1018 1178 1062; baseline 0.004 -14"><span class='ocrx_word' id='word_1_147' title='bbox 200 1018 309 1049; x_wconf 85' lang='lat' dir='ltr'>statim</span> <span class='ocrx_word' id='word_1_148' title='bbox 339 1019 567 1050; x_wconf 82' lang='lat' dir='ltr'>condemnatio</span> <span class='ocrx_word' id='word_1_149' title='bbox 598 1018 735 1051; x_wconf 89' lang='lat' dir='ltr'>sceleris</span> <span class='ocrx_word' id='word_1_150' title='bbox 766 1027 798 1051; x_wconf 89' lang='lat' dir='ltr'>et</span> <span class='ocrx_word' id='word_1_151' title='bbox 826 1019 943 1062; x_wconf 88' lang='lat' dir='ltr'>aliquis</span> <span class='ocrx_word' id='word_1_152' title='bbox 973 1020 1083 1059; x_wconf 87' lang='lat' dir='ltr'>dolor,</span> <span class='ocrx_word' id='word_1_153' title='bbox 1118 1021 1178 1051; x_wconf 88' lang='lat' dir='ltr'>sed</span> 
     </span>
     <span class='ocr_line' id='line_1_22' title="bbox 199 1059 1177 1105; baseline 0.001 -13"><span class='ocrx_word' id='word_1_154' title='bbox 199 1060 307 1092; x_wconf 89' lang='lat' dir='ltr'>adhuc</span> <span class='ocrx_word' id='word_1_155' title='bbox 330 1059 526 1102; x_wconf 82' lang='lat' dir='ltr'>languidior.</span> <span class='ocrx_word' id='word_1_156' title='bbox 561 1061 629 1092; x_wconf 89' lang='lat' dir='ltr'>Sed</span> <span class='ocrx_word' id='word_1_157' title='bbox 647 1063 678 1093; x_wconf 94' lang='lat' dir='ltr'>in</span> <span class='ocrx_word' id='word_1_158' title='bbox 698 1063 927 1105; x_wconf 88' lang='lat' dir='ltr'>obiurgatione</span> <span class='ocrx_word' id='word_1_159' title='bbox 941 1063 1072 1095; x_wconf 84' lang='lat' dir='ltr'>Nathan</span> <span class='ocrx_word' id='word_1_160' title='bbox 1084 1063 1177 1095; x_wconf 92' lang='lat' dir='ltr'>Deus</span> 
     </span>
     <span class='ocr_line' id='line_1_23' title="bbox 201 1103 1176 1143; baseline 0.004 -10"><span class='ocrx_word' id='word_1_161' title='bbox 201 1104 272 1143; x_wconf 89' lang='lat' dir='ltr'>ipse</span> <span class='ocrx_word' id='word_1_162' title='bbox 294 1104 382 1134; x_wconf 69' lang='lat' dir='ltr'>auxit</span> <span class='ocrx_word' id='word_1_163' title='bbox 401 1103 487 1135; x_wconf 89' lang='lat' dir='ltr'>hunc</span> <span class='ocrx_word' id='word_1_164' title='bbox 507 1103 653 1136; x_wconf 90' lang='lat' dir='ltr'>dolorem</span> <span class='ocrx_word' id='word_1_165' title='bbox 671 1104 793 1137; x_wconf 82' lang='lat' dir='ltr'>feriens</span> <span class='ocrx_word' id='word_1_166' title='bbox 814 1115 872 1136; x_wconf 89' lang='lat' dir='ltr'>cor</span> <span class='ocrx_word' id='word_1_167' title='bbox 890 1106 960 1137; x_wconf 89' lang='lat' dir='ltr'>eius</span> <span class='ocrx_word' id='word_1_168' title='bbox 979 1116 1080 1137; x_wconf 84' lang='lat' dir='ltr'>sensu</span> <span class='ocrx_word' id='word_1_169' title='bbox 1098 1107 1176 1137; x_wconf 87' lang='lat' dir='ltr'>irae.</span> 
     </span>
     <span class='ocr_line' id='line_1_24' title="bbox 200 1145 1179 1191; baseline 0.003 -15"><span class='ocrx_word' id='word_1_170' title='bbox 200 1145 351 1177; x_wconf 84' lang='lat' dir='ltr'>Debebat</span> <span class='ocrx_word' id='word_1_171' title='bbox 377 1157 436 1177; x_wconf 93' lang='lat' dir='ltr'>cor</span> <span class='ocrx_word' id='word_1_172' title='bbox 458 1146 633 1178; x_wconf 91' lang='lat' dir='ltr'>humanum</span> <span class='ocrx_word' id='word_1_173' title='bbox 657 1158 842 1189; x_wconf 84' lang='lat' dir='ltr'>congruere</span> <span class='ocrx_word' id='word_1_174' title='bbox 866 1159 939 1180; x_wconf 90' lang='lat' dir='ltr'>cum</span> <span class='ocrx_word' id='word_1_175' title='bbox 961 1148 1054 1191; x_wconf 88' lang='lat' dir='ltr'>Lege</span> <span class='ocrx_word' id='word_1_176' title='bbox 1083 1149 1179 1180; x_wconf 92' lang='lat' dir='ltr'>etiam</span> 
     </span>
     <span class='ocr_line' id='line_1_25' title="bbox 200 1187 1179 1231; baseline 0.003 -12"><span class='ocrx_word' id='word_1_177' title='bbox 200 1196 276 1220; x_wconf 89' lang='lat' dir='ltr'>ante</span> <span class='ocrx_word' id='word_1_178' title='bbox 300 1187 465 1227; x_wconf 86' lang='lat' dir='ltr'>delictum,</span> <span class='ocrx_word' id='word_1_179' title='bbox 489 1190 549 1220; x_wconf 86' lang='lat' dir='ltr'>sed</span> <span class='ocrx_word' id='word_1_180' title='bbox 571 1195 648 1221; x_wconf 89' lang='lat' dir='ltr'>tunc</span> <span class='ocrx_word' id='word_1_181' title='bbox 671 1200 772 1231; x_wconf 84' lang='lat' dir='ltr'>saepe</span> <span class='ocrx_word' id='word_1_182' title='bbox 792 1197 842 1222; x_wconf 91' lang='lat' dir='ltr'>est</span> <span class='ocrx_word' id='word_1_183' title='bbox 861 1197 1046 1222; x_wconf 79' lang='lat' dir='ltr'>contumax.</span> <span class='ocrx_word' id='word_1_184' title='bbox 1091 1191 1179 1222; x_wconf 81' lang='lat' dir='ltr'>Reli-</span> 
     </span>
     <span class='ocr_line' id='line_1_26' title="bbox 201 1231 1179 1275; baseline 0.003 -14"><span class='ocrx_word' id='word_1_185' title='bbox 201 1232 268 1272; x_wconf 85' lang='lat' dir='ltr'>quit</span> <span class='ocrx_word' id='word_1_186' title='bbox 290 1238 398 1262; x_wconf 89' lang='lat' dir='ltr'>autem</span> <span class='ocrx_word' id='word_1_187' title='bbox 420 1231 512 1262; x_wconf 92' lang='lat' dir='ltr'>Deus</span> <span class='ocrx_word' id='word_1_188' title='bbox 535 1231 600 1263; x_wconf 91' lang='lat' dir='ltr'>hoc</span> <span class='ocrx_word' id='word_1_189' title='bbox 623 1233 775 1264; x_wconf 91' lang='lat' dir='ltr'>iudicium</span> <span class='ocrx_word' id='word_1_190' title='bbox 804 1240 881 1275; x_wconf 89' lang='lat' dir='ltr'>post</span> <span class='ocrx_word' id='word_1_191' title='bbox 904 1232 1072 1272; x_wconf 80' lang='lat' dir='ltr'>delictum,</span> <span class='ocrx_word' id='word_1_192' title='bbox 1103 1234 1179 1274; x_wconf 88' lang='lat' dir='ltr'>quia</span> 
     </span>
     <span class='ocr_line' id='line_1_27' title="bbox 202 1273 1176 1316; baseline 0.003 -12"><span class='ocrx_word' id='word_1_193' title='bbox 202 1274 295 1305; x_wconf 88' lang='lat' dir='ltr'>Deus</span> <span class='ocrx_word' id='word_1_194' title='bbox 317 1275 349 1304; x_wconf 94' lang='lat' dir='ltr'>in</span> <span class='ocrx_word' id='word_1_195' title='bbox 372 1273 437 1304; x_wconf 88' lang='lat' dir='ltr'>hoc</span> <span class='ocrx_word' id='word_1_196' title='bbox 460 1273 575 1306; x_wconf 90' lang='lat' dir='ltr'>dolore</span> <span class='ocrx_word' id='word_1_197' title='bbox 595 1274 665 1306; x_wconf 82' lang='lat' dir='ltr'>vult</span> <span class='ocrx_word' id='word_1_198' title='bbox 687 1285 724 1306; x_wconf 91' lang='lat' dir='ltr'>se</span> <span class='ocrx_word' id='word_1_199' title='bbox 747 1277 894 1316; x_wconf 85' lang='lat' dir='ltr'>conspici</span> <span class='ocrx_word' id='word_1_200' title='bbox 917 1286 957 1307; x_wconf 90' lang='lat' dir='ltr'>ac</span> <span class='ocrx_word' id='word_1_201' title='bbox 980 1277 1056 1307; x_wconf 84' lang='lat' dir='ltr'>sciri</span> <span class='ocrx_word' id='word_1_202' title='bbox 1080 1286 1116 1307; x_wconf 89' lang='lat' dir='ltr'>se</span> <span class='ocrx_word' id='word_1_203' title='bbox 1132 1278 1176 1315; x_wconf 78' lang='lat'><strong>⁷⁴¹)</strong></span> 
     </span>
     <span class='ocr_line' id='line_1_28' title="bbox 201 1315 1176 1358; baseline 0.002 -11"><span class='ocrx_word' id='word_1_204' title='bbox 201 1327 277 1348; x_wconf 89' lang='lat' dir='ltr'>esse</span> <span class='ocrx_word' id='word_1_205' title='bbox 288 1315 395 1347; x_wconf 91' lang='lat' dir='ltr'>Deum</span> <span class='ocrx_word' id='word_1_206' title='bbox 415 1318 500 1348; x_wconf 87' lang='lat' dir='ltr'>iusta</span> <span class='ocrx_word' id='word_1_207' title='bbox 518 1318 772 1358; x_wconf 86' lang='lat' dir='ltr'>praecipientem</span> <span class='ocrx_word' id='word_1_208' title='bbox 792 1324 824 1349; x_wconf 90' lang='lat' dir='ltr'>et</span> <span class='ocrx_word' id='word_1_209' title='bbox 841 1319 1029 1358; x_wconf 87' lang='lat' dir='ltr'>punientem</span> <span class='ocrx_word' id='word_1_210' title='bbox 1047 1319 1176 1349; x_wconf 85' lang='lat' dir='ltr'>iniusta.</span> 
     </span>
     <span class='ocr_line' id='line_1_29' title="bbox 201 1358 1178 1400; baseline 0.002 -11"><span class='ocrx_word' id='word_1_211' title='bbox 201 1359 273 1390; x_wconf 89' lang='lat' dir='ltr'>Hoc</span> <span class='ocrx_word' id='word_1_212' title='bbox 303 1358 475 1390; x_wconf 89' lang='lat' dir='ltr'>consilium</span> <span class='ocrx_word' id='word_1_213' title='bbox 502 1359 564 1390; x_wconf 87' lang='lat' dir='ltr'>Dei</span> <span class='ocrx_word' id='word_1_214' title='bbox 594 1365 625 1390; x_wconf 91' lang='lat' dir='ltr'>et</span> <span class='ocrx_word' id='word_1_215' title='bbox 653 1361 872 1391; x_wconf 89' lang='lat' dir='ltr'>testimonium</span> <span class='ocrx_word' id='word_1_216' title='bbox 906 1362 946 1391; x_wconf 90' lang='lat' dir='ltr'>de</span> <span class='ocrx_word' id='word_1_217' title='bbox 972 1360 1045 1391; x_wconf 89' lang='lat' dir='ltr'>Deo</span> <span class='ocrx_word' id='word_1_218' title='bbox 1077 1370 1178 1400; x_wconf 86' lang='lat' dir='ltr'>saepe</span> 
     </span>
     <span class='ocr_line' id='line_1_30' title="bbox 201 1401 1178 1442; baseline 0.001 -11"><span class='ocrx_word' id='word_1_219' title='bbox 201 1402 410 1442; x_wconf 85' lang='lat' dir='ltr'>cogitandum</span> <span class='ocrx_word' id='word_1_220' title='bbox 433 1407 495 1432; x_wconf 88' lang='lat' dir='ltr'>est.</span> <span class='ocrx_word' id='word_1_221' title='bbox 541 1401 614 1432; x_wconf 90' lang='lat' dir='ltr'>Hoc</span> <span class='ocrx_word' id='word_1_222' title='bbox 642 1402 794 1433; x_wconf 92' lang='lat' dir='ltr'>iudicium</span> <span class='ocrx_word' id='word_1_223' title='bbox 820 1403 967 1433; x_wconf 88' lang='lat' dir='ltr'>nominat</span> <span class='ocrx_word' id='word_1_224' title='bbox 989 1401 1112 1433; x_wconf 84' lang='lat' dir='ltr'>Paulus</span> <span class='ocrx_word' id='word_1_225' title='bbox 1137 1403 1178 1432; x_wconf 90' lang='lat' dir='ltr'>ad</span> 
     </span>
     <span class='ocr_line' id='line_1_31' title="bbox 202 1443 1178 1486; baseline 0.001 -12"><span class='ocrx_word' id='word_1_226' title='bbox 202 1443 423 1475; x_wconf 87' lang='lat' dir='ltr'>Colossenses</span> <span class='ocrx_word' id='word_1_227' title='bbox 459 1444 506 1482; x_wconf 80' lang='grc'>[2,</span> <span class='ocrx_word' id='word_1_228' title='bbox 542 1444 627 1482; x_wconf 71' lang='grc' dir='ltr'><strong>14.]ε</strong></span> <span class='ocrx_word' id='word_1_229' title='bbox 670 1443 934 1486; x_wconf 88' lang='lat' dir='ltr'>Chirographum</span> <span class='ocrx_word' id='word_1_230' title='bbox 970 1450 1084 1475; x_wconf 89' lang='lat' dir='ltr'>contra</span> <span class='ocrx_word' id='word_1_231' title='bbox 1116 1453 1178 1475; x_wconf 88' lang='lat' dir='ltr'>nos</span> 
     </span>
     <span class='ocr_line' id='line_1_32' title="bbox 202 1486 1179 1529; baseline 0 -12"><span class='ocrx_word' id='word_1_232' title='bbox 202 1488 358 1528; x_wconf 73' lang='lat' dir='ltr'>scriptum</span> <span class='ocrx_word' id='word_1_233' title='bbox 376 1486 480 1529; x_wconf 78' lang='lat' dir='ltr'>Lege,</span> <span class='ocrx_word' id='word_1_234' title='bbox 503 1487 536 1517; x_wconf 94' lang='lat' dir='ltr'>id</span> <span class='ocrx_word' id='word_1_235' title='bbox 559 1492 621 1524; x_wconf 84' lang='lat' dir='ltr'>est,</span> <span class='ocrx_word' id='word_1_236' title='bbox 645 1486 893 1528; x_wconf 77' lang='lat' dir='ltr'>Syllogismum,</span> <span class='ocrx_word' id='word_1_237' title='bbox 916 1487 948 1517; x_wconf 90' lang='lat' dir='ltr'>in</span> <span class='ocrx_word' id='word_1_238' title='bbox 971 1497 1035 1528; x_wconf 90' lang='lat' dir='ltr'>quo</span> <span class='ocrx_word' id='word_1_239' title='bbox 1054 1487 1124 1518; x_wconf 84' lang='lat' dir='ltr'>Lex</span> <span class='ocrx_word' id='word_1_240' title='bbox 1148 1492 1179 1517; x_wconf 89' lang='lat' dir='ltr'>et</span> 
     </span>
     <span class='ocr_line' id='line_1_33' title="bbox 202 1529 1177 1571; baseline 0 -11"><span class='ocrx_word' id='word_1_241' title='bbox 202 1531 420 1571; x_wconf 90' lang='lat' dir='ltr'>quodcunque</span> <span class='ocrx_word' id='word_1_242' title='bbox 437 1541 449 1560; x_wconf 73' lang='grc'>·.</span> <span class='ocrx_word' id='word_1_243' title='bbox 460 1530 573 1560; x_wconf 66' lang='lat' dir='ltr'>erbum</span> <span class='ocrx_word' id='word_1_244' title='bbox 585 1529 648 1560; x_wconf 91' lang='lat' dir='ltr'>Dei</span> <span class='ocrx_word' id='word_1_245' title='bbox 665 1531 761 1561; x_wconf 89' lang='lat' dir='ltr'>nobis</span> <span class='ocrx_word' id='word_1_246' title='bbox 777 1529 900 1571; x_wconf 90' lang='lat' dir='ltr'>aliquid</span> <span class='ocrx_word' id='word_1_247' title='bbox 913 1530 1121 1570; x_wconf 85' lang='lat' dir='ltr'>praecipiens</span> <span class='ocrx_word' id='word_1_248' title='bbox 1133 1530 1177 1570; x_wconf 77' lang='lat'>7¹5)</span> 
     </span>
     <span class='ocr_line' id='line_1_34' title="bbox 203 1570 1179 1613; baseline 0.001 -11"><span class='ocrx_word' id='word_1_249' title='bbox 203 1579 253 1603; x_wconf 73' lang='lat' dir='ltr'>est</span> <span class='ocrx_word' id='word_1_250' title='bbox 276 1574 390 1609; x_wconf 88' lang='lat' dir='ltr'>maior,</span> <span class='ocrx_word' id='word_1_251' title='bbox 413 1571 587 1613; x_wconf 86' lang='lat' dir='ltr'>applicatio</span> <span class='ocrx_word' id='word_1_252' title='bbox 610 1573 653 1603; x_wconf 89' lang='lat' dir='ltr'>ad</span> <span class='ocrx_word' id='word_1_253' title='bbox 675 1583 736 1603; x_wconf 91' lang='lat' dir='ltr'>nos</span> <span class='ocrx_word' id='word_1_254' title='bbox 760 1578 837 1603; x_wconf 88' lang='lat' dir='ltr'>sunt</span> <span class='ocrx_word' id='word_1_255' title='bbox 859 1573 965 1603; x_wconf 87' lang='lat' dir='ltr'>minor</span> <span class='ocrx_word' id='word_1_256' title='bbox 991 1577 1022 1603; x_wconf 90' lang='lat' dir='ltr'>et</span> <span class='ocrx_word' id='word_1_257' title='bbox 1045 1570 1179 1603; x_wconf 89' lang='lat' dir='ltr'>conclu-</span> 
     </span>
     <span class='ocr_line' id='line_1_35' title="bbox 204 1614 1179 1656; baseline 0 -11"><span class='ocrx_word' id='word_1_258' title='bbox 204 1616 270 1651; x_wconf 84' lang='lat' dir='ltr'>sio,</span> <span class='ocrx_word' id='word_1_259' title='bbox 301 1625 363 1656; x_wconf 89' lang='lat' dir='ltr'>qua</span> <span class='ocrx_word' id='word_1_260' title='bbox 387 1614 584 1646; x_wconf 90' lang='lat' dir='ltr'>horribiliter</span> <span class='ocrx_word' id='word_1_261' title='bbox 608 1616 864 1647; x_wconf 87' lang='lat' dir='ltr'>condemnamur</span> <span class='ocrx_word' id='word_1_262' title='bbox 875 1618 918 1653; x_wconf 73' lang='lat'>7⁶)</span> <span class='ocrx_word' id='word_1_263' title='bbox 948 1620 1064 1645; x_wconf 87' lang='lat' dir='ltr'>nostro</span> <span class='ocrx_word' id='word_1_264' title='bbox 1088 1615 1179 1646; x_wconf 88' lang='lat' dir='ltr'>testi-</span> 
     </span>
    </p>
   </div>
   <div class='ocr_carea' id='block_1_3' title="bbox 203 1657 1108 1699">
    <p class='ocr_par' dir='ltr' id='par_1_3' title="bbox 203 1657 1108 1699">
     <span class='ocr_line' id='line_1_36' title="bbox 203 1657 1108 1699; baseline 0 -11"><span class='ocrx_word' id='word_1_265' title='bbox 203 1658 322 1688; x_wconf 89' lang='lat' dir='ltr'>monio.</span> <span class='ocrx_word' id='word_1_266' title='bbox 368 1657 441 1689; x_wconf 88' lang='lat' dir='ltr'>Huc</span> <span class='ocrx_word' id='word_1_267' title='bbox 464 1657 567 1689; x_wconf 89' lang='lat' dir='ltr'>multa</span> <span class='ocrx_word' id='word_1_268' title='bbox 590 1658 677 1688; x_wconf 90' lang='lat' dir='ltr'>dicta</span> <span class='ocrx_word' id='word_1_269' title='bbox 700 1658 905 1699; x_wconf 89' lang='lat' dir='ltr'>Scriptorum</span> <span class='ocrx_word' id='word_1_270' title='bbox 927 1658 1108 1699; x_wconf 87' lang='lat' dir='ltr'>pertinent:</span> 
     </span>
    </p>
   </div>
   <div class='ocr_carea' id='block_1_4' title="bbox 204 1712 1181 1801">
    <p class='ocr_par' dir='ltr' id='par_1_4' title="bbox 204 1712 1181 1801">
     <span class='ocr_line' id='line_1_37' title="bbox 204 1712 1181 1754; baseline 0 -11"><span class='ocrx_word' id='word_1_271' title='bbox 204 1712 347 1744; x_wconf 85' lang='lat' dir='ltr'>Conscia</span> <span class='ocrx_word' id='word_1_272' title='bbox 369 1723 460 1744; x_wconf 90' lang='lat' dir='ltr'>mens</span> <span class='ocrx_word' id='word_1_273' title='bbox 483 1719 519 1744; x_wconf 94' lang='lat' dir='ltr'>ut</span> <span class='ocrx_word' id='word_1_274' title='bbox 542 1713 659 1754; x_wconf 89' lang='lat' dir='ltr'>cuique</span> <span class='ocrx_word' id='word_1_275' title='bbox 683 1723 744 1744; x_wconf 90' lang='lat' dir='ltr'>sua</span> <span class='ocrx_word' id='word_1_276' title='bbox 767 1719 835 1752; x_wconf 85' lang='lat' dir='ltr'>est,</span> <span class='ocrx_word' id='word_1_277' title='bbox 863 1714 908 1744; x_wconf 87' lang='lat' dir='ltr'>ita</span> <span class='ocrx_word' id='word_1_278' title='bbox 931 1713 1073 1754; x_wconf 89' lang='lat' dir='ltr'>concipit</span> <span class='ocrx_word' id='word_1_279' title='bbox 1095 1713 1181 1743; x_wconf 91' lang='lat' dir='ltr'>intra</span> 
     </span>
     <span class='ocr_line' id='line_1_38' title="bbox 239 1754 1178 1801; baseline -0.001 -15"><span class='ocrx_word' id='word_1_280' title='bbox 239 1754 392 1793; x_wconf 85' lang='lat' dir='ltr'>Pectora,</span> <span class='ocrx_word' id='word_1_281' title='bbox 414 1767 475 1797; x_wconf 93' lang='lat' dir='ltr'>pro</span> <span class='ocrx_word' id='word_1_282' title='bbox 494 1756 618 1786; x_wconf 87' lang='lat' dir='ltr'>meritis</span> <span class='ocrx_word' id='word_1_283' title='bbox 641 1765 799 1797; x_wconf 89' lang='lat' dir='ltr'>spemque</span> <span class='ocrx_word' id='word_1_284' title='bbox 822 1762 1008 1801; x_wconf 84' lang='lat' dir='ltr'>metumque</span> <span class='ocrx_word' id='word_1_285' title='bbox 1032 1756 1178 1796; x_wconf 59' lang='lat' dir='ltr'>suisflffl)</span> 
     </span>
    </p>
   </div>
   <div class='ocr_carea' id='block_1_5' title="bbox 206 1810 1182 2190">
    <p class='ocr_par' dir='ltr' id='par_1_5' title="bbox 206 1810 1182 2190">
     <span class='ocr_line' id='line_1_39' title="bbox 292 1810 1181 1852; baseline 0 -11"><span class='ocrx_word' id='word_1_286' title='bbox 292 1810 509 1842; x_wconf 84' lang='lat' dir='ltr'>LIBERTAS</span> <span class='ocrx_word' id='word_1_287' title='bbox 533 1811 577 1841; x_wconf 87' lang='lat' dir='ltr'>IN</span> <span class='ocrx_word' id='word_1_288' title='bbox 599 1810 690 1842; x_wconf 90' lang='lat' dir='ltr'>DEO</span> <span class='ocrx_word' id='word_1_289' title='bbox 721 1817 771 1842; x_wconf 86' lang='lat' dir='ltr'>est</span> <span class='ocrx_word' id='word_1_290' title='bbox 797 1821 899 1852; x_wconf 89' lang='lat' dir='ltr'>posse</span> <span class='ocrx_word' id='word_1_291' title='bbox 922 1821 978 1843; x_wconf 83' lang='lat' dir='ltr'>res</span> <span class='ocrx_word' id='word_1_292' title='bbox 1004 1821 1119 1842; x_wconf 90' lang='lat' dir='ltr'>creare</span> <span class='ocrx_word' id='word_1_293' title='bbox 1149 1816 1181 1841; x_wconf 91' lang='lat' dir='ltr'>et</span> 
     </span>
     <span class='ocr_line' id='line_1_40' title="bbox 207 1853 1181 1894; baseline 0 -11"><span class='ocrx_word' id='word_1_294' title='bbox 207 1863 271 1884; x_wconf 91' lang='lat' dir='ltr'>non</span> <span class='ocrx_word' id='word_1_295' title='bbox 297 1863 429 1891; x_wconf 88' lang='lat' dir='ltr'>creare,</span> <span class='ocrx_word' id='word_1_296' title='bbox 454 1860 485 1884; x_wconf 92' lang='lat' dir='ltr'>et</span> <span class='ocrx_word' id='word_1_297' title='bbox 509 1864 583 1885; x_wconf 88' lang='lat' dir='ltr'>cum</span> <span class='ocrx_word' id='word_1_298' title='bbox 606 1854 647 1884; x_wconf 89' lang='lat' dir='ltr'>sit</span> <span class='ocrx_word' id='word_1_299' title='bbox 670 1853 910 1886; x_wconf 87' lang='lat' dir='ltr'>immutabiliter</span> <span class='ocrx_word' id='word_1_300' title='bbox 932 1855 1057 1892; x_wconf 84' lang='lat' dir='ltr'>bonuS,</span> <span class='ocrx_word' id='word_1_301' title='bbox 1079 1863 1181 1894; x_wconf 87' lang='lat' dir='ltr'>posse</span> 
     </span>
     <span class='ocr_line' id='line_1_41' title="bbox 207 1897 1181 1937; baseline 0 -11"><span class='ocrx_word' id='word_1_302' title='bbox 207 1897 284 1926; x_wconf 87' lang='lat' dir='ltr'>dare</span> <span class='ocrx_word' id='word_1_303' title='bbox 309 1897 395 1927; x_wconf 90' lang='lat' dir='ltr'>bona</span> <span class='ocrx_word' id='word_1_304' title='bbox 418 1903 449 1927; x_wconf 91' lang='lat' dir='ltr'>et</span> <span class='ocrx_word' id='word_1_305' title='bbox 473 1906 574 1937; x_wconf 88' lang='lat' dir='ltr'>posse</span> <span class='ocrx_word' id='word_1_306' title='bbox 596 1906 663 1927; x_wconf 88' lang='lat' dir='ltr'>non</span> <span class='ocrx_word' id='word_1_307' title='bbox 687 1897 781 1934; x_wconf 89' lang='lat' dir='ltr'>dare,</span> <span class='ocrx_word' id='word_1_308' title='bbox 808 1906 1009 1928; x_wconf 87' lang='lat' dir='ltr'>conservare</span> <span class='ocrx_word' id='word_1_309' title='bbox 1031 1902 1181 1927; x_wconf 89' lang='lat' dir='ltr'>naturam</span> 
     </span>
     <span class='ocr_line' id='line_1_42' title="bbox 207 1939 1182 1980; baseline -0.001 -11"><span class='ocrx_word' id='word_1_310' title='bbox 207 1945 261 1970; x_wconf 90' lang='lat' dir='ltr'>aut</span> <span class='ocrx_word' id='word_1_311' title='bbox 286 1949 351 1969; x_wconf 88' lang='lat' dir='ltr'>non</span> <span class='ocrx_word' id='word_1_312' title='bbox 374 1949 586 1977; x_wconf 77' lang='lat' dir='ltr'>conservare,</span> <span class='ocrx_word' id='word_1_313' title='bbox 609 1949 709 1980; x_wconf 88' lang='lat' dir='ltr'>agere</span> <span class='ocrx_word' id='word_1_314' title='bbox 731 1949 791 1980; x_wconf 88' lang='lat' dir='ltr'>per</span> <span class='ocrx_word' id='word_1_315' title='bbox 812 1946 980 1971; x_wconf 85' lang='lat' dir='ltr'>creaturas</span> <span class='ocrx_word' id='word_1_316' title='bbox 1000 1939 1182 1970; x_wconf 89' lang='lat' dir='ltr'>secundum</span> 
     </span>
     <span class='ocr_line' id='line_1_43' title="bbox 208 1981 1182 2023; baseline 0 -12"><span class='ocrx_word' id='word_1_317' title='bbox 208 1988 343 2012; x_wconf 87' lang='lat' dir='ltr'>naturae</span> <span class='ocrx_word' id='word_1_318' title='bbox 368 1982 532 2020; x_wconf 88' lang='lat' dir='ltr'>ordinem,</span> <span class='ocrx_word' id='word_1_319' title='bbox 562 1991 659 2023; x_wconf 89' lang='lat' dir='ltr'>quem</span> <span class='ocrx_word' id='word_1_320' title='bbox 681 1982 832 2020; x_wconf 86' lang='lat' dir='ltr'>instituit,</span> <span class='ocrx_word' id='word_1_321' title='bbox 860 1988 915 2013; x_wconf 87' lang='lat' dir='ltr'>aut</span> <span class='ocrx_word' id='word_1_322' title='bbox 938 1988 1073 2014; x_wconf 85' lang='lat' dir='ltr'>naturae</span> <span class='ocrx_word' id='word_1_323' title='bbox 1097 1981 1182 2012; x_wconf 88' lang='lat' dir='ltr'>ordi-</span> 
     </span>
     <span class='ocr_line' id='line_1_44' title="bbox 207 2024 1182 2066; baseline 0 -12"><span class='ocrx_word' id='word_1_324' title='bbox 207 2034 279 2055; x_wconf 86' lang='lat' dir='ltr'>nem</span> <span class='ocrx_word' id='word_1_325' title='bbox 302 2024 466 2055; x_wconf 86' lang='lat' dir='ltr'>moderari</span> <span class='ocrx_word' id='word_1_326' title='bbox 488 2030 544 2055; x_wconf 90' lang='lat' dir='ltr'>aut</span> <span class='ocrx_word' id='word_1_327' title='bbox 567 2030 702 2062; x_wconf 87' lang='lat' dir='ltr'>mutare,</span> <span class='ocrx_word' id='word_1_328' title='bbox 726 2035 766 2055; x_wconf 91' lang='lat' dir='ltr'>ac</span> <span class='ocrx_word' id='word_1_329' title='bbox 788 2025 972 2056; x_wconf 87' lang='lat' dir='ltr'>immediate</span> <span class='ocrx_word' id='word_1_330' title='bbox 992 2034 1093 2066; x_wconf 88' lang='lat' dir='ltr'>agere</span> <span class='ocrx_word' id='word_1_331' title='bbox 1112 2025 1182 2055; x_wconf 88' lang='lat' dir='ltr'>sine</span> 
     </span>
     <span class='ocr_line' id='line_1_45' title="bbox 208 2066 1180 2109; baseline -0.001 -12"><span class='ocrx_word' id='word_1_332' title='bbox 208 2067 378 2097; x_wconf 88' lang='lat' dir='ltr'>creaturis.</span> <span class='ocrx_word' id='word_1_333' title='bbox 412 2066 460 2098; x_wconf 89' lang='lat' dir='ltr'>Ita</span> <span class='ocrx_word' id='word_1_334' title='bbox 483 2073 617 2108; x_wconf 89' lang='lat' dir='ltr'>praeest</span> <span class='ocrx_word' id='word_1_335' title='bbox 639 2073 775 2098; x_wconf 87' lang='lat' dir='ltr'>naturae</span> <span class='ocrx_word' id='word_1_336' title='bbox 794 2074 829 2098; x_wconf 89' lang='lat' dir='ltr'>ut</span> <span class='ocrx_word' id='word_1_337' title='bbox 847 2076 951 2109; x_wconf 87' lang='lat' dir='ltr'>agens</span> <span class='ocrx_word' id='word_1_338' title='bbox 969 2067 1180 2103; x_wconf 88' lang='lat' dir='ltr'>liberrimum,</span> 
     </span>
     <span class='ocr_line' id='line_1_46' title="bbox 206 2108 1182 2182; baseline -0.001 -42"><span class='ocrx_word' id='word_1_339' title='bbox 206 2110 297 2181; x_wconf 57' lang='grc' dir='ltr'>ἰιιιῖω,</span> <span class='ocrx_word' id='word_1_340' title='bbox 320 2109 441 2182; x_wconf 62' lang='lat' dir='ltr'>d}ctum</span> <span class='ocrx_word' id='word_1_341' title='bbox 459 2109 584 2141; x_wconf 85' lang='lat' dir='ltr'>Psalmi</span> <span class='ocrx_word' id='word_1_342' title='bbox 608 2108 694 2148; x_wconf 72' lang='lat' dir='ltr'>HIS,</span> <span class='ocrx_word' id='word_1_343' title='bbox 714 2109 778 2148; x_wconf 79' lang='lat'><strong>3.]:</strong></span> <span class='ocrx_word' id='word_1_344' title='bbox 814 2110 942 2148; x_wconf 88' lang='lat' dir='ltr'>Omnia,</span> <span class='ocrx_word' id='word_1_345' title='bbox 967 2118 1182 2151; x_wconf 88' lang='lat' dir='ltr'>quaecunque</span> 
     </span>
     <span class='ocr_line' id='line_1_47' title="bbox 206 2153 429 2190; baseline 0.004 -9"><span class='ocrx_word' id='word_1_346' title='bbox 206 2162 248 2182; x_wconf 85' lang='lat' dir='ltr'>vo</span> <span class='ocrx_word' id='word_1_347' title='bbox 264 2153 319 2190; x_wconf 86' lang='lat' dir='ltr'>uit,</span> <span class='ocrx_word' id='word_1_348' title='bbox 357 2153 429 2183; x_wconf 84' lang='lat' dir='ltr'>ecit.</span> 
     </span>
    </p>
   </div>
   <div class='ocr_carea' id='block_1_6' title="bbox 208 2204 314 2208">
    <p class='ocr_par' dir='ltr' id='par_1_6' title="bbox 208 2204 314 2208">
     <span class='ocr_line' id='line_1_48' title="bbox 208 2204 314 2208; baseline 0 0"><span class='ocrx_word' id='word_1_349' title='bbox 208 2204 314 2208; x_wconf 95' lang='lat' dir='ltr'> </span> 
     </span>
    </p>
   </div>
   <div class='ocr_carea' id='block_1_7' title="bbox 208 2206 1183 2405">
    <p class='ocr_par' dir='ltr' id='par_1_7' title="bbox 208 2206 1183 2303">
     <span class='ocr_line' id='line_1_49' title="bbox 208 2206 1183 2252; baseline 0 -7"><span class='ocrx_word' id='word_1_350' title='bbox 208 2222 252 2249; x_wconf 75' lang='grc' dir='ltr'>τι)</span> <span class='ocrx_word' id='word_1_351' title='bbox 271 2206 437 2252; x_wconf 63' lang='grc' dir='ltr'>ᾳυοᾶἶυηηυε</span> <span class='ocrx_word' id='word_1_352' title='bbox 456 2222 536 2246; x_wconf 73' lang='lat' dir='ltr'>abest</span> <span class='ocrx_word' id='word_1_353' title='bbox 553 2222 587 2247; x_wconf 68' lang='lat' dir='ltr'>ab</span> <span class='ocrx_word' id='word_1_354' title='bbox 606 2222 677 2247; x_wconf 73' lang='lat' dir='ltr'>Eum.</span> <span class='ocrx_word' id='word_1_355' title='bbox 701 2221 808 2246; x_wconf 78' lang='lat'>16—-19,</span> <span class='ocrx_word' id='word_1_356' title='bbox 829 2222 936 2246; x_wconf 69' lang='lat'>22—24.</span> <span class='ocrx_word' id='word_1_357' title='bbox 955 2220 1074 2249; x_wconf 67' lang='lat'>26-34,‚</span> <span class='ocrx_word' id='word_1_358' title='bbox 1093 2219 1146 2245; x_wconf 78' lang='lat' dir='ltr'>Der.</span> <span class='ocrx_word' id='word_1_359' title='bbox 1163 2221 1183 2245; x_wconf 90' lang='lat'>1.</span> 
     </span>
     <span class='ocr_line' id='line_1_50' title="bbox 208 2272 1006 2303; baseline -0.003 -6"><span class='ocrx_word' id='word_1_360' title='bbox 208 2273 252 2301; x_wconf 75' lang='grc'>72)</span> <span class='ocrx_word' id='word_1_361' title='bbox 273 2273 345 2297; x_wconf 82' lang='lat' dir='ltr'>nobis</span> <span class='ocrx_word' id='word_1_362' title='bbox 364 2272 457 2303; x_wconf 84' lang='lat' dir='ltr'>aliquid</span> <span class='ocrx_word' id='word_1_363' title='bbox 475 2274 632 2303; x_wconf 81' lang='lat' dir='ltr'>praecipiens</span> <span class='ocrx_word' id='word_1_364' title='bbox 652 2273 755 2298; x_wconf 77' lang='lat' dir='ltr'>absunt</span> <span class='ocrx_word' id='word_1_365' title='bbox 772 2274 807 2298; x_wconf 79' lang='lat' dir='ltr'>ab</span> <span class='ocrx_word' id='word_1_366' title='bbox 825 2273 914 2298; x_wconf 83' lang='lat' dir='ltr'>iisdem</span> <span class='ocrx_word' id='word_1_367' title='bbox 934 2273 1006 2298; x_wconf 85' lang='lat' dir='ltr'>Editt.</span> 
     </span>
    </p>

    <p class='ocr_par' dir='ltr' id='par_1_8' title="bbox 208 2323 652 2354">
     <span class='ocr_line' id='line_1_51' title="bbox 208 2323 652 2354; baseline 0.005 -7"><span class='ocrx_word' id='word_1_368' title='bbox 208 2324 252 2353; x_wconf 76' lang='grc'>73)</span> <span class='ocrx_word' id='word_1_369' title='bbox 273 2323 377 2354; x_wconf 79' lang='lat' dir='ltr'>sactum]</span> <span class='ocrx_word' id='word_1_370' title='bbox 399 2324 471 2353; x_wconf 88' lang='lat' dir='ltr'>Corp.</span> <span class='ocrx_word' id='word_1_371' title='bbox 492 2325 564 2347; x_wconf 81' lang='lat'>1—8.</span> <span class='ocrx_word' id='word_1_372' title='bbox 585 2324 652 2349; x_wconf 82' lang='lat' dir='ltr'>sacta</span> 
     </span>
    </p>

    <p class='ocr_par' dir='ltr' id='par_1_9' title="bbox 208 2374 1181 2405">
     <span class='ocr_line' id='line_1_52' title="bbox 208 2374 1181 2405; baseline -0.003 -5"><span class='ocrx_word' id='word_1_373' title='bbox 208 2375 252 2401; x_wconf 70' lang='grc'>74)</span> <span class='ocrx_word' id='word_1_374' title='bbox 273 2382 300 2399; x_wconf 82' lang='lat' dir='ltr'>se</span> <span class='ocrx_word' id='word_1_375' title='bbox 321 2375 400 2400; x_wconf 79' lang='lat' dir='ltr'>abest</span> <span class='ocrx_word' id='word_1_376' title='bbox 418 2375 452 2399; x_wconf 86' lang='lat' dir='ltr'>ab</span> <span class='ocrx_word' id='word_1_377' title='bbox 471 2375 544 2399; x_wconf 85' lang='lat' dir='ltr'>Editt.</span> <span class='ocrx_word' id='word_1_378' title='bbox 565 2374 671 2400; x_wconf 80' lang='lat'>16-23.</span> <span class='ocrx_word' id='word_1_379' title='bbox 690 2375 737 2404; x_wconf 61' lang='lat'>25„</span> <span class='ocrx_word' id='word_1_380' title='bbox 757 2376 816 2405; x_wconf 85' lang='lat' dir='ltr'>Opp.</span> <span class='ocrx_word' id='word_1_381' title='bbox 839 2376 860 2400; x_wconf 85' lang='grc'>1.</span> <span class='ocrx_word' id='word_1_382' title='bbox 879 2376 910 2402; x_wconf 74' lang='grc'>2.,</span> <span class='ocrx_word' id='word_1_383' title='bbox 929 2375 969 2399; x_wconf 69' lang='lat' dir='ltr'>Ex</span> <span class='ocrx_word' id='word_1_384' title='bbox 988 2376 1021 2405; x_wconf 81' lang='grc'>3.,</span> <span class='ocrx_word' id='word_1_385' title='bbox 1039 2374 1095 2400; x_wconf 87' lang='lat' dir='ltr'>Dei&#39;.</span> <span class='ocrx_word' id='word_1_386' title='bbox 1116 2375 1137 2398; x_wconf 83' lang='lat'>1.</span> <span class='ocrx_word' id='word_1_387' title='bbox 1159 2375 1181 2397; x_wconf 85' lang='lat'>2.</span> 
     </span>
    </p>
   </div>
   <div class='ocr_carea' id='block_1_8' title="bbox 208 2425 1182 2485">
    <p class='ocr_par' dir='ltr' id='par_1_10' title="bbox 208 2425 1182 2485">
     <span class='ocr_line' id='line_1_53' title="bbox 208 2425 1182 2485; baseline 0 -37"><span class='ocrx_word' id='word_1_388' title='bbox 208 2427 252 2456; x_wconf 77' lang='grc'>75)</span> <span class='ocrx_word' id='word_1_389' title='bbox 272 2431 296 2485; x_wconf 52' lang='lat' dir='ltr'>ebt</span> <span class='ocrx_word' id='word_1_390' title='bbox 312 2426 498 2484; x_wconf 36' lang='lat' dir='ltr'>¹quamdamque.</span> <span class='ocrx_word' id='word_1_391' title='bbox 519 2443 524 2448; x_wconf 90' lang='lat'><strong>.</strong></span> <span class='ocrx_word' id='word_1_392' title='bbox 544 2444 548 2449; x_wconf 93' lang='lat'>.</span> <span class='ocrx_word' id='word_1_393' title='bbox 568 2426 725 2456; x_wconf 80' lang='lat' dir='ltr'>praecipiens</span> <span class='ocrx_word' id='word_1_394' title='bbox 744 2426 847 2451; x_wconf 76' lang='lat' dir='ltr'>absunt</span> <span class='ocrx_word' id='word_1_395' title='bbox 865 2426 899 2451; x_wconf 81' lang='lat' dir='ltr'>ab</span> <span class='ocrx_word' id='word_1_396' title='bbox 912 2425 985 2450; x_wconf 82' lang='lat' dir='ltr'>Editt.</span> <span class='ocrx_word' id='word_1_397' title='bbox 1007 2426 1113 2450; x_wconf 85' lang='lat'>16—19.</span> <span class='ocrx_word' id='word_1_398' title='bbox 1132 2426 1182 2454; x_wconf 64' lang='lat'>23„</span> 
     </span>
     <span class='ocr_line' id='line_1_54' title="bbox 295 2466 370 2484; baseline -0.04 0"><span class='ocrx_word' id='word_1_399' title='bbox 295 2466 328 2484; x_wconf 89' lang='lat' dir='ltr'>e.</span> <span class='ocrx_word' id='word_1_400' title='bbox 366 2477 370 2481; x_wconf 94' lang='lat'>.</span> 
     </span>
    </p>
   </div>
   <div class='ocr_carea' id='block_1_9' title="bbox 207 2511 984 2593">
    <p class='ocr_par' dir='ltr' id='par_1_11' title="bbox 207 2511 984 2593">
     <span class='ocr_line' id='line_1_55' title="bbox 207 2511 984 2543; baseline 0.004 -11"><span class='ocrx_word' id='word_1_401' title='bbox 207 2511 252 2540; x_wconf 72' lang='lat'>76)</span> <span class='ocrx_word' id='word_1_402' title='bbox 272 2511 480 2543; x_wconf 80' lang='lat' dir='ltr'>condemnamur]</span> <span class='ocrx_word' id='word_1_403' title='bbox 501 2511 543 2536; x_wconf 79' lang='lat' dir='ltr'>Ed.</span> <span class='ocrx_word' id='word_1_404' title='bbox 563 2512 603 2534; x_wconf 82' lang='lat'>22.</span> <span class='ocrx_word' id='word_1_405' title='bbox 623 2514 671 2541; x_wconf 86' lang='lat' dir='ltr'>typ.</span> <span class='ocrx_word' id='word_1_406' title='bbox 691 2516 790 2536; x_wconf 79' lang='lat' dir='ltr'>errore:</span> <span class='ocrx_word' id='word_1_407' title='bbox 809 2511 984 2536; x_wconf 76' lang='lat' dir='ltr'>condonamur</span> 
     </span>
     <span class='ocr_line' id='line_1_56' title="bbox 207 2562 603 2593; baseline -0.008 -6"><span class='ocrx_word' id='word_1_408' title='bbox 207 2562 265 2587; x_wconf 63' lang='lat'>562}</span> <span class='ocrx_word' id='word_1_409' title='bbox 288 2562 355 2587; x_wconf 73' lang='lat' dir='ltr'>Ovid.</span> <span class='ocrx_word' id='word_1_410' title='bbox 375 2563 440 2588; x_wconf 76' lang='lat' dir='ltr'>fast.</span> <span class='ocrx_word' id='word_1_411' title='bbox 460 2563 478 2591; x_wconf 82' lang='grc' dir='ltr'>Ι,</span> <span class='ocrx_word' id='word_1_412' title='bbox 497 2562 546 2585; x_wconf 80' lang='grc'>485</span> <span class='ocrx_word' id='word_1_413' title='bbox 566 2569 603 2593; x_wconf 82' lang='lat' dir='ltr'>sq.</span> 
     </span>
    </p>
   </div>
   <div class='ocr_carea' id='block_1_10' title="bbox 828 115 1577 150">
    <p class='ocr_par' dir='ltr' id='par_1_12' title="bbox 828 115 1577 150">
     <span class='ocr_line' id='line_1_57' title="bbox 828 115 1577 150; baseline 0.004 -3"><span class='ocrx_word' id='word_1_414' title='bbox 828 115 941 148; x_wconf 81' lang='lat' dir='ltr'>PHIL.</span> <span class='ocrx_word' id='word_1_415' title='bbox 964 115 1067 148; x_wconf 82' lang='lat' dir='ltr'>MEL.</span> <span class='ocrx_word' id='word_1_416' title='bbox 1092 115 1278 149; x_wconf 86' lang='lat' dir='ltr'><strong>SCRIPTA</strong></span> <span class='ocrx_word' id='word_1_417' title='bbox 1299 116 1577 150; x_wconf 85' lang='lat' dir='ltr'>DOGMATICA.</span> 
     </span>
    </p>
   </div>
   <div class='ocr_carea' id='block_1_11' title="bbox 1310 122 2199 255">
    <p class='ocr_par' dir='ltr' id='par_1_13' title="bbox 1310 122 2199 255">
     <span class='ocr_line' id='line_1_58' title="bbox 2116 122 2199 156; baseline 0.036 -3"><span class='ocrx_word' id='word_1_418' title='bbox 2116 122 2199 156; x_wconf 80' lang='lat'>1084</span> 
     </span>
     <span class='ocr_line' id='line_1_59' title="bbox 1310 211 2198 255; baseline 0.007 -13"><span class='ocrx_word' id='word_1_419' title='bbox 1310 211 1434 243; x_wconf 84' lang='lat' dir='ltr'><strong>VERA</strong></span> <span class='ocrx_word' id='word_1_420' title='bbox 1456 211 1618 243; x_wconf 84' lang='lat' dir='ltr'><strong>VIRTUS</strong></span> <span class='ocrx_word' id='word_1_421' title='bbox 1644 213 1677 243; x_wconf 92' lang='lat' dir='ltr'>in</span> <span class='ocrx_word' id='word_1_422' title='bbox 1705 211 1845 255; x_wconf 86' lang='lat' dir='ltr'>Angelis</span> <span class='ocrx_word' id='word_1_423' title='bbox 1874 219 1906 246; x_wconf 89' lang='lat' dir='ltr'>et</span> <span class='ocrx_word' id='word_1_424' title='bbox 1934 214 2118 247; x_wconf 86' lang='lat' dir='ltr'>hominibus</span> <span class='ocrx_word' id='word_1_425' title='bbox 2147 223 2198 248; x_wconf 87' lang='lat' dir='ltr'>est</span> 
     </span>
    </p>
   </div>
   <div class='ocr_carea' id='block_1_12' title="bbox 1222 255 2199 511">
    <p class='ocr_par' dir='ltr' id='par_1_14' title="bbox 1222 255 2199 511">
     <span class='ocr_line' id='line_1_60' title="bbox 1223 255 2198 299; baseline 0.005 -14"><span class='ocrx_word' id='word_1_426' title='bbox 1223 260 1332 286; x_wconf 90' lang='lat' dir='ltr'>motus</span> <span class='ocrx_word' id='word_1_427' title='bbox 1356 255 1485 286; x_wconf 85' lang='lat' dir='ltr'>divinus</span> <span class='ocrx_word' id='word_1_428' title='bbox 1510 265 1698 298; x_wconf 81' lang='lat' dir='ltr'>congruens</span> <span class='ocrx_word' id='word_1_429' title='bbox 1723 267 1796 287; x_wconf 92' lang='lat' dir='ltr'>cum</span> <span class='ocrx_word' id='word_1_430' title='bbox 1814 255 1890 298; x_wconf 90' lang='lat' dir='ltr'>lege</span> <span class='ocrx_word' id='word_1_431' title='bbox 1912 257 1987 295; x_wconf 90' lang='lat' dir='ltr'>Dei,</span> <span class='ocrx_word' id='word_1_432' title='bbox 2013 258 2067 299; x_wconf 91' lang='lat' dir='ltr'>qui</span> <span class='ocrx_word' id='word_1_433' title='bbox 2089 265 2198 291; x_wconf 89' lang='lat' dir='ltr'>motus</span> 
     </span>
     <span class='ocr_line' id='line_1_61' title="bbox 1223 298 2199 341; baseline 0.005 -13"><span class='ocrx_word' id='word_1_434' title='bbox 1223 298 1414 329; x_wconf 88' lang='lat' dir='ltr'>accenditur</span> <span class='ocrx_word' id='word_1_435' title='bbox 1436 307 1456 329; x_wconf 84' lang='lat' dir='ltr'>a</span> <span class='ocrx_word' id='word_1_436' title='bbox 1478 298 1568 336; x_wconf 85' lang='lat' dir='ltr'>Deo,</span> <span class='ocrx_word' id='word_1_437' title='bbox 1597 303 1632 329; x_wconf 94' lang='lat' dir='ltr'>ut</span> <span class='ocrx_word' id='word_1_438' title='bbox 1660 299 1794 329; x_wconf 83' lang='lat' dir='ltr'>castitas</span> <span class='ocrx_word' id='word_1_439' title='bbox 1822 300 1855 330; x_wconf 91' lang='lat' dir='ltr'>in</span> <span class='ocrx_word' id='word_1_440' title='bbox 1878 299 2012 341; x_wconf 87' lang='lat' dir='ltr'>Ioseph,</span> <span class='ocrx_word' id='word_1_441' title='bbox 2042 299 2199 333; x_wconf 88' lang='lat' dir='ltr'>fortitudo</span> 
     </span>
     <span class='ocr_line' id='line_1_62' title="bbox 1223 339 2199 382; baseline 0.005 -12"><span class='ocrx_word' id='word_1_442' title='bbox 1223 340 1255 370; x_wconf 90' lang='lat' dir='ltr'>in</span> <span class='ocrx_word' id='word_1_443' title='bbox 1277 339 1419 379; x_wconf 85' lang='lat' dir='ltr'>Davide,</span> <span class='ocrx_word' id='word_1_444' title='bbox 1442 341 1530 372; x_wconf 80' lang='lat' dir='ltr'>iuxta</span> <span class='ocrx_word' id='word_1_445' title='bbox 1553 341 1641 372; x_wconf 88' lang='lat' dir='ltr'>dicta</span> <span class='ocrx_word' id='word_1_446' title='bbox 1665 341 1818 382; x_wconf 88' lang='lat' dir='ltr'>[Philipp.</span> <span class='ocrx_word' id='word_1_447' title='bbox 1842 342 1880 380; x_wconf 82' lang='lat'>2,</span> <span class='ocrx_word' id='word_1_448' title='bbox 1907 342 1989 382; x_wconf 81' lang='lat'><strong>13.]:</strong></span> <span class='ocrx_word' id='word_1_449' title='bbox 2020 342 2112 375; x_wconf 88' lang='lat' dir='ltr'>Deus</span> <span class='ocrx_word' id='word_1_450' title='bbox 2136 350 2199 382; x_wconf 89' lang='lat' dir='ltr'>est,</span> 
     </span>
     <span class='ocr_line' id='line_1_63' title="bbox 1225 381 2199 428; baseline 0.005 -15"><span class='ocrx_word' id='word_1_451' title='bbox 1225 383 1279 422; x_wconf 91' lang='lat' dir='ltr'>qui</span> <span class='ocrx_word' id='word_1_452' title='bbox 1302 381 1401 414; x_wconf 87' lang='lat' dir='ltr'>efficit</span> <span class='ocrx_word' id='word_1_453' title='bbox 1423 384 1456 414; x_wconf 91' lang='lat' dir='ltr'>in</span> <span class='ocrx_word' id='word_1_454' title='bbox 1480 384 1590 421; x_wconf 80' lang='lat' dir='ltr'>vobis,</span> <span class='ocrx_word' id='word_1_455' title='bbox 1622 389 1656 414; x_wconf 87' lang='lat' dir='ltr'>ut</span> <span class='ocrx_word' id='word_1_456' title='bbox 1683 383 1791 415; x_wconf 87' lang='lat' dir='ltr'>velitis</span> <span class='ocrx_word' id='word_1_457' title='bbox 1821 389 1854 415; x_wconf 91' lang='lat' dir='ltr'>et</span> <span class='ocrx_word' id='word_1_458' title='bbox 1880 385 2056 426; x_wconf 89' lang='lat' dir='ltr'>perficiatis</span> <span class='ocrx_word' id='word_1_459' title='bbox 2072 387 2134 428; x_wconf 85' lang='grc'>77),</span> <span class='ocrx_word' id='word_1_460' title='bbox 2164 393 2199 418; x_wconf 88' lang='lat' dir='ltr'>ut</span> 
     </span>
     <span class='ocr_line' id='line_1_64' title="bbox 1222 424 2199 468; baseline 0.005 -13"><span class='ocrx_word' id='word_1_461' title='bbox 1222 424 1301 456; x_wconf 87' lang='lat' dir='ltr'>fiant</span> <span class='ocrx_word' id='word_1_462' title='bbox 1323 424 1433 467; x_wconf 87' lang='lat' dir='ltr'>aliqua</span> <span class='ocrx_word' id='word_1_463' title='bbox 1454 427 1516 467; x_wconf 89' lang='lat' dir='ltr'>ipsi</span> <span class='ocrx_word' id='word_1_464' title='bbox 1541 432 1646 468; x_wconf 86' lang='lat' dir='ltr'>grata.</span> <span class='ocrx_word' id='word_1_465' title='bbox 1679 426 1722 457; x_wconf 87' lang='lat' dir='ltr'>Et</span> <span class='ocrx_word' id='word_1_466' title='bbox 1747 427 1775 458; x_wconf 92' lang='grc'>1.</span> <span class='ocrx_word' id='word_1_467' title='bbox 1799 426 1876 458; x_wconf 87' lang='lat' dir='ltr'>Cor.</span> <span class='ocrx_word' id='word_1_468' title='bbox 1902 428 1950 458; x_wconf 81' lang='lat'>12.</span> <span class='ocrx_word' id='word_1_469' title='bbox 1976 431 2038 466; x_wconf 69' lang='grc' dir='ltr'><strong>[νε.</strong></span> <span class='ocrx_word' id='word_1_470' title='bbox 2061 429 2107 467; x_wconf 87' lang='grc'>4.]</span> <span class='ocrx_word' id='word_1_471' title='bbox 2141 428 2199 460; x_wconf 91' lang='lat' dir='ltr'>Di-</span> 
     </span>
     <span class='ocr_line' id='line_1_65' title="bbox 1222 468 2071 511; baseline 0.004 -13"><span class='ocrx_word' id='word_1_472' title='bbox 1222 468 1367 499; x_wconf 82' lang='lat' dir='ltr'>visiones</span> <span class='ocrx_word' id='word_1_473' title='bbox 1391 469 1552 500; x_wconf 91' lang='lat' dir='ltr'>donorum</span> <span class='ocrx_word' id='word_1_474' title='bbox 1575 475 1662 508; x_wconf 87' lang='lat' dir='ltr'>sunt,</span> <span class='ocrx_word' id='word_1_475' title='bbox 1684 470 1769 500; x_wconf 87' lang='lat' dir='ltr'>idem</span> <span class='ocrx_word' id='word_1_476' title='bbox 1788 475 1895 501; x_wconf 84' lang='lat' dir='ltr'>autem</span> <span class='ocrx_word' id='word_1_477' title='bbox 1919 470 2071 511; x_wconf 88' lang='lat' dir='ltr'>Spiritus.</span> 
     </span>
    </p>
   </div>
   <div class='ocr_carea' id='block_1_13' title="bbox 1221 527 2200 729">
    <p class='ocr_par' dir='ltr' id='par_1_15' title="bbox 1221 527 2200 729">
     <span class='ocr_line' id='line_1_66' title="bbox 1308 527 2200 570; baseline 0.004 -12"><span class='ocrx_word' id='word_1_478' title='bbox 1308 527 1457 559; x_wconf 89' lang='lat' dir='ltr'><strong>OPERA</strong></span> <span class='ocrx_word' id='word_1_479' title='bbox 1478 528 1607 560; x_wconf 85' lang='lat' dir='ltr'>LEGIS</span> <span class='ocrx_word' id='word_1_480' title='bbox 1630 535 1706 560; x_wconf 87' lang='lat' dir='ltr'>sunt</span> <span class='ocrx_word' id='word_1_481' title='bbox 1732 530 1948 570; x_wconf 88' lang='lat' dir='ltr'>cogitationes</span> <span class='ocrx_word' id='word_1_482' title='bbox 1975 529 2137 562; x_wconf 82' lang='lat' dir='ltr'>humanae</span> <span class='ocrx_word' id='word_1_483' title='bbox 2167 536 2200 562; x_wconf 87' lang='lat' dir='ltr'>et</span> 
     </span>
     <span class='ocr_line' id='line_1_67' title="bbox 1222 569 2200 610; baseline 0.003 -9"><span class='ocrx_word' id='word_1_484' title='bbox 1222 570 1355 610; x_wconf 90' lang='lat' dir='ltr'>imperia</span> <span class='ocrx_word' id='word_1_485' title='bbox 1377 569 1557 602; x_wconf 84' lang='lat' dir='ltr'>voluntatis</span> <span class='ocrx_word' id='word_1_486' title='bbox 1582 572 1696 603; x_wconf 90' lang='lat' dir='ltr'>cientis</span> <span class='ocrx_word' id='word_1_487' title='bbox 1719 571 1961 610; x_wconf 89' lang='lat' dir='ltr'>locomotivam,</span> <span class='ocrx_word' id='word_1_488' title='bbox 1984 578 2020 604; x_wconf 86' lang='lat' dir='ltr'>ut</span> <span class='ocrx_word' id='word_1_489' title='bbox 2043 578 2200 604; x_wconf 78' lang='lat' dir='ltr'>externae</span> 
     </span>
     <span class='ocr_line' id='line_1_68' title="bbox 1221 613 2199 656; baseline 0.004 -13"><span class='ocrx_word' id='word_1_490' title='bbox 1221 613 1370 644; x_wconf 85' lang='lat' dir='ltr'>actiones</span> <span class='ocrx_word' id='word_1_491' title='bbox 1399 619 1583 655; x_wconf 88' lang='lat' dir='ltr'>congruant</span> <span class='ocrx_word' id='word_1_492' title='bbox 1611 625 1685 645; x_wconf 90' lang='lat' dir='ltr'>cum</span> <span class='ocrx_word' id='word_1_493' title='bbox 1702 614 1794 656; x_wconf 88' lang='lat' dir='ltr'>Lege</span> <span class='ocrx_word' id='word_1_494' title='bbox 1818 614 1892 646; x_wconf 84' lang='lat' dir='ltr'>Dei.</span> <span class='ocrx_word' id='word_1_495' title='bbox 1938 615 2034 647; x_wconf 87' lang='lat' dir='ltr'>Hunc</span> <span class='ocrx_word' id='word_1_496' title='bbox 2057 613 2199 656; x_wconf 88' lang='lat' dir='ltr'>qualem-</span> 
     </span>
     <span class='ocr_line' id='line_1_69' title="bbox 1222 655 2199 699; baseline 0.003 -13"><span class='ocrx_word' id='word_1_497' title='bbox 1222 666 1352 696; x_wconf 91' lang='lat' dir='ltr'>cunque</span> <span class='ocrx_word' id='word_1_498' title='bbox 1375 662 1529 687; x_wconf 85' lang='lat' dir='ltr'>conatum</span> <span class='ocrx_word' id='word_1_499' title='bbox 1556 657 1588 687; x_wconf 91' lang='lat' dir='ltr'>in</span> <span class='ocrx_word' id='word_1_500' title='bbox 1611 655 1742 689; x_wconf 88' lang='lat' dir='ltr'>homine</span> <span class='ocrx_word' id='word_1_501' title='bbox 1765 663 1886 688; x_wconf 89' lang='lat' dir='ltr'>vocant</span> <span class='ocrx_word' id='word_1_502' title='bbox 1910 656 2103 699; x_wconf 87' lang='lat' dir='ltr'>Philosophi</span> <span class='ocrx_word' id='word_1_503' title='bbox 2125 657 2199 689; x_wconf 85' lang='lat' dir='ltr'>Vir-</span> 
     </span>
     <span class='ocr_line' id='line_1_70' title="bbox 1222 704 1332 729; baseline -0.009 0"><span class='ocrx_word' id='word_1_504' title='bbox 1222 704 1332 729; x_wconf 87' lang='lat' dir='ltr'>tutem.</span> 
     </span>
    </p>
   </div>
   <div class='ocr_carea' id='block_1_14' title="bbox 1221 756 2202 970">
    <p class='ocr_par' dir='ltr' id='par_1_16' title="bbox 1221 756 2202 970">
     <span class='ocr_line' id='line_1_71' title="bbox 1306 756 2200 801; baseline 0.002 -13"><span class='ocrx_word' id='word_1_505' title='bbox 1306 756 1495 789; x_wconf 80' lang='lat' dir='ltr'>IUSTITIA</span> <span class='ocrx_word' id='word_1_506' title='bbox 1509 756 1807 790; x_wconf 83' lang='lat' dir='ltr'>UNIVERSALIS</span> <span class='ocrx_word' id='word_1_507' title='bbox 1825 760 1990 801; x_wconf 88' lang='lat' dir='ltr'>significat</span> <span class='ocrx_word' id='word_1_508' title='bbox 2007 760 2092 790; x_wconf 91' lang='lat' dir='ltr'>idem</span> <span class='ocrx_word' id='word_1_509' title='bbox 2111 760 2200 801; x_wconf 89' lang='lat' dir='ltr'>quod</span> 
     </span>
     <span class='ocr_line' id='line_1_72' title="bbox 1221 800 2200 843; baseline 0.003 -13"><span class='ocrx_word' id='word_1_510' title='bbox 1221 800 1344 837; x_wconf 89' lang='lat' dir='ltr'>virtus,</span> <span class='ocrx_word' id='word_1_511' title='bbox 1369 805 1401 831; x_wconf 92' lang='lat' dir='ltr'>et</span> <span class='ocrx_word' id='word_1_512' title='bbox 1425 806 1475 831; x_wconf 89' lang='lat' dir='ltr'>est</span> <span class='ocrx_word' id='word_1_513' title='bbox 1498 801 1715 841; x_wconf 85' lang='lat' dir='ltr'>congruentia</span> <span class='ocrx_word' id='word_1_514' title='bbox 1738 811 1811 832; x_wconf 88' lang='lat' dir='ltr'>cum</span> <span class='ocrx_word' id='word_1_515' title='bbox 1834 808 1904 832; x_wconf 91' lang='lat' dir='ltr'>tota</span> <span class='ocrx_word' id='word_1_516' title='bbox 1926 802 2035 843; x_wconf 86' lang='lat' dir='ltr'>Lege,</span> <span class='ocrx_word' id='word_1_517' title='bbox 2064 811 2126 833; x_wconf 88' lang='lat' dir='ltr'>seu</span> <span class='ocrx_word' id='word_1_518' title='bbox 2148 807 2200 833; x_wconf 88' lang='lat' dir='ltr'>est</span> 
     </span>
     <span class='ocr_line' id='line_1_73' title="bbox 1222 842 2200 883; baseline 0.002 -10"><span class='ocrx_word' id='word_1_519' title='bbox 1222 843 1437 883; x_wconf 84' lang='lat' dir='ltr'>congruentia</span> <span class='ocrx_word' id='word_1_520' title='bbox 1461 853 1534 874; x_wconf 87' lang='lat' dir='ltr'>cum</span> <span class='ocrx_word' id='word_1_521' title='bbox 1556 843 1642 873; x_wconf 91' lang='lat' dir='ltr'>Deo.</span> <span class='ocrx_word' id='word_1_522' title='bbox 1682 842 1770 874; x_wconf 90' lang='lat' dir='ltr'>Idem</span> <span class='ocrx_word' id='word_1_523' title='bbox 1794 849 1844 875; x_wconf 89' lang='lat' dir='ltr'>est</span> <span class='ocrx_word' id='word_1_524' title='bbox 1866 845 1952 875; x_wconf 89' lang='lat' dir='ltr'>enim</span> <span class='ocrx_word' id='word_1_525' title='bbox 1975 845 2097 881; x_wconf 88' lang='lat' dir='ltr'>dicere,</span> <span class='ocrx_word' id='word_1_526' title='bbox 2121 854 2200 876; x_wconf 90' lang='lat' dir='ltr'>con-</span> 
     </span>
     <span class='ocr_line' id='line_1_74' title="bbox 1222 885 2202 928; baseline 0.003 -13"><span class='ocrx_word' id='word_1_527' title='bbox 1222 895 1342 927; x_wconf 88' lang='lat' dir='ltr'>gruere</span> <span class='ocrx_word' id='word_1_528' title='bbox 1362 895 1436 916; x_wconf 90' lang='lat' dir='ltr'>cum</span> <span class='ocrx_word' id='word_1_529' title='bbox 1454 885 1540 923; x_wconf 89' lang='lat' dir='ltr'>Deo,</span> <span class='ocrx_word' id='word_1_530' title='bbox 1564 892 1596 916; x_wconf 93' lang='lat' dir='ltr'>et</span> <span class='ocrx_word' id='word_1_531' title='bbox 1620 895 1805 926; x_wconf 88' lang='lat' dir='ltr'>congruere</span> <span class='ocrx_word' id='word_1_532' title='bbox 1829 896 1903 917; x_wconf 87' lang='lat' dir='ltr'>cum</span> <span class='ocrx_word' id='word_1_533' title='bbox 1925 886 2000 928; x_wconf 85' lang='lat' dir='ltr'>lege</span> <span class='ocrx_word' id='word_1_534' title='bbox 2022 886 2099 924; x_wconf 86' lang='lat' dir='ltr'>Dei,</span> <span class='ocrx_word' id='word_1_535' title='bbox 2124 887 2202 928; x_wconf 87' lang='lat' dir='ltr'>quia</span> 
     </span>
     <span class='ocr_line' id='line_1_75' title="bbox 1221 926 2028 970; baseline 0.002 -12"><span class='ocrx_word' id='word_1_536' title='bbox 1221 928 1313 959; x_wconf 92' lang='lat' dir='ltr'>Deus</span> <span class='ocrx_word' id='word_1_537' title='bbox 1337 926 1413 958; x_wconf 88' lang='lat' dir='ltr'>talis</span> <span class='ocrx_word' id='word_1_538' title='bbox 1436 932 1498 965; x_wconf 89' lang='lat' dir='ltr'>est,</span> <span class='ocrx_word' id='word_1_539' title='bbox 1522 928 1609 959; x_wconf 87' lang='lat' dir='ltr'>sicut</span> <span class='ocrx_word' id='word_1_540' title='bbox 1631 938 1668 959; x_wconf 88' lang='lat' dir='ltr'>se</span> <span class='ocrx_word' id='word_1_541' title='bbox 1690 930 1723 959; x_wconf 90' lang='lat' dir='ltr'>in</span> <span class='ocrx_word' id='word_1_542' title='bbox 1745 928 1837 970; x_wconf 84' lang='lat' dir='ltr'>Lege</span> <span class='ocrx_word' id='word_1_543' title='bbox 1860 929 2028 961; x_wconf 85' lang='lat' dir='ltr'>describit.</span> 
     </span>
    </p>
   </div>
   <div class='ocr_carea' id='block_1_15' title="bbox 1220 978 2201 2166">
    <p class='ocr_par' dir='ltr' id='par_1_17' title="bbox 1220 978 2201 1349">
     <span class='ocr_line' id='line_1_76' title="bbox 1306 978 2200 1012; baseline 0.003 -4"><span class='ocrx_word' id='word_1_544' title='bbox 1306 978 1495 1009; x_wconf 87' lang='lat' dir='ltr'><strong>IUSTITIA</strong></span> <span class='ocrx_word' id='word_1_545' title='bbox 1528 978 1852 1012; x_wconf 89' lang='lat' dir='ltr'>PARTICULARIS</span> <span class='ocrx_word' id='word_1_546' title='bbox 1885 986 1936 1011; x_wconf 90' lang='lat' dir='ltr'>est</span> <span class='ocrx_word' id='word_1_547' title='bbox 1967 980 2072 1011; x_wconf 86' lang='lat' dir='ltr'>virtus</span> <span class='ocrx_word' id='word_1_548' title='bbox 2106 989 2200 1011; x_wconf 86' lang='lat' dir='ltr'>suum</span> 
     </span>
     <span class='ocr_line' id='line_1_77' title="bbox 1222 1021 2200 1064; baseline 0.002 -12"><span class='ocrx_word' id='word_1_549' title='bbox 1222 1022 1339 1062; x_wconf 89' lang='lat' dir='ltr'>cuique</span> <span class='ocrx_word' id='word_1_550' title='bbox 1357 1021 1515 1053; x_wconf 88' lang='lat' dir='ltr'>tribuens.</span> <span class='ocrx_word' id='word_1_551' title='bbox 1550 1021 1644 1052; x_wconf 91' lang='lat' dir='ltr'>Hanc</span> <span class='ocrx_word' id='word_1_552' title='bbox 1664 1022 1885 1054; x_wconf 86' lang='lat' dir='ltr'>definitionem</span> <span class='ocrx_word' id='word_1_553' title='bbox 1899 1021 1995 1053; x_wconf 88' lang='lat' dir='ltr'>Plato</span> <span class='ocrx_word' id='word_1_554' title='bbox 2015 1023 2141 1064; x_wconf 89' lang='lat' dir='ltr'>accepit</span> <span class='ocrx_word' id='word_1_555' title='bbox 2155 1024 2200 1062; x_wconf 80' lang='grc'>78)</span> 
     </span>
     <span class='ocr_line' id='line_1_78' title="bbox 1220 1063 2199 1105; baseline 0.002 -11"><span class='ocrx_word' id='word_1_556' title='bbox 1220 1074 1240 1094; x_wconf 91' lang='lat' dir='ltr'>a</span> <span class='ocrx_word' id='word_1_557' title='bbox 1264 1063 1442 1095; x_wconf 87' lang='lat' dir='ltr'>Simonide.</span> <span class='ocrx_word' id='word_1_558' title='bbox 1482 1064 1580 1105; x_wconf 89' lang='lat' dir='ltr'>Apud</span> <span class='ocrx_word' id='word_1_559' title='bbox 1604 1063 1806 1096; x_wconf 87' lang='lat' dir='ltr'>Clementem</span> <span class='ocrx_word' id='word_1_560' title='bbox 1829 1070 1920 1096; x_wconf 85' lang='lat' dir='ltr'>extat</span> <span class='ocrx_word' id='word_1_561' title='bbox 1944 1064 2087 1096; x_wconf 87' lang='lat' dir='ltr'>definitio</span> <span class='ocrx_word' id='word_1_562' title='bbox 2111 1075 2199 1096; x_wconf 90' lang='lat' dir='ltr'>com-</span> 
     </span>
     <span class='ocr_line' id='line_1_79' title="bbox 1221 1106 2200 1148; baseline 0.001 -11"><span class='ocrx_word' id='word_1_563' title='bbox 1221 1107 1327 1147; x_wconf 86' lang='lat' dir='ltr'>posita</span> <span class='ocrx_word' id='word_1_564' title='bbox 1361 1116 1402 1137; x_wconf 78' lang='lat' dir='ltr'>ex</span> <span class='ocrx_word' id='word_1_565' title='bbox 1435 1106 1613 1138; x_wconf 89' lang='lat' dir='ltr'>universali</span> <span class='ocrx_word' id='word_1_566' title='bbox 1643 1113 1675 1138; x_wconf 89' lang='lat' dir='ltr'>et</span> <span class='ocrx_word' id='word_1_567' title='bbox 1702 1106 1909 1148; x_wconf 86' lang='lat' dir='ltr'>particulari:</span> <span class='ocrx_word' id='word_1_568' title='bbox 1944 1107 2110 1146; x_wconf 74' lang='grc' dir='ltr'><strong><em>δικαιοσύνη</em></strong></span> <span class='ocrx_word' id='word_1_569' title='bbox 2139 1109 2200 1138; x_wconf 74' lang='grc' dir='ltr'>ἐστὶ</span> 
     </span>
     <span class='ocr_line' id='line_1_80' title="bbox 1221 1149 2199 1191; baseline 0.002 -13"><span class='ocrx_word' id='word_1_570' title='bbox 1221 1153 1358 1180; x_wconf 73' lang='grc' dir='ltr'><strong><em>κοινωνία</em></strong></span> <span class='ocrx_word' id='word_1_571' title='bbox 1380 1150 1454 1180; x_wconf 77' lang='grc' dir='ltr'><em>θεοῦ</em></span> <span class='ocrx_word' id='word_1_572' title='bbox 1474 1149 1549 1188; x_wconf 78' lang='grc' dir='ltr'><em>μετὰ</em></span> <span class='ocrx_word' id='word_1_573' title='bbox 1571 1149 1711 1187; x_wconf 75' lang='grc' dir='ltr'><em>ἰσότητος.</em></span> <span class='ocrx_word' id='word_1_574' title='bbox 1748 1151 1895 1191; x_wconf 83' lang='lat' dir='ltr'>Apparet</span> <span class='ocrx_word' id='word_1_575' title='bbox 1917 1156 2026 1181; x_wconf 81' lang='lat' dir='ltr'>autem</span> <span class='ocrx_word' id='word_1_576' title='bbox 2044 1155 2199 1182; x_wconf 79' lang='lat' dir='ltr'>auctores</span> 
     </span>
     <span class='ocr_line' id='line_1_81' title="bbox 1222 1190 2200 1233; baseline 0.002 -11"><span class='ocrx_word' id='word_1_577' title='bbox 1222 1190 1368 1223; x_wconf 88' lang='lat' dir='ltr'>voluisse</span> <span class='ocrx_word' id='word_1_578' title='bbox 1394 1192 1426 1222; x_wconf 94' lang='lat' dir='ltr'>in</span> <span class='ocrx_word' id='word_1_579' title='bbox 1449 1193 1559 1233; x_wconf 90' lang='lat' dir='ltr'>priore</span> <span class='ocrx_word' id='word_1_580' title='bbox 1581 1193 1728 1223; x_wconf 90' lang='lat' dir='ltr'>membro</span> <span class='ocrx_word' id='word_1_581' title='bbox 1754 1191 1927 1233; x_wconf 89' lang='lat' dir='ltr'>complecti</span> <span class='ocrx_word' id='word_1_582' title='bbox 1949 1198 2058 1224; x_wconf 89' lang='lat' dir='ltr'>motus</span> <span class='ocrx_word' id='word_1_583' title='bbox 2081 1202 2200 1224; x_wconf 88' lang='lat' dir='ltr'>accen-</span> 
     </span>
     <span class='ocr_line' id='line_1_82' title="bbox 1222 1233 2201 1276; baseline 0.001 -12"><span class='ocrx_word' id='word_1_584' title='bbox 1222 1244 1279 1264; x_wconf 89' lang='lat' dir='ltr'>sos</span> <span class='ocrx_word' id='word_1_585' title='bbox 1308 1244 1328 1264; x_wconf 91' lang='lat' dir='ltr'>a</span> <span class='ocrx_word' id='word_1_586' title='bbox 1359 1234 1483 1275; x_wconf 88' lang='lat' dir='ltr'>Spiritu</span> <span class='ocrx_word' id='word_1_587' title='bbox 1510 1240 1628 1266; x_wconf 89' lang='lat' dir='ltr'>sancto</span> <span class='ocrx_word' id='word_1_588' title='bbox 1659 1244 1739 1276; x_wconf 89' lang='lat' dir='ltr'>erga</span> <span class='ocrx_word' id='word_1_589' title='bbox 1767 1235 1893 1272; x_wconf 89' lang='lat' dir='ltr'>Deum,</span> <span class='ocrx_word' id='word_1_590' title='bbox 1932 1235 2050 1266; x_wconf 90' lang='lat' dir='ltr'>deinde</span> <span class='ocrx_word' id='word_1_591' title='bbox 2090 1233 2201 1266; x_wconf 82' lang='lat' dir='ltr'>officia</span> 
     </span>
     <span class='ocr_line' id='line_1_83' title="bbox 1221 1275 2200 1318; baseline 0.002 -12"><span class='ocrx_word' id='word_1_592' title='bbox 1221 1286 1301 1317; x_wconf 86' lang='lat' dir='ltr'>erga</span> <span class='ocrx_word' id='word_1_593' title='bbox 1327 1277 1506 1317; x_wconf 81' lang='lat' dir='ltr'>proximos.</span> <span class='ocrx_word' id='word_1_594' title='bbox 1552 1275 1758 1318; x_wconf 72' lang='lat' dir='ltr'>intelligatur</span> <span class='ocrx_word' id='word_1_595' title='bbox 1791 1283 1901 1308; x_wconf 90' lang='lat' dir='ltr'>autem</span> <span class='ocrx_word' id='word_1_596' title='bbox 1934 1276 2116 1318; x_wconf 87' lang='lat' dir='ltr'>aequalitas</span> <span class='ocrx_word' id='word_1_597' title='bbox 2147 1287 2200 1307; x_wconf 92' lang='lat' dir='ltr'>or-</span> 
     </span>
     <span class='ocr_line' id='line_1_84' title="bbox 1222 1319 1341 1349; baseline -0.008 -1"><span class='ocrx_word' id='word_1_598' title='bbox 1222 1319 1341 1349; x_wconf 87' lang='lat' dir='ltr'>dinata.</span> 
     </span>
    </p>

    <p class='ocr_par' dir='ltr' id='par_1_18' title="bbox 1221 1360 2200 2166">
     <span class='ocr_line' id='line_1_85' title="bbox 1305 1360 2200 1398; baseline 0.002 -9"><span class='ocrx_word' id='word_1_599' title='bbox 1305 1360 1511 1390; x_wconf 83' lang='lat' dir='ltr'><strong>NOTITIAE</strong></span> <span class='ocrx_word' id='word_1_600' title='bbox 1546 1366 1622 1391; x_wconf 88' lang='lat' dir='ltr'>sunt</span> <span class='ocrx_word' id='word_1_601' title='bbox 1655 1361 1804 1390; x_wconf 89' lang='lat' dir='ltr'>actiones</span> <span class='ocrx_word' id='word_1_602' title='bbox 1836 1361 1953 1390; x_wconf 89' lang='lat' dir='ltr'>mentis</span> <span class='ocrx_word' id='word_1_603' title='bbox 1992 1367 2024 1391; x_wconf 87' lang='lat' dir='ltr'>et</span> <span class='ocrx_word' id='word_1_604' title='bbox 2060 1361 2200 1398; x_wconf 85' lang='lat' dir='ltr'>cerebri,</span> 
     </span>
     <span class='ocr_line' id='line_1_86' title="bbox 1221 1400 2199 1443; baseline 0.001 -11"><span class='ocrx_word' id='word_1_605' title='bbox 1221 1402 1341 1443; x_wconf 90' lang='lat' dir='ltr'>quibus</span> <span class='ocrx_word' id='word_1_606' title='bbox 1364 1401 1546 1432; x_wconf 85' lang='lat' dir='ltr'>formantur</span> <span class='ocrx_word' id='word_1_607' title='bbox 1569 1402 1746 1442; x_wconf 81' lang='lat' dir='ltr'>imagineS,</span> <span class='ocrx_word' id='word_1_608' title='bbox 1770 1411 1854 1442; x_wconf 91' lang='lat' dir='ltr'>quae</span> <span class='ocrx_word' id='word_1_609' title='bbox 1876 1407 1953 1432; x_wconf 87' lang='lat' dir='ltr'>sunt</span> <span class='ocrx_word' id='word_1_610' title='bbox 1975 1400 2102 1440; x_wconf 86' lang='lat' dir='ltr'>lumen,</span> <span class='ocrx_word' id='word_1_611' title='bbox 2134 1413 2199 1443; x_wconf 89' lang='lat' dir='ltr'>quo</span> 
     </span>
     <span class='ocr_line' id='line_1_87' title="bbox 1221 1442 2199 1486; baseline 0.001 -12"><span class='ocrx_word' id='word_1_612' title='bbox 1221 1454 1276 1474; x_wconf 91' lang='lat' dir='ltr'>res</span> <span class='ocrx_word' id='word_1_613' title='bbox 1292 1444 1337 1483; x_wconf 81' lang='lat'>⁷⁹)</span> <span class='ocrx_word' id='word_1_614' title='bbox 1365 1449 1604 1481; x_wconf 80' lang='lat' dir='ltr'>monstrantur,</span> <span class='ocrx_word' id='word_1_615' title='bbox 1635 1449 1670 1474; x_wconf 91' lang='lat' dir='ltr'>ut</span> <span class='ocrx_word' id='word_1_616' title='bbox 1699 1442 1798 1474; x_wconf 87' lang='lat' dir='ltr'>lulius</span> <span class='ocrx_word' id='word_1_617' title='bbox 1828 1445 1979 1486; x_wconf 88' lang='lat' dir='ltr'>cogitans</span> <span class='ocrx_word' id='word_1_618' title='bbox 2010 1444 2199 1485; x_wconf 87' lang='lat' dir='ltr'>Pompeium</span> 
     </span>
     <span class='ocr_line' id='line_1_88' title="bbox 1222 1484 2199 1528; baseline 0.001 -12"><span class='ocrx_word' id='word_1_619' title='bbox 1222 1487 1393 1517; x_wconf 88' lang='lat' dir='ltr'>absentem</span> <span class='ocrx_word' id='word_1_620' title='bbox 1415 1496 1454 1516; x_wconf 93' lang='lat' dir='ltr'>ea</span> <span class='ocrx_word' id='word_1_621' title='bbox 1477 1487 1549 1527; x_wconf 86' lang='lat' dir='ltr'>ipsa</span> <span class='ocrx_word' id='word_1_622' title='bbox 1569 1487 1768 1528; x_wconf 90' lang='lat' dir='ltr'>cogitatione</span> <span class='ocrx_word' id='word_1_623' title='bbox 1787 1484 1907 1517; x_wconf 88' lang='lat' dir='ltr'>format</span> <span class='ocrx_word' id='word_1_624' title='bbox 1925 1487 2098 1528; x_wconf 87' lang='lat' dir='ltr'>imaginem</span> <span class='ocrx_word' id='word_1_625' title='bbox 2117 1487 2199 1518; x_wconf 89' lang='lat' dir='ltr'>eius.</span> 
     </span>
     <span class='ocr_line' id='line_1_89' title="bbox 1221 1528 2199 1570; baseline 0 -10"><span class='ocrx_word' id='word_1_626' title='bbox 1221 1529 1293 1560; x_wconf 89' lang='lat' dir='ltr'>Hoc</span> <span class='ocrx_word' id='word_1_627' title='bbox 1310 1529 1356 1559; x_wconf 91' lang='lat' dir='ltr'>ita</span> <span class='ocrx_word' id='word_1_628' title='bbox 1374 1528 1444 1559; x_wconf 88' lang='lat' dir='ltr'>fieri</span> <span class='ocrx_word' id='word_1_629' title='bbox 1462 1528 1671 1559; x_wconf 81' lang='lat' dir='ltr'>manifestum</span> <span class='ocrx_word' id='word_1_630' title='bbox 1690 1534 1759 1565; x_wconf 86' lang='lat' dir='ltr'>est;</span> <span class='ocrx_word' id='word_1_631' title='bbox 1783 1529 1947 1570; x_wconf 88' lang='lat' dir='ltr'>quomodo</span> <span class='ocrx_word' id='word_1_632' title='bbox 1966 1528 2034 1567; x_wconf 75' lang='lat' dir='ltr'>fiat,</span> <span class='ocrx_word' id='word_1_633' title='bbox 2055 1529 2199 1560; x_wconf 82' lang='lat' dir='ltr'>nondum</span> 
     </span>
     <span class='ocr_line' id='line_1_90' title="bbox 1222 1570 2198 1609; baseline 0.001 -7"><span class='ocrx_word' id='word_1_634' title='bbox 1222 1572 1360 1609; x_wconf 89' lang='lat' dir='ltr'>scimus,</span> <span class='ocrx_word' id='word_1_635' title='bbox 1396 1572 1456 1602; x_wconf 88' lang='lat' dir='ltr'>sed</span> <span class='ocrx_word' id='word_1_636' title='bbox 1487 1572 1521 1602; x_wconf 89' lang='lat' dir='ltr'>in</span> <span class='ocrx_word' id='word_1_637' title='bbox 1554 1570 1611 1602; x_wconf 88' lang='lat' dir='ltr'>illa</span> <span class='ocrx_word' id='word_1_638' title='bbox 1644 1576 1777 1602; x_wconf 86' lang='lat' dir='ltr'>aeterna</span> <span class='ocrx_word' id='word_1_639' title='bbox 1809 1571 1989 1602; x_wconf 89' lang='lat' dir='ltr'>Academia</span> <span class='ocrx_word' id='word_1_640' title='bbox 2022 1572 2198 1603; x_wconf 84' lang='lat' dir='ltr'>discemus.</span> 
     </span>
     <span class='ocr_line' id='line_1_91' title="bbox 1222 1613 2199 1654; baseline 0.001 -10"><span class='ocrx_word' id='word_1_641' title='bbox 1222 1614 1351 1645; x_wconf 80' lang='lat' dir='ltr'>interea</span> <span class='ocrx_word' id='word_1_642' title='bbox 1381 1614 1626 1645; x_wconf 89' lang='lat' dir='ltr'>consideremus</span> <span class='ocrx_word' id='word_1_643' title='bbox 1656 1613 1721 1645; x_wconf 85' lang='lat' dir='ltr'>hoc</span> <span class='ocrx_word' id='word_1_644' title='bbox 1751 1614 1933 1645; x_wconf 89' lang='lat' dir='ltr'>mirandum</span> <span class='ocrx_word' id='word_1_645' title='bbox 1962 1624 2046 1654; x_wconf 91' lang='lat' dir='ltr'>opus</span> <span class='ocrx_word' id='word_1_646' title='bbox 2074 1613 2138 1645; x_wconf 90' lang='lat' dir='ltr'>Dei</span> <span class='ocrx_word' id='word_1_647' title='bbox 2166 1615 2199 1645; x_wconf 91' lang='lat' dir='ltr'>in</span> 
     </span>
     <span class='ocr_line' id='line_1_92' title="bbox 1221 1655 2199 1698; baseline 0 -11"><span class='ocrx_word' id='word_1_648' title='bbox 1221 1657 1422 1694; x_wconf 85' lang='lat' dir='ltr'>hominibus,</span> <span class='ocrx_word' id='word_1_649' title='bbox 1442 1663 1473 1687; x_wconf 92' lang='lat' dir='ltr'>et</span> <span class='ocrx_word' id='word_1_650' title='bbox 1492 1657 1657 1688; x_wconf 87' lang='lat' dir='ltr'>discamus</span> <span class='ocrx_word' id='word_1_651' title='bbox 1675 1657 1761 1687; x_wconf 91' lang='lat' dir='ltr'>hanc</span> <span class='ocrx_word' id='word_1_652' title='bbox 1779 1655 2006 1688; x_wconf 87' lang='lat' dir='ltr'>formationem</span> <span class='ocrx_word' id='word_1_653' title='bbox 2024 1658 2199 1698; x_wconf 85' lang='lat' dir='ltr'>imaginum</span> 
     </span>
     <span class='ocr_line' id='line_1_93' title="bbox 1223 1697 2199 1740; baseline 0 -10"><span class='ocrx_word' id='word_1_654' title='bbox 1223 1700 1319 1731; x_wconf 87' lang='lat' dir='ltr'>nobis</span> <span class='ocrx_word' id='word_1_655' title='bbox 1341 1700 1475 1730; x_wconf 88' lang='lat' dir='ltr'>inditam</span> <span class='ocrx_word' id='word_1_656' title='bbox 1495 1709 1584 1737; x_wconf 87' lang='lat' dir='ltr'>esse,</span> <span class='ocrx_word' id='word_1_657' title='bbox 1604 1705 1639 1730; x_wconf 88' lang='lat' dir='ltr'>ut</span> <span class='ocrx_word' id='word_1_658' title='bbox 1657 1698 1766 1740; x_wconf 86' lang='lat' dir='ltr'>aliquo</span> <span class='ocrx_word' id='word_1_659' title='bbox 1781 1700 1879 1730; x_wconf 91' lang='lat' dir='ltr'>modo</span> <span class='ocrx_word' id='word_1_660' title='bbox 1896 1700 2078 1740; x_wconf 82' lang='lat' dir='ltr'>cogitemus</span> <span class='ocrx_word' id='word_1_661' title='bbox 2098 1697 2199 1731; x_wconf 89' lang='lat' dir='ltr'>filium</span> 
     </span>
     <span class='ocr_line' id='line_1_94' title="bbox 1222 1741 2199 1784; baseline 0 -11"><span class='ocrx_word' id='word_1_662' title='bbox 1222 1742 1286 1773; x_wconf 85' lang='lat' dir='ltr'>Dei</span> <span class='ocrx_word' id='word_1_663' title='bbox 1309 1751 1386 1773; x_wconf 88' lang='lat' dir='ltr'>esse</span> <span class='ocrx_word' id='word_1_664' title='bbox 1407 1743 1580 1783; x_wconf 85' lang='lat' dir='ltr'>imaginem</span> <span class='ocrx_word' id='word_1_665' title='bbox 1603 1742 1726 1772; x_wconf 87' lang='lat' dir='ltr'>aeterni</span> <span class='ocrx_word' id='word_1_666' title='bbox 1749 1741 1856 1772; x_wconf 89' lang='lat' dir='ltr'>Patris</span> <span class='ocrx_word' id='word_1_667' title='bbox 1887 1743 2086 1783; x_wconf 90' lang='lat' dir='ltr'>cogitatione</span> <span class='ocrx_word' id='word_1_668' title='bbox 2110 1743 2199 1784; x_wconf 87' lang='lat' dir='ltr'>geni·</span> 
     </span>
     <span class='ocr_line' id='line_1_95' title="bbox 1224 1783 2198 1825; baseline 0 -10"><span class='ocrx_word' id='word_1_669' title='bbox 1224 1791 1300 1823; x_wconf 89' lang='lat' dir='ltr'>tam,</span> <span class='ocrx_word' id='word_1_670' title='bbox 1324 1790 1358 1815; x_wconf 89' lang='lat' dir='ltr'>ut</span> <span class='ocrx_word' id='word_1_671' title='bbox 1381 1785 1484 1825; x_wconf 90' lang='lat' dir='ltr'>inquit</span> <span class='ocrx_word' id='word_1_672' title='bbox 1506 1783 1656 1825; x_wconf 84' lang='lat' dir='ltr'>Epistola</span> <span class='ocrx_word' id='word_1_673' title='bbox 1677 1785 1720 1815; x_wconf 88' lang='lat' dir='ltr'>ad</span> <span class='ocrx_word' id='word_1_674' title='bbox 1738 1784 1912 1815; x_wconf 88' lang='lat' dir='ltr'>Hebraeos</span> <span class='ocrx_word' id='word_1_675' title='bbox 1937 1785 1980 1823; x_wconf 92' lang='lat' dir='ltr'>[l,</span> <span class='ocrx_word' id='word_1_676' title='bbox 2003 1784 2064 1823; x_wconf 85' lang='lat'>3.]:</span> <span class='ocrx_word' id='word_1_677' title='bbox 2096 1783 2198 1816; x_wconf 85' lang='lat' dir='ltr'>Filius</span> 
     </span>
     <span class='ocr_line' id='line_1_96' title="bbox 1225 1826 2199 1869; baseline 0.002 -12"><span class='ocrx_word' id='word_1_678' title='bbox 1225 1832 1274 1858; x_wconf 89' lang='lat' dir='ltr'>est</span> <span class='ocrx_word' id='word_1_679' title='bbox 1296 1827 1446 1869; x_wconf 76' lang='grc' dir='ltr'><strong><em>χαρακτὴρ</em></strong></span> <span class='ocrx_word' id='word_1_680' title='bbox 1464 1828 1513 1865; x_wconf 74' lang='grc' dir='ltr'>τῆς</span> <span class='ocrx_word' id='word_1_681' title='bbox 1535 1827 1724 1863; x_wconf 75' lang='grc' dir='ltr'><em>ὑποστάσεως</em></span> <span class='ocrx_word' id='word_1_682' title='bbox 1747 1826 1841 1857; x_wconf 76' lang='grc' dir='ltr'><strong>αὐτοῦ.</strong></span> <span class='ocrx_word' id='word_1_683' title='bbox 1880 1827 1975 1858; x_wconf 89' lang='lat' dir='ltr'>Fiunt</span> <span class='ocrx_word' id='word_1_684' title='bbox 1997 1832 2104 1858; x_wconf 83' lang='lat' dir='ltr'>autem</span> <span class='ocrx_word' id='word_1_685' title='bbox 2126 1826 2199 1859; x_wconf 84' lang='lat' dir='ltr'>illu-</span> 
     </span>
     <span class='ocr_line' id='line_1_97' title="bbox 1224 1869 2199 1911; baseline 0 -11"><span class='ocrx_word' id='word_1_686' title='bbox 1224 1871 1361 1901; x_wconf 87' lang='lat' dir='ltr'>striores</span> <span class='ocrx_word' id='word_1_687' title='bbox 1384 1870 1537 1908; x_wconf 88' lang='lat' dir='ltr'>Notitiae,</span> <span class='ocrx_word' id='word_1_688' title='bbox 1562 1870 1694 1911; x_wconf 86' lang='lat' dir='ltr'>quando</span> <span class='ocrx_word' id='word_1_689' title='bbox 1716 1869 1811 1900; x_wconf 84' lang='lat' dir='ltr'>Deus</span> <span class='ocrx_word' id='word_1_690' title='bbox 1833 1870 1905 1910; x_wconf 90' lang='lat' dir='ltr'>ipse</span> <span class='ocrx_word' id='word_1_691' title='bbox 1926 1869 1992 1900; x_wconf 91' lang='lat' dir='ltr'>hoc</span> <span class='ocrx_word' id='word_1_692' title='bbox 2013 1869 2122 1901; x_wconf 91' lang='lat' dir='ltr'>lumen</span> <span class='ocrx_word' id='word_1_693' title='bbox 2144 1880 2199 1901; x_wconf 90' lang='lat' dir='ltr'>ac—</span> 
     </span>
     <span class='ocr_line' id='line_1_98' title="bbox 1226 1911 2198 1953; baseline -0.001 -10"><span class='ocrx_word' id='word_1_694' title='bbox 1226 1913 1348 1951; x_wconf 87' lang='lat' dir='ltr'>cendit,</span> <span class='ocrx_word' id='word_1_695' title='bbox 1377 1911 1530 1943; x_wconf 90' lang='lat' dir='ltr'>videlicet</span> <span class='ocrx_word' id='word_1_696' title='bbox 1552 1913 1683 1953; x_wconf 91' lang='lat' dir='ltr'>quando</span> <span class='ocrx_word' id='word_1_697' title='bbox 1707 1911 1807 1943; x_wconf 91' lang='lat' dir='ltr'>Filius</span> <span class='ocrx_word' id='word_1_698' title='bbox 1830 1912 1892 1942; x_wconf 85' lang='lat' dir='ltr'>Dei</span> <span class='ocrx_word' id='word_1_699' title='bbox 1920 1912 1992 1952; x_wconf 89' lang='lat' dir='ltr'>ipse</span> <span class='ocrx_word' id='word_1_700' title='bbox 2020 1913 2098 1943; x_wconf 91' lang='lat' dir='ltr'>dicit</span> <span class='ocrx_word' id='word_1_701' title='bbox 2121 1921 2198 1943; x_wconf 88' lang='lat' dir='ltr'>con-</span> 
     </span>
     <span class='ocr_line' id='line_1_99' title="bbox 1225 1954 2198 1987; baseline -0.001 -1"><span class='ocrx_word' id='word_1_702' title='bbox 1225 1954 1420 1987; x_wconf 81' lang='lat' dir='ltr'>solationem</span> <span class='ocrx_word' id='word_1_703' title='bbox 1450 1956 1482 1986; x_wconf 92' lang='lat' dir='ltr'>in</span> <span class='ocrx_word' id='word_1_704' title='bbox 1508 1956 1669 1986; x_wconf 89' lang='lat' dir='ltr'>mentibus</span> <span class='ocrx_word' id='word_1_705' title='bbox 1693 1955 1815 1985; x_wconf 85' lang='lat' dir='ltr'>nostris</span> <span class='ocrx_word' id='word_1_706' title='bbox 1844 1960 1875 1984; x_wconf 90' lang='lat' dir='ltr'>et</span> <span class='ocrx_word' id='word_1_707' title='bbox 1903 1954 2044 1984; x_wconf 89' lang='lat' dir='ltr'>ostendit</span> <span class='ocrx_word' id='word_1_708' title='bbox 2067 1954 2198 1985; x_wconf 88' lang='lat' dir='ltr'>Patrem</span> 
     </span>
     <span class='ocr_line' id='line_1_100' title="bbox 1224 1995 2199 2039; baseline -0.002 -10"><span class='ocrx_word' id='word_1_709' title='bbox 1224 2008 1308 2029; x_wconf 84' lang='lat' dir='ltr'>voce</span> <span class='ocrx_word' id='word_1_710' title='bbox 1338 1997 1526 2039; x_wconf 89' lang='lat' dir='ltr'>Evangelii,</span> <span class='ocrx_word' id='word_1_711' title='bbox 1559 2003 1594 2028; x_wconf 91' lang='lat' dir='ltr'>ut</span> <span class='ocrx_word' id='word_1_712' title='bbox 1627 1997 1662 2028; x_wconf 91' lang='lat' dir='ltr'>fit</span> <span class='ocrx_word' id='word_1_713' title='bbox 1694 1997 1727 2027; x_wconf 91' lang='lat' dir='ltr'>in</span> <span class='ocrx_word' id='word_1_714' title='bbox 1757 2006 1837 2027; x_wconf 86' lang='lat' dir='ltr'>vera</span> <span class='ocrx_word' id='word_1_715' title='bbox 1869 1995 2106 2027; x_wconf 88' lang='lat' dir='ltr'>consolatione.</span> <span class='ocrx_word' id='word_1_716' title='bbox 2150 1996 2199 2027; x_wconf 85' lang='lat' dir='ltr'>lta</span> 
     </span>
     <span class='ocr_line' id='line_1_101' title="bbox 1225 2038 2199 2081; baseline -0.002 -10"><span class='ocrx_word' id='word_1_717' title='bbox 1225 2042 1382 2081; x_wconf 88' lang='lat' dir='ltr'>scriptum</span> <span class='ocrx_word' id='word_1_718' title='bbox 1406 2046 1456 2071; x_wconf 84' lang='lat' dir='ltr'>est</span> <span class='ocrx_word' id='word_1_719' title='bbox 1478 2041 1518 2071; x_wconf 92' lang='lat' dir='ltr'>ad</span> <span class='ocrx_word' id='word_1_720' title='bbox 1538 2040 1638 2071; x_wconf 87' lang='lat' dir='ltr'>Hebr.</span> <span class='ocrx_word' id='word_1_721' title='bbox 1662 2049 1734 2080; x_wconf 90' lang='lat' dir='ltr'>cap.</span> <span class='ocrx_word' id='word_1_722' title='bbox 1754 2039 1784 2069; x_wconf 87' lang='grc'>4.</span> <span class='ocrx_word' id='word_1_723' title='bbox 1825 2038 1941 2069; x_wconf 89' lang='lat' dir='ltr'>Sermo</span> <span class='ocrx_word' id='word_1_724' title='bbox 1960 2038 2023 2069; x_wconf 91' lang='lat' dir='ltr'>Dei</span> <span class='ocrx_word' id='word_1_725' title='bbox 2046 2039 2143 2070; x_wconf 88' lang='lat' dir='ltr'>vivus</span> <span class='ocrx_word' id='word_1_726' title='bbox 2166 2043 2199 2069; x_wconf 87' lang='lat' dir='ltr'>et</span> 
     </span>
     <span class='ocr_line' id='line_1_102' title="bbox 1225 2080 2198 2124; baseline -0.003 -10"><span class='ocrx_word' id='word_1_727' title='bbox 1225 2082 1344 2114; x_wconf 79' lang='lat' dir='ltr'>efficax</span> <span class='ocrx_word' id='word_1_728' title='bbox 1367 2089 1399 2114; x_wconf 92' lang='lat' dir='ltr'>et</span> <span class='ocrx_word' id='word_1_729' title='bbox 1416 2083 1640 2124; x_wconf 89' lang='lat' dir='ltr'>penetrantior</span> <span class='ocrx_word' id='word_1_730' title='bbox 1659 2082 1746 2112; x_wconf 91' lang='lat' dir='ltr'>omni</span> <span class='ocrx_word' id='word_1_731' title='bbox 1765 2080 1887 2123; x_wconf 81' lang='lat' dir='ltr'>gladic,</span> <span class='ocrx_word' id='word_1_732' title='bbox 1910 2087 2085 2123; x_wconf 88' lang='lat' dir='ltr'>penetrans</span> <span class='ocrx_word' id='word_1_733' title='bbox 2107 2086 2198 2112; x_wconf 84' lang='lat' dir='ltr'>artus</span> 
     </span>
     <span class='ocr_line' id='line_1_103' title="bbox 1226 2122 2198 2166; baseline -0.002 -10"><span class='ocrx_word' id='word_1_734' title='bbox 1226 2131 1257 2157; x_wconf 93' lang='lat' dir='ltr'>et</span> <span class='ocrx_word' id='word_1_735' title='bbox 1279 2124 1451 2163; x_wconf 90' lang='lat' dir='ltr'>medullas,</span> <span class='ocrx_word' id='word_1_736' title='bbox 1475 2125 1624 2156; x_wconf 86' lang='lat' dir='ltr'>iudicans</span> <span class='ocrx_word' id='word_1_737' title='bbox 1648 2125 1864 2166; x_wconf 87' lang='lat' dir='ltr'>cogitationes</span> <span class='ocrx_word' id='word_1_738' title='bbox 1889 2124 2035 2155; x_wconf 89' lang='lat' dir='ltr'>cordium</span> <span class='ocrx_word' id='word_1_739' title='bbox 2057 2128 2119 2154; x_wconf 89' lang='lat' dir='ltr'>etc.</span> <span class='ocrx_word' id='word_1_740' title='bbox 2157 2122 2198 2154; x_wconf 88' lang='lat' dir='ltr'>Et</span> 
     </span>
    </p>
   </div>
   <div class='ocr_carea' id='block_1_16' title="bbox 1225 2196 1429 2200">
    <p class='ocr_par' dir='ltr' id='par_1_19' title="bbox 1225 2196 1429 2200">
     <span class='ocr_line' id='line_1_104' title="bbox 1225 2196 1429 2200; baseline 0 0"><span class='ocrx_word' id='word_1_741' title='bbox 1225 2196 1429 2200; x_wconf 95' lang='lat' dir='ltr'> </span> 
     </span>
    </p>
   </div>
   <div class='ocr_carea' id='block_1_17' title="bbox 1227 2218 1969 2303">
    <p class='ocr_par' dir='ltr' id='par_1_20' title="bbox 1227 2218 1969 2303">
     <span class='ocr_line' id='line_1_105' title="bbox 1227 2218 1909 2252; baseline 0 -9"><span class='ocrx_word' id='word_1_742' title='bbox 1227 2222 1272 2252; x_wconf 92' lang='grc'>77)</span> <span class='ocrx_word' id='word_1_743' title='bbox 1292 2220 1448 2252; x_wconf 73' lang='lat' dir='ltr'>perficiatis,]</span> <span class='ocrx_word' id='word_1_744' title='bbox 1466 2220 1538 2245; x_wconf 80' lang='lat' dir='ltr'>Editt.</span> <span class='ocrx_word' id='word_1_745' title='bbox 1562 2219 1668 2244; x_wconf 83' lang='lat'>16—19.</span> <span class='ocrx_word' id='word_1_746' title='bbox 1687 2219 1727 2244; x_wconf 81' lang='lat'>22.</span> <span class='ocrx_word' id='word_1_747' title='bbox 1746 2219 1786 2242; x_wconf 84' lang='lat'>23.</span> <span class='ocrx_word' id='word_1_748' title='bbox 1805 2218 1909 2248; x_wconf 78' lang='lat' dir='ltr'>perficit,</span> 
     </span>
     <span class='ocr_line' id='line_1_106' title="bbox 1227 2269 1969 2303; baseline -0.001 -9"><span class='ocrx_word' id='word_1_749' title='bbox 1227 2272 1272 2303; x_wconf 85' lang='lat'>78)</span> <span class='ocrx_word' id='word_1_750' title='bbox 1292 2271 1397 2303; x_wconf 83' lang='lat' dir='ltr'>accepit]</span> <span class='ocrx_word' id='word_1_751' title='bbox 1418 2271 1490 2296; x_wconf 86' lang='lat' dir='ltr'>Editt.</span> <span class='ocrx_word' id='word_1_752' title='bbox 1510 2270 1616 2295; x_wconf 79' lang='lat'>16—19,</span> <span class='ocrx_word' id='word_1_753' title='bbox 1635 2271 1675 2294; x_wconf 81' lang='lat'>22.</span> <span class='ocrx_word' id='word_1_754' title='bbox 1696 2270 1743 2296; x_wconf 79' lang='lat'>23..</span> <span class='ocrx_word' id='word_1_755' title='bbox 1760 2269 1815 2295; x_wconf 79' lang='lat' dir='ltr'>Des.</span> <span class='ocrx_word' id='word_1_756' title='bbox 1838 2270 1858 2293; x_wconf 80' lang='lat' dir='ltr'>l.</span> <span class='ocrx_word' id='word_1_757' title='bbox 1879 2270 1969 2300; x_wconf 85' lang='lat' dir='ltr'>accipit</span> 
     </span>
    </p>
   </div>
   <div class='ocr_carea' id='block_1_18' title="bbox 1228 2319 2201 2586">
    <p class='ocr_par' dir='ltr' id='par_1_21' title="bbox 1228 2319 2201 2586">
     <span class='ocr_line' id='line_1_107' title="bbox 1228 2319 2198 2355; baseline -0.002 -10"><span class='ocrx_word' id='word_1_758' title='bbox 1228 2323 1273 2355; x_wconf 83' lang='lat'>79)</span> <span class='ocrx_word' id='word_1_759' title='bbox 1292 2323 1349 2347; x_wconf 83' lang='lat' dir='ltr'>Pro</span> <span class='ocrx_word' id='word_1_760' title='bbox 1368 2328 1442 2352; x_wconf 78' lang='lat' dir='ltr'>seqq.</span> <span class='ocrx_word' id='word_1_761' title='bbox 1462 2324 1643 2350; x_wconf 79' lang='lat' dir='ltr'>monstrantur.</span> <span class='ocrx_word' id='word_1_762' title='bbox 1670 2324 1697 2346; x_wconf 87' lang='lat' dir='ltr'>ut</span> <span class='ocrx_word' id='word_1_763' title='bbox 1716 2339 1721 2344; x_wconf 87' lang='lat'><strong><em>.</em></strong></span> <span class='ocrx_word' id='word_1_764' title='bbox 1742 2339 1747 2344; x_wconf 90' lang='lat'><em>.</em></span> <span class='ocrx_word' id='word_1_765' title='bbox 1769 2339 1773 2344; x_wconf 94' lang='lat'>.</span> <span class='ocrx_word' id='word_1_766' title='bbox 1801 2327 1842 2345; x_wconf 87' lang='lat' dir='ltr'>res</span> <span class='ocrx_word' id='word_1_767' title='bbox 1870 2326 1932 2350; x_wconf 85' lang='lat' dir='ltr'>quas</span> <span class='ocrx_word' id='word_1_768' title='bbox 1950 2320 2017 2345; x_wconf 86' lang='lat' dir='ltr'>Deus</span> <span class='ocrx_word' id='word_1_769' title='bbox 2042 2319 2095 2344; x_wconf 78' lang='lat' dir='ltr'>mlt</span> <span class='ocrx_word' id='word_1_770' title='bbox 2121 2319 2198 2349; x_wconf 82' lang='lat' dir='ltr'>aspici</span> 
     </span>
     <span class='ocr_line' id='line_1_108' title="bbox 1295 2352 2201 2386; baseline -0.004 -5"><span class='ocrx_word' id='word_1_771' title='bbox 1295 2358 1344 2382; x_wconf 79' lang='lat' dir='ltr'>cet.</span> <span class='ocrx_word' id='word_1_772' title='bbox 1373 2356 1441 2386; x_wconf 79' lang='lat' dir='ltr'>(sub</span> <span class='ocrx_word' id='word_1_773' title='bbox 1462 2355 1509 2386; x_wconf 77' lang='lat' dir='ltr'>fin.</span> <span class='ocrx_word' id='word_1_774' title='bbox 1528 2356 1612 2380; x_wconf 75' lang='lat' dir='ltr'>huius</span> <span class='ocrx_word' id='word_1_775' title='bbox 1629 2355 1702 2386; x_wconf 81' lang='lat' dir='ltr'>des.)</span> <span class='ocrx_word' id='word_1_776' title='bbox 1721 2355 1749 2380; x_wconf 73' lang='lat' dir='ltr'>in</span> <span class='ocrx_word' id='word_1_777' title='bbox 1766 2354 1838 2379; x_wconf 83' lang='lat' dir='ltr'>Editt.</span> <span class='ocrx_word' id='word_1_778' title='bbox 1860 2353 1890 2376; x_wconf 84' lang='grc'>16</span> <span class='ocrx_word' id='word_1_779' title='bbox 1909 2368 1941 2371; x_wconf 83' lang='lat'>-—</span> <span class='ocrx_word' id='word_1_780' title='bbox 1961 2353 2001 2377; x_wconf 84' lang='lat'>19.</span> <span class='ocrx_word' id='word_1_781' title='bbox 2021 2352 2069 2383; x_wconf 82' lang='lat'>23.⁷</span> <span class='ocrx_word' id='word_1_782' title='bbox 2103 2352 2157 2378; x_wconf 79' lang='lat' dir='ltr'>Det&#39;.</span> <span class='ocrx_word' id='word_1_783' title='bbox 2178 2353 2201 2377; x_wconf 87' lang='lat'>1.</span> 
     </span>
     <span class='ocr_line' id='line_1_109' title="bbox 1295 2386 2198 2418; baseline -0.004 -3"><span class='ocrx_word' id='word_1_784' title='bbox 1295 2391 1363 2415; x_wconf 74' lang='lat' dir='ltr'>haec</span> <span class='ocrx_word' id='word_1_785' title='bbox 1380 2392 1463 2415; x_wconf 85' lang='lat' dir='ltr'>sunt:</span> <span class='ocrx_word' id='word_1_786' title='bbox 1501 2392 1691 2418; x_wconf 81' lang='lat' dir='ltr'>monstrantur,</span> <span class='ocrx_word' id='word_1_787' title='bbox 1719 2391 1744 2413; x_wconf 83' lang='lat' dir='ltr'>et</span> <span class='ocrx_word' id='word_1_788' title='bbox 1761 2389 1809 2413; x_wconf 86' lang='lat' dir='ltr'>hae</span> <span class='ocrx_word' id='word_1_789' title='bbox 1827 2388 1891 2413; x_wconf 78' lang='lat' dir='ltr'>fiunt</span> <span class='ocrx_word' id='word_1_790' title='bbox 1907 2388 2073 2416; x_wconf 76' lang='lat' dir='ltr'>illustriores.</span> <span class='ocrx_word' id='word_1_791' title='bbox 2098 2386 2198 2418; x_wconf 82' lang='lat' dir='ltr'>quaudo</span> 
     </span>
     <span class='ocr_line' id='line_1_110' title="bbox 1294 2420 2198 2454; baseline -0.006 -5"><span class='ocrx_word' id='word_1_792' title='bbox 1294 2425 1361 2449; x_wconf 84' lang='lat' dir='ltr'>Deus</span> <span class='ocrx_word' id='word_1_793' title='bbox 1380 2425 1433 2454; x_wconf 88' lang='lat' dir='ltr'>ipse</span> <span class='ocrx_word' id='word_1_794' title='bbox 1453 2425 1500 2448; x_wconf 86' lang='lat' dir='ltr'>hoc</span> <span class='ocrx_word' id='word_1_795' title='bbox 1519 2425 1604 2449; x_wconf 82' lang='lat' dir='ltr'>lumen</span> <span class='ocrx_word' id='word_1_796' title='bbox 1624 2423 1746 2452; x_wconf 72' lang='lat' dir='ltr'>accendit,</span> <span class='ocrx_word' id='word_1_797' title='bbox 1764 2425 1789 2447; x_wconf 88' lang='lat' dir='ltr'>et</span> <span class='ocrx_word' id='word_1_798' title='bbox 1807 2422 1868 2447; x_wconf 81' lang='lat' dir='ltr'>facit</span> <span class='ocrx_word' id='word_1_799' title='bbox 1885 2422 2024 2451; x_wconf 87' lang='lat' dir='ltr'>illustrius,</span> <span class='ocrx_word' id='word_1_800' title='bbox 2054 2423 2079 2445; x_wconf 87' lang='lat' dir='ltr'>et</span> <span class='ocrx_word' id='word_1_801' title='bbox 2097 2420 2198 2451; x_wconf 81' lang='lat' dir='ltr'>quando</span> 
     </span>
     <span class='ocr_line' id='line_1_111' title="bbox 1295 2454 2198 2489; baseline -0.006 -6"><span class='ocrx_word' id='word_1_802' title='bbox 1295 2459 1402 2489; x_wconf 86' lang='lat' dir='ltr'>Spiritus</span> <span class='ocrx_word' id='word_1_803' title='bbox 1427 2461 1530 2483; x_wconf 88' lang='lat' dir='ltr'>sanctus</span> <span class='ocrx_word' id='word_1_804' title='bbox 1558 2458 1679 2482; x_wconf 83' lang='lat' dir='ltr'>miscetur</span> <span class='ocrx_word' id='word_1_805' title='bbox 1708 2457 1801 2481; x_wconf 87' lang='lat' dir='ltr'>nostris</span> <span class='ocrx_word' id='word_1_806' title='bbox 1820 2456 1962 2486; x_wconf 75' lang='lat' dir='ltr'>spiritibus,</span> <span class='ocrx_word' id='word_1_807' title='bbox 1991 2461 2037 2485; x_wconf 84' lang='lat' dir='ltr'>per</span> <span class='ocrx_word' id='word_1_808' title='bbox 2055 2460 2118 2486; x_wconf 87' lang='lat' dir='ltr'>quos</span> <span class='ocrx_word' id='word_1_809' title='bbox 2135 2454 2198 2479; x_wconf 83' lang='lat' dir='ltr'>fiunt</span> 
     </span>
     <span class='ocr_line' id='line_1_112' title="bbox 1295 2488 2199 2526; baseline -0.004 -9"><span class='ocrx_word' id='word_1_810' title='bbox 1295 2493 1407 2517; x_wconf 86' lang='lat' dir='ltr'>actiones</span> <span class='ocrx_word' id='word_1_811' title='bbox 1433 2492 1458 2516; x_wconf 89' lang='lat' dir='ltr'>in</span> <span class='ocrx_word' id='word_1_812' title='bbox 1485 2493 1598 2517; x_wconf 85' lang='lat' dir='ltr'>cerebro.</span> <span class='ocrx_word' id='word_1_813' title='bbox 1635 2492 1677 2516; x_wconf 83' lang='lat' dir='ltr'>Est</span> <span class='ocrx_word' id='word_1_814' title='bbox 1698 2491 1774 2521; x_wconf 83' lang='lat' dir='ltr'>igitur</span> <span class='ocrx_word' id='word_1_815' title='bbox 1791 2490 1915 2520; x_wconf 83' lang='lat' dir='ltr'>sapientia</span> <span class='ocrx_word' id='word_1_816' title='bbox 1932 2489 2088 2519; x_wconf 83' lang='lat' dir='ltr'>generaliter</span> <span class='ocrx_word' id='word_1_817' title='bbox 2110 2488 2199 2526; x_wconf 77' lang='lat' dir='ltr'>notitia</span> 
     </span>
     <span class='ocr_line' id='line_1_113' title="bbox 1295 2522 2199 2556; baseline -0.004 -5"><span class='ocrx_word' id='word_1_818' title='bbox 1295 2527 1401 2551; x_wconf 85' lang='lat' dir='ltr'>illustris</span> <span class='ocrx_word' id='word_1_819' title='bbox 1420 2529 1464 2551; x_wconf 84' lang='lat' dir='ltr'>aut</span> <span class='ocrx_word' id='word_1_820' title='bbox 1482 2526 1625 2555; x_wconf 75' lang='lat' dir='ltr'>mediocris,</span> <span class='ocrx_word' id='word_1_821' title='bbox 1644 2526 1814 2556; x_wconf 85' lang='lat' dir='ltr'>complectens</span> <span class='ocrx_word' id='word_1_822' title='bbox 1833 2530 1883 2554; x_wconf 84' lang='lat' dir='ltr'>res,</span> <span class='ocrx_word' id='word_1_823' title='bbox 1902 2529 1964 2555; x_wconf 87' lang='lat' dir='ltr'>quas</span> <span class='ocrx_word' id='word_1_824' title='bbox 1977 2524 2043 2549; x_wconf 86' lang='lat' dir='ltr'>Deus</span> <span class='ocrx_word' id='word_1_825' title='bbox 2061 2522 2114 2547; x_wconf 85' lang='lat' dir='ltr'>vult</span> <span class='ocrx_word' id='word_1_826' title='bbox 2131 2528 2199 2552; x_wconf 77' lang='lat' dir='ltr'>aspi·</span> 
     </span>
     <span class='ocr_line' id='line_1_114' title="bbox 1295 2561 1384 2586; baseline 0.011 -1"><span class='ocrx_word' id='word_1_827' title='bbox 1295 2561 1316 2585; x_wconf 90' lang='lat' dir='ltr'>ci</span> <span class='ocrx_word' id='word_1_828' title='bbox 1334 2562 1384 2586; x_wconf 84' lang='lat' dir='ltr'>cet.</span> 
     </span>
    </p>
   </div>
  </div>
 </body>
</html>
