2358 2933
221 106 281 137 143

286 461 311 479 10

279 680 306 698 1⁵

283 881 312 899 2⁷0

250 1143 290 1168 58.

284 1303 298 1321 ὃ

283 1562 308 1580 10

278 1782 306 1800 15

279 2025 309 2043 20

310 1142 331 1166 b.

845 101 954 132 PHIL.
974 101 1075 133 MEL.
1099 99 1282 133 SCRLPTA
1300 99 1575 133 DOGMATICA.

367 199 422 229 vit.
447 196 569 238 fuitque
594 192 911 236 planeffivangelica
935 204 1017 232 vox,
1040 193 1096 225 illa
1117 204 1191 235 pro—
1210 202 1214 232 ι
1235 193 1277 224 V.
1292 199 1324 225 et
1346 193 1401 224 Vl.
1426 193 1513 224 Inter
1535 194 1621 225 Mosi
1643 192 1764 235 legem,
1787 205 1827 226 ac
1850 194 1971 226 Christi
1995 195 2058 227 hoc

371 240 490 281 phetae
514 239 730 274 denuntiatio,
761 237 797 266 11.
822 236 904 278 Reg.
936 236 1007 266 ΧΠ.
1033 237 1077 275 [2.
1102 236 1191 268 Sam.

374 283 423 319 12,
450 282 530 319 132]
564 281 724 311 Dominus
748 278 879 309 sustulit
898 286 1069 319 peccatum
1092 286 1192 317 tuum,

371 326 445 355 Non
470 324 627 354 morieris.
673 322 726 352 Ad
750 332 823 352 611111
852 323 983 352 modum
1014 322 1055 353 de
1083 320 1192 352 simili-

373 369 434 398 bus
459 364 616 405 exemplis
639 364 846 394 iudicandum
857 365 976 404 estffl).
1006 363 1193 404 Prophetae

372 409 479 450 legem
503 409 633 445 dorent,
656 408 731 437 dum
760 408 962 438 insectantur
990 406 1193 448 hypocrisin,

372 462 445 482 cnm
468 452 682 490 impietatem,
705 450 926 487 securitatem,
949 455 982 480 et
1004 448 1068 480 hoc
1087 458 1192 490 genus

371 493 445 525 alia.
490 493 574 523 Nam
586 493 729 523 obscura
745 493 833 529 vitia,
856 502 916 522 seu
930 491 1123 533 hnmcrisin
1136 501 1193 532 po—

372 537 532 567 tissimum
556 534 810 575 reprehendunt,
827 534 1046 576 Evangelium
1061 544 1192 575 quoque

371 578 580 615 denuntiant,
616 577 744 618 quoties
775 575 838 607 illis
873 578 942 607 suis
975 577 1192 607 vivacissimis

369 621 642 662 promissionibus
666 620 707 650 de
730 617 862 650 Christo
875 620 1003 660 erigunt
1014 617 1193 650 labefacta-

372 671 422 694 tas
447 663 678 699 conscientias,
688 670 691 677 ¹
702 662 855 699 animant,
879 667 978 702 atque
989 662 1034 692 ita
1048 660 1193 702 implent,

370 712 404 736 ut
428 704 525 745 plane
555 705 586 735 id
617 703 899 745 Apostolicumffl)
931 714 1053 734 sonare
1075 704 1192 745 possit.

370 748 451 783 Quis
476 748 643 787 separabit.
666 757 727 777 nos
741 757 761 777 a
776 746 950 777 dilectione
965 747 1040 777 dei?
1062 746 1193 777 Literae

369 789 584 830 Apostolirae
607 788 776 826 Matthaei,
799 788 914 825 Marci,
938 788 1060 826 Lucae,
1078 788 1193 819 lohan-

369 834 431 869 nis,
445 833 486 863 ad
505 832 644 862 eundem
666 832 797 862 modum
807 833 850 864 ⁶³)
863 830 946 861 alias
968 830 1087 872 legem,
1111 830 1192 862 alias

369 875 607 915 promissiones
627 875 768 904 tradunt.
793 879 825 904 et
844 874 876 903 in
888 873 939 903 his
955 872 1193 913 exemplatum

369 918 511 959 gratiae,
535 922 601 947 tum
624 917 692 947 irae
720 916 782 946 dei.
834 915 991 953 Zachaei,
1021 915 1192 946 Centurio-

369 961 433 997 nis,
449 958 740 1000 Syrophoenissae
755 957 918 998 exempla,
934 958 1193 989 misericordiam

369 1008 541 1033 testantur.
586 1000 841 1032 Pharisaeorum
864 1001 1008 1031 caecitas
1039 1007 1072 1031 et
1101 999 1193 1031 furor

369 1043 555 1084 exemplum
578 1049 629 1074 est
651 1044 719 1074 irae
744 1044 805 1074 dei.
831 1043 1026 1084 Quanquam
1047 1043 1112 1073 hoc
1133 1041 1192 1073 dif-

369 1086 477 1118 ferunt
517 1086 675 1116 historiae
706 1084 920 1126 Apostolicae
957 1096 977 1116 a
1012 1086 1193 1123 veteribus,

369 1129 457 1171 quod
487 1127 850 1159 testantur'exhibitum
877 1127 1062 1165 Christum,
1097 1137 1194 1168 quem

367 1178 499 1202 veteres
530 1177 653 1202 tantum
681 1171 910 1211 promiserant.
956 1170 1086 1201 Deinde
1117 1180 1193 1210 pro-

367 1214 542 1245 missiones
572 1214 613 1244 de
643 1214 764 1255 gratia,
794 1214 933 1250 iustitia,
963 1213 1031 1243 vita
1058 1219 1193 1244 aeterna

368 1256 488 1287 clarius
512 1255 687 1296 explicant,
712 1266 810 1296 quam
831 1254 908 1287 illae
934 1255 1100 1297 quondam
1121 1255 1193 1286 Mo·
1215 1295 1216 1298 Ἰ

363 1300 484 1336 saicae,
509 1305 563 1329 aut
579 1298 792 1338 propheticae
805 1297 861 1328 lite
872 1308 940 1328 rae.
965 1296 1088 1328 Paulus
1102 1297 1192 1337 Apo-

367 1340 473 1375 stolus
498 1340 678 1376 ὅιδακῑικῶς
688 1340 906 1382 Evangelium
918 1350 992 1371 611111
1007 1339 1093 1380 lege,
1116 1350 1192 1381 pec-

368 1391 476 1417 catum
506 1394 579 1414 cum
609 1384 714 1424 gratia
744 1382 895 1421 contulit,
925 1383 1131 1423 potissimum
1160 1383 1193 1413 in

367 1426 516 1469 Epistola
539 1426 582 1457 ad
604 1425 785 1463 Romanos,
809 1436 907 1467 quam
930 1435 993 1466 ego
1022 1431 1100 1465 puto
1124 1425 1193 1455 uni-

368 1480 488 1503 versae
517 1469 700 1510 scripturae
730 1467 820 1499 velut
853 1468 996 1499 Iudicem
1031 1467 1194 1507 quendam

370 1523 447 1546 esse
457 1514 516 1553 631)
540 1514 591 1541 καὶ
613 1512 729 1541 mirera.
754 1510 913 1552 Reliquae
927 1509 1098 1550 Epistolae
1111 1519 1185 1540 cum

370 1566 454 1600 pene
477 1557 683 1595 naQawmxaz
707 1554 787 1591 sint,
816 1554 858 1584 ad
880 1552 989 1594 legem
1018 1553 1193 1593 pertinent,

371 1601 566 1639 Quanquam
589 1595 679 1627 nulla
702 1597 753 1634 sit,
776 1597 809 1626 in
833 1606 898 1636 qua
921 1605 987 1626 non
1005 1594 1125 1626 alicubi
1147 1600 1194 1625 at-

371 1645 474 1684 tingat
497 1637 669 1680 Evangelii
693 1638 848 1669 rationes.
872 1638 908 1668 Id
932 1638 1021 1678 quod
1043 1648 1102 1678 per
1117 1647 1194 1668 sese

370 1684 511 1725 diligens
532 1681 638 1712 lector
660 1681 905 1712 animadvertet.

413 1727 503 1757 Haec
526 1725 709 1755 monuimus
734 1724 776 1754 ob
799 1723 863 1753 hoc
894 1723 1120 1763 potissimum,
1151 1728 1192 1761 ut]

371 1768 539 1810 wssgatum
551 1765 641 1797 illum
654 1776 800 1796 errorem
812 1764 1084 1800 convelleremus,
1098 1774 1194 1805 quem

371 1813 412 1842 de
435 1810 623 1841 discrimine
645 1807 741 1850 legis,
765 1814 796 1839 et
819 1807 991 1850 Evangelii
1014 1808 1136 1838 veteris
1163 1812 1194 1837 et

369 1855 446 1885 novi
460 1852 658 1888 testamenti,
666 1851 878 1891 prodiderunt
891 1851 977 1890 impii
985 1850 1193 1889 Sophistioae

369 1892 777 1936 theologiaeprofessores
789 1894 860 1933 63b).
873 1893 959 1923 Mosi
969 1892 1134 1923 Chiistum
1146 1892 1191 1932 ὅ4)

371 1938 592 1972 successisse,
615 1946 801 1976 novamque
823 1934 931 1976 legem
940 1935 1084 1972 dedisse,
1108 1944 1192 1975 quae

370 1990 457 2011 nova
481 1977 773 2019 levavangelium
797 1984 950 2014 vocetur,
974 1977 1192 2008 contineatur-

369 2032 433 2063 que
465 2023 560 2061 11565)
590 2021 769 2060 capitibuS,
804 2030 887 2061 quae
924 2026 1000 2051 sunt
1035 2019 1191 2051 Matthaei

220 2168 265 2195 61)
285 2166 333 2195 est]
354 2165 433 2190 abest
453 2167 479 2191 In
499 2165 608 2191 Genesin
627 2164 670 2189 Ed.
691 2166 713 2189 3.
735 2164 778 2189 sol.
799 2166 838 2190 31.
860 2162 884 2187 b.

220 2219 265 2243 62)
284 2217 462 2247 Apostolicum]
483 2217 507 2240 ln
526 2216 635 2241 Genesin
654 2215 696 2239 Ed.
717 2216 739 2239 3.
759 2215 802 2239 sol.
822 2216 862 2242 31,
883 2213 923 2238 b.:
943 2215 1128 2245 Apostolorum.

220 2268 264 2296 63)
283 2267 398 2328 eunddem)
411 2266 526 2296 moduni]
553 2267 588 2290 sic
607 2266 677 2290 Editt.
699 2267 718 2289 1.
738 2266 775 2290 7.:
800 2265 871 2289 Editt.
890 2266 912 2289 2.
933 2267 955 2290 3.
979 2265 1090 2289 eundem
1115 2266 1186 2294 (nm.

281 2307 322 2325 mo
343 2307 384 2325 uin
401 2320 406 2325 .

221 2351 318 2379 63³)1n
337 2351 453 2381 Genesin,
475 2352 497 2375 in
517 2355 610 2379 marg-z
630 2350 739 2378 Epistola
758 2349 791 2374 ad
809 2350 877 2374 Rom.
898 2349 972 2373 index
993 2349 1142 2379 scripturae.

220 2401 313 2429 63¹⁴)1n
333 2401 450 2431 Genesin,
468 2401 492 2426 in
511 2406 604 2430 marg:
625 2400 700 2429 impia
719 2400 854 2429 'sheologia
872 2400 1053 2430 sophistarum.

220 2451 265 2478 64)
286 2451 421 2508 Christum]
440 2452 466 2476 ln
484 2452 592 2476 Genesin
611 2450 654 2474 Ed.
676 2452 697 2474 3.
716 2449 758 2474 fol.
777 2451 816 2478 32,
837 2457 875 2474 a.:
895 2451 1020 2475 Christum
1032 2450 1189 2475 salvatorem

289 2491 333 2509 5¹05
347 2491 410 2509 mm.

222 2535 267 2560 65>
287 2534 328 2564 iis]
346 2535 386 2559 Ed.
408 2536 419 2559 7
450 2540 472 2559 et
494 2535 518 2559 ln
539 2535 648 2560 Genesin
669 2534 713 2559 Ed.
734 2536 773 2558 32.
793 2534 835 2559 sol.
857 2536 879 2559 3.
900 2533 938 2558 b.:
957 2535 1002 2559 his.

1236 237 1416 273 interesse,
1440 237 1529 277 quod
1564 236 1651 267 Mosi
1678 236 1732 267 lex
1765 244 1902 269 externa
1935 244 2060 271 tantum

2155 106 2216 138 144

1238 289 1362 319 opera,
1397 277 1518 309 Christi
1551 278 1606 310 lex
1639 278 1907 311 etiam'adsectus
1939 282 2057 321 exigat.
2078 300 2123 329 (32
2157 300 2197 329 a.)

1238 321 1332 362 quasi
1361 332 1440 352 vero
1472 320 1621 352 Mosaica
1651 320 1705 352 lex
1735 322 1866 358 doceat⁷
1889 324 2059 363 quandam
2095 318 2137 362 59,⁹
2155 339 2178 358 a.

1237 363 1473 405 hypocriticam
1498 372 1529 394 et
1552 363 1769 403 pharisaicam
1788 366 1950 396 iustitiam.
1975 366 2060 401 Quid

1239 408 1323 437 enim
1347 412 1397 438 est
1419 406 1508 438 aliud
1532 417 1668 446 operum
1705 412 1913 438 externorum
1931 407 2060 439 simula-

1239 450 1297 487 tio,
1323 459 1420 490 quam
1442 447 1700 488 pharisaismus?
1722 449 1827 480 Porro
1850 449 1935 491 exigi
1953 449 2061 492 alege

1238 490 1387 523 Mosaica
1409 490 1560 522 adfectus
1570 494 1613 527 66)
1648 491 1701 522 vel
1730 492 1912 533 prophetae
1940 498 2061 525 testen-

1239 540 1301 571 tur,
1326 535 1500 574 qui'toties
1525 535 1729 574 praecipiunt
1754 545 1937 576 agnoscere
1953 535 2061 573 deum,

1239 577 1352 607 timere
1375 576 1483 613 deum,
1509 575 1619 608 facere
1641 577 1811 614 iudicium,
1843 584 1876 608 et
1899 578 2061 616 iustitiam,

1241 629 1326 660 quae
1349 619 1472 649 dabunt
1495 618 1571 649 mihi
1594 618 1738 650 fortasse
1757 619 1955 659 Sophistae,
1986 625 2061 650 ante

1240 660 1417 702 Christiffl)
1441 662 1709 700 incarnationem,
1734 667 1766 693 et
1788 672 1924 693 suorum
1939 668 2062 702 tempo-

1238 714 1311 734 rum
1339 702 1490 734 homines
1521 705 1687 735 docuisse.
1747 704 1834 740 Quid
1868 711 1977 736 autem
2006 703 2064 736 illa

1238 746 1423 777 Hieremiae
1447 748 1609 777 sententia
1625 752 1628 762 ¹
1645 748 1804 787 apertiUS,
1825 758 1939 788 quam,
1963 745 2063 778 velint

1238 787 1341 819 nolint
1373 788 1567 829 Sophistae‚
1596 788 1722 820 referre
1745 796 1876 830 oportet
1906 790 1948 820 ad
1977 789 2064 820 Mosi

1238 830 1356 872 legem.
1401 831 1457 861 Ait
1479 837 1587 862 autem
1599 833 1645 870 6ὃ)
1669 842 1740 872 cap.
1764 832 1835 862 Vll.
1852 835 1916 870 [vs.
1929 832 1970 862 22
1979 842 2028 872 sq.
2039 834 2063 870 ε]

1238 873 1315 904 Non
1337 883 1410 904 sum
1432 872 1563 904 locutus
1588 884 1661 904 cum
1683 874 1831 914 panibus
1856 875 1996 911 vestris,
2031 879 2065 903 et

1238 926 1305 946 non
1335 917 1490 956 praecepi
1515 917 1562 946 eis
1585 916 1618 946 in
1647 916 1699 946 die
1722 926 1787 956 qua
1809 916 1906 946 eduxi
1936 925 1996 946 eos
2024 915 2065 946 de

1238 964 1327 989 terra
1349 958 1506 999 Aegypti,
1530 958 1571 989 de
1602 959 1704 989 verbo
1733 957 2064 995 holocaustomatum,

1239 1001 1512 1037 et¹victimamm,
1550 1001 1611 1031 sed
1640 999 1705 1031 hoc
1743 1002 1880 1032 verbum
1909 1000 2065 1041 praecepi

1239 1044 1298 1081 615,
1322 1043 1447 1080 dicens,
1470 1043 1591 1074 Audite
1607 1053 1723 1074 vocem
1745 1053 1862 1080 meam,
1886 1048 1917 1074 et
1933 1053 1991 1074 ero
2006 1052 2063 1073 vo-

1238 1087 1289 1117 bis
1313 1085 1407 1123 deus,
1436 1092 1467 1116 et
1490 1096 1552 1116 vos
1576 1086 1665 1116 eritis
1696 1085 1773 1116 mihi
1801 1084 1956 1126 populus.
2000 1084 2065 1116 Dic

1238 1128 1363 1159 Thoma
1374 1129 1445 1169 658),
1469 1129 1547 1169 quid
1561 1129 1593 1158 in
1608 1134 1751 1158 mentem
1773 1128 1910 1165 venerit,
1933 1138 1992 1158 cur
2007 1128 2064 1158 ‹lo-

1239 1180 1333 1202 ceres
1357 1171 1507 1202 Mosaica
1529 1169 1604 1211 lege
1628 1169 1707 1200 nihil
1731 1170 1818 1212 exigi
1839 1176 1971 1211 praeter
1985 1169 2064 1210 pha-

1237 1215 1441 1252 risaismum,
1470 1213 1534 1243 hoc
1566 1219 1617 1243 est
1627 1235 1636 1250 ,
1667 1218 1810 1244 ex'terna
1833 1213 1957 1253 opera?
1992 1222 2066 1245 cum

1239 1257 1336 1287 toties
1361 1256 1459 1287 etiam
1480 1256 1596 1286 Moses
1610 1256 1719 1296 exigat
1731 1256 1813 1287 nihil
1826 1256 1978 1287 obscuris
1991 1266 2064 1287 ver-

1239 1300 1289 1329 bis
1319 1297 1481 1329 adfectus.
1519 1304 1551 1328 et.
1578 1303 1613 1328 ut
1636 1296 1757 1329 multos
1787 1297 1883 1329 locos
1908 1299 2064 1336 omittam,

1238 1351 1347 1372 nonne
1370 1346 1460 1371 vetat
1472 1340 1710 1380 concupiscere
1721 1351 1791 1371 rem
1798 1340 1933 1372 alterius
1943 1346 2004 1372 etc.
2018 1342 2063 1382 ⁶⁹)

1238 1383 1345 1414 Exodi
1379 1382 1453 1413 XX.
1480 1385 1544 1421 [vs.
1576 1383 1653 1421 17.].
1707 1382 1799 1423 Opus
1830 1384 1894 1414 iam
1917 1389 1993 1414 ante
2016 1385 2063 1414 in-

1239 1426 1428 1464 terdixerat,
1454 1436 1528 1457 cum
1550 1423 1663 1463 furari,
1697 1436 1772 1456 cum
1794 1425 1960 1457 moechari
1988 1436 2064 1466 pro-

1238 1468 1383 1500 hiberet.
1438 1468 1545 1499 Dabis
1574 1468 1674 1509 igitur
1709 1468 1750 1499 de
1777 1467 1910 1499 adfectu
1940 1469 2062 1506 caveri,

1239 1510 1290 1541 his
1301 1512 1346 1552 ⁷⁰)
1371 1511 1495 1548 verbis,
1517 1510 1593 1541 Non
1606 1511 1823 1551 concupisces
1847 1511 1977 1541 domum
1989 1520 2065 1550 pro-

1239 1554 1316 1585 ximi
1338 1554 1395 1591 tui,
1418 1563 1481 1584 nec
1505 1553 1709 1583 desiderabis
1731 1562 1869 1583 uxorem
1892 1554 1974 1590 eiuS,
1997 1563 2064 1584 11011

1241 1606 1374 1627 servum
1397 1602 1459 1626 etc.
1501 1595 1543 1625 Et
1564 1594 1813 1625 Deuteronomii
1837 1594 1879 1625 X.
1905 1598 1970 1633 [vs.
1983 1595 2063 1633 12.:]

1240 1639 1281 1669 Et
1303 1648 1392 1669 nunc
1414 1636 1517 1669 Israel
1541 1637 1787 1678 quid¹dominus
1811 1637 1892 1668 deus
1908 1643 1983 1667 tuus
2008 1647 2063 1678 pe-

1240 1682 1277 1712 tit
1299 1691 1319 1711 a
1342 1687 1385 1718 te,
1408 1681 1471 1711 nisi
1493 1686 1528 1711 ut
1540 1681 1654 1710 timeas
1668 1680 1833 1710 dominum
1845 1679 1940 1709 deum
1963 1684 2063 1717 tuum,

1241 1729 1272 1754 et
1295 1722 1444 1754 ambules
1466 1723 1499 1753 in
1522 1722 1583 1753 viis
1607 1722 1689 1759 eius,
1713 1727 1745 1752 et
1767 1720 1884 1762 diligas
1908 1731 1999 1759 eum,
2023 1732 2063 1753 ac

1240 1766 1367 1796 sem‘as
1391 1766 1521 1796 domino
1545 1764 1607 1794 deo
1630 1770 1698 1801 tuo,
1721 1764 1754 1793 111
1777 1770 1845 1793 toto
1876 1764 1977 1794 corde
2005 1770 2062 1795 tuo

1240 1814 1272 1838 et
1284 1809 1329 1848 71)
1354 1808 1387 1838 in
1411 1813 1479 1838 tota
1503 1807 1610 1837 anima
1632 1812 1699 1843 tua,
1719 1806 1952 1846 custodiasque
1973 1816 2063 1837 man-

1239 1851 1316 1880 data
1339 1850 1469 1886 domini,
1493 1855 1524 1879 et
1552 1848 1868 1885 ceremonias-eius,
1892 1857 1974 1888 quas
1998 1858 2061 1889 ego

1238 1892 1336 1923 hodje
1366 1892 1533 1931 praecipio
1565 1892 1640 1927 tibi,
1672 1897 1707 1921 ut
1735 1891 1820 1921 bene
1844 1891 1885 1920 sit
1908 1891 1974 1921 tibi.
2019 1890 2061 1922 Et

1238 1945 1365 1972 rursus,
1378 1934 1599 1965 circumcidite
1610 1932 1815 1973 praeputium
1824 1933 1932 1963 cordis
1942 1933 2057 1970 vestri,

1238 1984 1270 2008 et
1293 1978 1457 2008 cerxicem
1480 1982 1623 2007 vestram
1646 1985 1687 2005 ne
1709 1975 1866 2006 induretis
1890 1981 1951 2006 etc.
1983 1974 2057 2007 Hoc

1237 2030 1343 2062 genus
1374 2020 1406 2050 in
1435 2019 1529 2049 Mose
1560 2023 1736 2048 sexcentos
1767 2017 1862 2048 locos
1899 2018 2058 2058 reperias,

1234 2198 1279 2229 66)
1305 2198 1330 2222 111
1349 2202 1429 2227 marg.
1448 2197 1520 2222 Editt.
1541 2198 1563 2222 2.
1577 2197 1600 2221 7.
1615 2200 1639 2220 et
1658 2195 1685 2220 ln
1704 2195 1827 2220 Genesin:
1848 2195 1918 2225 Quod
1938 2195 1979 2220 lex
1996 2196 2056 2221 Mosi
2067 2196 2151 2225 exigat
2166 2196 2210 2220 ad-

1301 2231 1392 2256 fectus.
1410 2232 1475 2260 (om.
1493 2230 1536 2255 Ed.
1558 2231 1602 2260 l.).

1235 2283 1280 2311 57)
1305 2281 1407 2312 Christi]
1426 2280 1509 2305 abest
1527 2281 1552 2305 ln
1572 2280 1682 2305 Genesin
1701 2279 1741 2304 Ed.
1760 2281 1783 2304 3.
1804 2279 1848 2304 fol.
1869 2281 1909 2308 32,
1930 2278 1956 2303 b.

1210 2353 1212 2360 ,
1235 2333 1279 2361 68)
1305 2332 1402 2362 autem]
1421 2332 1447 2356 ln
1467 2332 1577 2356 Genesin
1597 2332 1612 2355 1.
1633 2337 1668 2354 c.:
1689 2331 1764 2354 enini.

1235 2382 1293 2411 68³¹)
1306 2382 1333 2406 In
1353 2382 1470 2410 Genesin,
1489 2382 1514 2405 in
1535 2386 1628 2410 marg:
1647 2381 1756 2405 Thomae
1777 2386 1854 2404 error.

1235 2432 1281 2462 69)
1307 2432 1366 2461 eto]
1385 2430 1466 2455 abest
1486 2432 1511 2456 ln
1530 2431 1639 2456 Genesin
1657 2432 1672 2455 l.
1692 2437 1712 2454 c.

1236 2483 1281 2512 70)
1306 2481 1356 2511 his]
1377 2483 1401 2506 ln
1421 2483 1529 2506 Genesin
1548 2482 1590 2506 Ed.
1603 2483 1626 2506 3.
1647 2481 1690 2505 foi.
1709 2482 1749 2509 33,
1769 2487 1812 2504 aa
1830 2480 1867 2504 iis.

1210 2530 1214 2551 ἔ
1236 2533 1281 2561 71)
1304 2533 1328 2557 111
1347 2536 1398 2557 toto
1416 2532 1490 2557 corde
1510 2536 1553 2556 tuo
1572 2532 1608 2561 et]
1627 2530 1709 2555 obest
1728 2531 1755 2555 ln
1774 2531 1883 2555 Genesin
1908 2531 1924 2554 1.
1945 2537 1966 2554 c.

2100 1470 2140 1498 59.

2133 747 2160 766 10

2137 1001 2164 1020 15

2133 1222 2163 1242 20

2159 1470 2182 1494 b.

2135 1859 2161 1878 10
