2358 2933
180 87 190 97 ·
217 111 279 143 323

258 1513 298 1538 66.
317 1525 337 1535 ι.

839 101 949 132 pun„
971 99 1074 131 MEL.
1098 96 1281 130 SCRIPTA
1304 96 1579 128 DOGMATICA.

372 203 490 231 dictum
509 198 588 229 illud
611 199 651 227 nd
676 201 821 225 nostram
844 203 976 224 ‹antsam
990 198 1101 222 totam.
1126 192 1185 222 Fa·
1206 193 1210 226 ¹.

372 251 479 273 riores
511 241 592 277 legis
624 237 848 268 iustificantur.
874 233 1023 265 videlicet
1047 234 1074 263 si
1098 239 1186 273 post·
1207 229 1210 238 ’

372 296 466 325 quum
495 274 556 313 tid(—
588 282 660 311 iusti
690 284 765 310 sunt
788 283 981 317 reputantur
1003 276 1068 316 legi
1091 276 1186 306 satis-

372 327 488 357 facere.
533 322 630 354 Talcs
653 321 796 352 factores
826 320 908 360 legis
932 319 1187 359 pronunciantur

373 369 456 398 iusti.

727 471 836 502 Aliud.

415 575 583 606 Sententia
608 574 717 604 iacobi
740 573 868 603 videtur
891 572 1057 612 corrigere
1079 569 1188 601 exclu-

373 620 474 648 sivam
503 615 605 647 Pauli.
651 615 845 656 Quanquam
878 613 932 644 ille
964 613 1058 644 locus
1093 612 1189 643 valde

375 661 499 690 xidetm·
517 659 647 689 laedere
666 668 798 688 causam
810 663 966 693 nostram,
985 662 1093 686 tamen
1112 666 1188 685 con-

377 702 527 733 sideratis
541 700 687 731 fontibus
703 699 810 730 facilis
830 705 879 729 est
898 698 1081 738 responsio.
1104 697 1189 727 Fon-

374 752 422 775 tes
446 751 552 774 autcm
575 750 647 773 sunt
675 749 707 772 ut
736 752 837 781 supra
861 742 981 771 dictum
1005 745 1073 776 est,
1101 739 1189 779 quod

374 787 530 817 dubitatio
559 786 599 815 de
630 785 819 814 remissione
853 789 1063 823 peccatorum
1094 782 1190 821 impia

374 830 426 859 sit.
443 828 529 868 quod
554 827 773 857 conscientiae
787 826 1002 855 coniiciuntur
1015 824 1047 854 in
1060 824 1189 854 dubita-

374 872 492 901 tionem
516 870 542 899 si
566 869 707 899 sentiant
739 869 961 898 remissionem
980 871 1190 906 peccatorum

374 913 515 953 pendere
549 922 589 941 ex
623 911 808 941 conditione
847 909 1012 950 dignitatis
1046 913 1190 938 nostrae.

374 955 442 985 Nec
473 964 573 993 opera
602 960 715 984 nostra
744 958 881 992 possunt
911 951 1030 992 opponi
1060 950 1191 980 terrori-

376 998 436 1027 bus
465 996 590 1036 peccati
620 1002 648 1025 et
673 995 797 1025 mortis.
843 995 922 1024 Item
944 993 1118 1033 promissio
1142 1002 1190 1022 re-

375 1039 537 1068 missionis
556 1047 765 1077 peccatorum
784 1042 834 1067 est
852 1036 993 1077 gratuita
1014 1041 1049 1065 ut
1071 1033 1191 1065 multae

375 1082 555 1121 scripturae
584 1086 756 1109 testantur.
809 1079 885 1109 Ideo
915 1087 1052 1108 necesse
1071 1083 1122 1107 est
1145 1076 1191 1106 Ia-

375 1124 492 1153 cobum
513 1124 560 1152 ita
583 1121 776 1162 intelligere,
800 1132 840 1151 ne
865 1120 959 1150 iidem
983 1121 1013 1149 in
1027 1119 1192 1149 Christum

375 1171 509 1201 evertat,
532 1174 574 1195 ne
597 1165 743 1195 coniiciat
770 1163 989 1193 conscientias
1011 1163 1043 1192 in
1066 1162 1192 1191 dubita-

374 1208 511 1243 tionem,
550 1207 581 1236 itl
621 1208 712 1237 tieret
752 1207 779 1235 si
813 1207 860 1235 sic
894 1206 1192 1245 interpretarentur.

374 1249 464 1279 Tunc
488 1249 624 1279 habebis
648 1248 869 1278 remissionem
892 1253 1102 1287 peccatorum
1119 1256 1193 1275 cum

374 1291 526 1322 habueris
557 1301 657 1331 opera
683 1292 779 1330 digna
810 1296 901 1320 tanto
927 1288 1097 1319 beneficio.
1142 1287 1193 1317 Fi-

374 1334 432 1363 des
466 1334 570 1363 inanis
604 1340 654 1363 est
684 1333 746 1363 nisi
774 1332 838 1371 legi
865 1330 1078 1362 satisfeceris.
1123 1329 1193 1360 Hae

374 1376 659 1415 intcipretationes
698 1375 774 1415 quid
816 1372 956 1404 habeant
998 1372 1194 1403 incommodi

373 1428 437 1448 non
472 1424 521 1447 est
555 1419 740 1448 obscurum.
795 1415 940 1447 Abolent
974 1416 1058 1446 enim
1091 1421 1194 1445 totum

373 1459 588 1501 Evangelium
621 1466 650 1490 et
683 1459 822 1489 reddunt
849 1458 1068 1488 conscientias
1090 1458 1193 1487 incer-

375 1511 425 1533 tas
458 1503 498 1532 de
532 1502 725 1532 remissione
755 1507 965 1541 peccatorum
986 1498 990 1511 ¹
1014 1500 1080 1530 Sed
1104 1499 1193 1529 Iaco-

375 1547 436 1576 bus
465 1545 534 1585 ipse
568 1545 648 1574 satis
682 1543 843 1583 significat
869 1553 905 1573 se
928 1553 994 1573 non
1018 1541 1083 1572 hoc
1107 1540 1193 1572 velle

374 1588 460 1628 quod
484 1588 566 1617 idem
586 1585 727 1617 efficiunt
753 1586 943 1622 adversarii,
968 1590 1091 1615 tantum
1109 1584 1193 1613 enim

375 1630 484 1660 laudat
521 1639 620 1669 opera
655 1628 825 1668 sequentia
860 1627 968 1664 fidem,
999 1632 1030 1656 et
1063 1626 1193 1667 quidem

375 1672 506 1712 requirit
540 1672 646 1701 vivam
672 1671 777 1700 tidem.
797 1680 899 1710 quare
926 1679 992 1699 non
1016 1670 1113 1699 debet
1137 1669 1192 1698 (le-

375 1714 518 1754 torqueri
543 1714 583 1743 ad
608 1713 817 1742 evertendam
840 1713 947 1742 iidem.
983 1711 1049 1741 Sed
1073 1709 1192 1750 simpli-

376 1757 456 1786 citer
478 1755 541 1785 hoc
565 1755 654 1791 dicit,
678 1764 742 1784 non
766 1753 873 1784 solum
897 1754 1018 1784 iustitia
1047 1753 1120 1783 tidei
1144 1762 1193 1781 re-

375 1798 511 1838 quiritur
533 1798 591 1827 sed
616 1797 712 1827 etiam
734 1797 855 1826 iustitia
879 1806 1025 1836 operum,
1048 1795 1120 1824 Hoc
1138 1804 1192 1825 ve-

376 1841 535 1871 rissimum
569 1846 628 1869 cst.
674 1839 756 1868 Nam
791 1840 876 1868 bona
912 1848 1012 1878 opera
1040 1843 1116 1867 sunt
1139 1846 1193 1866 ne-

376 1883 529 1918 cessaria,
553 1888 583 1911 et
606 1882 638 1911 in
661 1881 712 1911 his
735 1881 788 1921 qui
812 1881 945 1910 credunt
962 1886 1039 1910 sunt
1052 1879 1194 1909 iustitiae

375 1925 544 1965 quaedam.
595 1923 661 1953 Sed
690 1923 818 1953 interim
846 1923 1020 1953 videndum
1048 1932 1088 1952 ne
1119 1921 1194 1951 fidei

377 1973 491 1996 natura
514 1971 748 2005 corrtunpatur.
785 1965 868 1995 Nam
887 1965 1013 1995 interim
1036 1964 1116 1994 fides
1140 1964 1194 1993 de-

378 2010 428 2038 bet
475 2014 596 2037 tantum
641 2007 695 2037 niti
731 2007 964 2044 misericordia,
998 2008 1095 2037 debet
1128 2012 1193 2036 sta-

376 2058 466 2080 tuere
489 2050 574 2090 quod
597 2056 730 2089 propter
754 2050 920 2080 Christum
942 2050 1121 2079 habeamus
1145 2058 1192 2078 re-

376 2093 560 2122 missionem
584 2098 808 2131 peccatorum,
831 2092 918 2131 quod
942 2091 1094 2131 placeant
1117 2100 1194 2130 ope-

377 2145 412 2164 ra
435 2145 501 2164 non
525 2134 600 2174 quia
623 2133 686 2173 legi
711 2133 914 2164 satisfaciant
944 2135 1005 2165 sed
1028 2134 1104 2174 quia
1122 2143 1193 2173 per·
1216 2147 1217 2153 =

376 2186 478 2206 sonae
500 2175 629 2216 placent
652 2175 972 2216 propterChristum.
997 2176 1032 2206 Si
1051 2176 1095 2206 ita
1118 2174 1193 2205 fidei

376 2225 492 2248 natura
536 2226 763 2255 conservatur,
807 2225 895 2248 recte
940 2224 1057 2258 postea
1102 2217 1193 2247 dicis.

377 2259 480 2290 Homo
507 2260 699 2290 iustihcatur
728 2260 791 2290 fide
815 2267 844 2290 et
870 2261 1033 2300 operibus.
1057 2260 1120 2290 hoc
1144 2264 1195 2289 est

376 2302 609 2342 pronunciatur
652 2303 758 2332 iustus
801 2312 860 2332 seu
905 2303 1002 2333 habet
1042 2302 1195 2332 iustitiam
1216 2302 1218 2308 '

379 2350 545 2384 utramque
575 2355 671 2384 quam
695 2345 791 2375 (lebet
815 2345 936 2375 hahere
965 2345 1039 2375 fidei
1063 2350 1094 2374 et
1118 2353 1194 2383 ope·
1216 2350 1218 2355 ‘

378 2396 456 2416 rum.
507 2387 570 2415 Sed
602 2387 682 2415 hacc
716 2387 881 2425 posterior
909 2388 1031 2417 iustitia
1060 2396 1194 2426 operum

378 2438 440 2457 non
466 2428 623 2457 hulicatur
653 2438 726 2457 csse
757 2429 876 2458 iustitia
902 2430 962 2458 nisi
986 2429 1059 2468 quia
1083 2438 1193 2467 perso-
1214 2434 1217 2456 t

377 2480 418 2498 na
438 2470 498 2499 iam
519 2469 648 2499 aliunde
667 2478 714 2500 est
729 2471 824 2508 iusta,
844 2470 991 2501 videlicet
1007 2470 1193 2500 fiduciami-
1215 2464 1217 2471 ’

1216 2205 1218 2219 ,
1241 2183 1357 2213 dicium
1382 2182 1580 2213 conscientia
1586 2183 1664 2221 e.⁵⁵)

378 2512 574 2542 scricordiac
588 2518 648 2542 etc.
685 2512 731 2542 lta
745 2514 953 2553 requiruntur
966 2523 1066 2552 opera
1079 2518 1110 2541 et
1123 2518 1192 2542 tan·
1214 2540 1217 2549 Α

1234 196 1299 220 tum
1333 189 1514 220 detrahitur
1548 190 1595 219 eis
1629 199 1731 219 causa
1765 188 2050 227 reconciliationis,

1233 243 1317 273 quae
1339 233 1490 263 tribuitur
1506 233 1633 272 gratiae
1654 231 1719 261 hoc
1742 240 1792 262 est
1809 232 2051 263 misericordiae

1234 281 1268 305 ut
1290 280 1322 305 et
1348 275 1421 315 ipsa
1444 274 1665 305 reconciliatio
1696 279 1787 304 certa
1809 276 1850 304 sit
1874 280 1906 305 et
1929 280 2051 306 certum

1233 317 1275 347 sit.
1309 327 1409 357 opera
1432 316 1573 357 placere.
1619 316 1710 348 Sicut
1738 322 1770 346 et
1793 316 1917 347 Paulus
1940 318 2052 348 tribuit

1234 359 1532 390 reconciliationem
1565 359 1702 400 gratiae.
1747 358 1830 398 Eph.
1854 359 1884 388 2.
1919 362 1983 397 [vs.
2007 359 2051 398 5.]

1234 401 1298 432 Per
1320 402 1458 443 gratiam
1480 401 1564 432 salvi
1588 400 1665 432 facti
1689 401 1770 431 estis
1793 406 1854 431 etc.
1898 401 1988 432 Haec
2006 401 2052 431 in-

1234 445 1424 485 terpretatio
1459 442 1537 474 nihil
1571 444 1670 474 habet
1704 443 1897 474 incommodi
1926 449 1958 474 et
1980 442 2053 474 illu-

1234 492 1317 517 strat
1340 486 1532 517 beneficium
1555 486 1688 524 Christi,
1711 496 1776 516 non
1798 484 1910 516 abolet
1932 486 2053 526 gratui-

1234 534 1300 559 tam
1321 529 1589 568 promissionem,
1617 539 1683 559 non
1702 528 1817 559 evertit
1841 527 1954 565 tidem,
1987 538 2053 558 non

1236 571 1319 610 pauit
1353 571 1598 608 dubitationem,
1633 577 1775 601 ettamen
1810 571 1937 600 iuterim
1959 576 2053 600 ornat

1238 614 1324 643 bona
1356 623 1470 652 opera,
1504 614 1588 647 Quia
1618 623 1683 643 non
1717 612 1825 643 solum
1858 622 1897 643 ea
1920 613 2053 652 requirit

1236 665 1347 685 verum
1380 655 1499 685 indicat
1538 656 1634 686 etiam
1673 655 1836 695 quomodo
1869 653 2022 695 placeant
2047 659 2051 689 1

1237 697 1271 727 Si
1305 697 1377 737 quis
1412 703 1520 727 autem
1554 707 1620 727 non
1653 698 1775 737 patitur
1805 697 1868 727 sibi
1903 696 2052 727 satisfieri

1235 738 1299 769 hac
1319 744 1432 769 nostra
1451 739 1729 779 interpretatione,
1749 740 1777 769 is
1790 740 1873 769 sciat.
1886 739 2053 769 absurdis-

1235 782 1350 811 simam
1382 780 1456 811 sore
1489 782 1682 811 sententiam
1715 782 1743 811 si
1765 782 1814 811 sic
1841 780 2053 822 intelligatur.

1236 833 1300 854 non
1348 823 1540 863 contingere
1584 824 1806 853 remissionem
1844 829 2055 863 peccatorum

1237 866 1298 896 nisi
1331 870 1465 905 propter
1498 870 1613 895 nostra
1642 875 1742 905 opera
1765 866 1863 905 digna
1886 871 1977 895 tanto
2000 866 2055 896 be-

1237 907 1364 937 nefieio.
1399 906 1492 937 Hanc
1511 908 1695 947 opinionem
1718 908 1746 937 si
1769 908 1840 947 quis
1864 912 1951 937 tenet
1969 917 2055 937 mor-

1237 951 1341 987 dicus,
1374 949 1428 979 hic
1460 960 1526 980 non
1560 948 1710 989 intelligit
1743 950 1819 990 quid
1842 950 1885 980 sit
1907 949 2056 980 remissio

1237 997 1458 1032 peccatorlun,
1481 997 1511 1022 et
1537 993 1700 1032 quomodo
1724 992 1926 1022 conscicntia
1937 993 2056 1022 debeat

1238 1045 1258 1065 a
1292 1034 1493 1065 dubitatione
1526 1033 1675 1071 liberari,
1698 1034 1768 1064 Nec
1791 1034 1914 1064 firmam
1937 1044 2056 1064 conso-

1238 1076 1392 1107 lationem
1414 1075 1514 1106 ullam
1537 1077 1757 1107 conscientiae
1791 1077 1965 1116 reperient,
1998 1086 2054 1116 pu-

1239 1125 1318 1160 gnat
1339 1120 1415 1148 item
1438 1129 1511 1148 cum
1534 1118 1643 1149 multis
1656 1119 1827 1158 scripturis
1841 1128 1925 1159 quae
1938 1119 2057 1149 docent

1239 1162 1343 1202 gratis
1364 1161 1479 1190 remitti
1492 1167 1641 1200 peccata,
1658 1167 1695 1191 ut
1712 1162 1798 1201 apud
1813 1160 1986 1192 Danielem
2009 1159 2055 1199 [9,

1242 1203 1305 1241 18.]
1324 1204 1398 1233 Non
1416 1204 1446 1233 in
1458 1203 1741 1233 iustificationibus
1754 1204 1876 1233 nostris
1893 1208 1953 1233 etc.
1978 1203 2057 1233 Item

1239 1246 1314 1276 Non
1327 1246 1475 1285 operanti
1494 1246 1553 1276 secl
1576 1246 1720 1275 credenti
1737 1251 1799 1275 etc.
1830 1246 1910 1276 Item
1923 1245 2056 1285 [Ephes.

1240 1289 1271 1325 2,
1294 1288 1338 1325 8.]
1364 1288 1467 1328 gratis
1490 1286 1609 1318 salvati
1632 1288 1712 1317 estis
1736 1293 1798 1317 etc.
1833 1287 2004 1317 Postremo
2029 1286 2056 1315 si

1240 1328 1454 1370 Evangelium
1477 1339 1542 1359 non
1555 1330 1687 1359 remittit
1700 1336 1835 1369 peccata
1848 1330 1911 1359 nisi
1923 1335 2057 1369 propter

1241 1378 1355 1402 nostra
1378 1370 1551 1402 benefacta
1573 1377 1605 1402 et
1627 1372 1827 1412 dignitatem,
1851 1370 1929 1401 nihil
1952 1371 2058 1401 differt

1240 1425 1260 1444 a
1283 1414 1369 1455 lege,
1392 1412 1492 1443 nihilo
1516 1414 1620 1454 magis
1645 1412 1753 1444 salvat
1776 1424 1872 1453 quam
1891 1413 1953 1444 lex.
1987 1413 2057 1443 Lex

1240 1457 1321 1487 iram
1344 1455 1453 1486 efficit.
1498 1456 1588 1486 Haec
1611 1456 1639 1485 si
1666 1456 1738 1496 quis
1766 1456 1986 1486 consideravit
2011 1454 2056 1486 fa-

1241 1498 1302 1529 cile
1326 1498 1442 1539 poterit
1467 1498 1506 1528 de
1530 1499 1593 1528 isto
1617 1498 1704 1528 dicto
1727 1497 1836 1528 lacobi
1860 1498 2013 1528 iudicare.

1590 1590 1703 1630 'Aliud.

1284 1675 1314 1705 V
1316 1676 1364 1706 ita
1385 1682 1519 1706 aeterna
1542 1675 1726 1715 appellatur
1748 1676 1945 1711 merces,⁵⁴)
1964 1674 2060 1714 igitur

1241 1719 1378 1748 debetur
1407 1728 1466 1758 pro
1491 1718 1657 1757 operibus,
1680 1722 1712 1747 et
1735 1727 1802 1747 non
1826 1718 1922 1747 datur
1945 1712 2058 1757 gratis.

1240 1760 1320 1790 Item
1343 1770 1442 1799 opera
1466 1760 1565 1800 digna
1588 1765 1663 1789 sunt
1686 1760 1749 1789 isto
1772 1768 1916 1790 munere.
1950 1758 2060 1789 Prius-

1240 1813 1336 1843 quam
1371 1803 1412 1832 ad
1434 1802 1499 1832 hoc
1521 1807 1745 1843 argumentum
1770 1801 1970 1841 respondeo,
1997 1801 2060 1840 pri-

1240 1855 1325 1875 mum
1350 1845 1575 1874 admonendus
1598 1850 1647 1874 est
1671 1843 1794 1881 lector,
1817 1849 1852 1873 ut
1874 1852 1967 1873 suam
1989 1843 2060 1882 ipse

1244 1887 1479 1917 conscientiam
1512 1888 1544 1917 in
1572 1886 1635 1916 hoc
1655 1891 1849 1927 argumento
1874 1885 2060 1915 consideret

1242 1935 1274 1959 et
1309 1928 1470 1959 consulat.
1530 1929 1704 1968 Nunquam
1737 1929 1821 1958 enim
1854 1926 1922 1957 ulla
1953 1927 2058 1967 perita

1241 1972 1444 2001 conscientia
1494 1969 1634 2001 affirmat
1686 1980 1746 2000 sua
1796 1968 1968 2000 benefacta
2013 1970 2059 2000 di-

1242 2024 1307 2055 gna
1348 2023 1423 2043 esse
1463 2014 1533 2043 vita
1574 2017 1709 2043 aeterna
1749 2018 1805 2042 aut
1846 2012 1956 2042 deberi
1997 2011 2058 2041 sibi

1240 2062 1374 2096 propter
1397 2055 1584 2095 -lignitateiu
1608 2065 1742 2095 operum
1764 2055 1863 2085 vitam
1881 2059 2057 2083 aeternam.

1241 2098 1351 2132 Quare
1373 2098 1592 2137 imprudenter
1610 2096 1733 2127 faciunt
1745 2097 1799 2137 qui
1811 2096 1876 2126 hoc
1888 2105 2058 2136 argumen-

1241 2146 1307 2171 tum
1330 2141 1486 2171 obiiciunt
1509 2150 1582 2170 cum
1606 2139 1762 2169 reclamet
1785 2140 1816 2168 in
1841 2139 1990 2168 omnibus
2014 2139 2058 2168 iu-

1241 2226 1376 2255 scientia
1410 2224 1567 2255 reclamet
1591 2230 1729 2254 testatur
1748 2223 1855 2253 David
1892 2222 1959 2259 [ΡΞ.
1986 2222 2057 2259 142,

1240 2370 1286 2399 54)
1307 2368 1375 2393 Cons.
1396 2369 1467 2393 Editt.
1492 2369 1562 2393 15:35.
1582 2368 1623 2392 sol.
1643 2368 1649 2391 i
1669 2369 1697 2391 31»
1716 2367 1783 2391 med.
1802 2372 1855 2396 sqq.

1730 2181 1827 2216 Quod
1850 2186 1958 2210 autem
1981 2189 2058 2209 con·
2093 2190 2133 2218 67Ἶ

2141 98 2204 131 324

2090 705 2130 733 66,
2149 704 2172 728 b.

2152 2195 2167 2213 a

1240 2421 1285 2450 55)
1306 2420 1333 2443 In
1353 2419 1400 2442 fine
1421 2419 1493 2443 huius
1513 2424 1571 2448 suas.
1592 2423 1678 2447 margo
1703 2418 1746 2441 Μς.
1766 2419 1907 2441 atramento
1927 2416 2030 2445 nigriori
2049 2416 2095 2440 sed
2114 2416 2146 2440 ab
2165 2421 2206 2440 ea-

1309 2453 1366 2476 dem
1388 2459 1462 2476 mauu
1482 2453 1544 2476 llaec
1564 2452 1665 2476 exhibet
1684 2451 1824 2480 adscripta:
1861 2448 1996 2474 Christus
2014 2448 2098 2473 dicit.

2136 2447 2209 2472 Cum

1306 2485 1443 2517 feceritis
1462 2486 1562 2509 omnin
1584 2492 1659 2516 qnae
1674 2486 1840 2515 praecepla
1861 2486 1916 2507 etc.
1947 2483 2053 2513 (Eadem
2072 2482 2158 2507 statim
2177 2483 2209 2507 ab

1311 2520 1379 2544 initio
1398 2526 1450 2549 seq.
1469 2525 1525 2549 pag.
1547 2520 1570 2543 in
1590 2519 1713 2543 contextis
1733 2519 1878 2548 tegunturl)
