2358 2933
259 1438 299 1465 69,
319 1437 342 1460 b.

1367 48 1382 63 R

851 111 959 142 Ptin..
983 110 1084 141 MEL.
1107 109 1292 141 SCRIPTA
1314 109 1588 142 DOGMATICA.

381 207 527 238 videlicet
553 205 754 236 sentiendum
778 213 854 233 esse
876 204 1035 234 neminem
1058 201 1125 243 legi
1143 212 1195 232 sa-

381 250 550 280 tisfacere.
585 247 743 277 neminem
767 246 838 275 sine
856 251 994 285 peccato
1017 255 1093 275 8558
1117 245 1195 275 118111

381 303 444 322 non
477 300 553 320 esse
586 288 786 328 probandam
821 288 1060 318 dubitationem.
1117 287 1195 317 ltem

381 334 604 363 remissionem
628 335 840 370 pcccatorum
864 330 1054 370 contingere
1078 329 1196 360 fiducia

380 374 621 405 misericordiae
644 371 776 409 Christi,
800 382 865 402 non
888 370 1012 401 aboleri
1025 378 1196 411 peccatum

379 419 404 447 si
440 423 554 447 nostra
585 415 724 455 dignitas
759 420 942 453 opponatur
980 414 1098 444 iudicio
1132 414 1194 444 dei.

380 461 456 489 iwni
471 458 636 487 Fiduciam
655 457 898 487 misericordiae
912 455 1034 486 Christi
1055 457 1086 486 in
1109 456 1195 486 omni

378 503 443 531 vita
476 501 507 530 in
532 499 759 529 iustificatione
793 499 1017 529 necessariam
1041 508 1129 534 8558,
1163 503 1195 527 81

379 544 462 573 hanc
487 542 635 572 fiduciam
661 551 724 570 non
748 541 804 570 niti
828 546 941 570 nostra
965 541 1121 581 dignitate
1135 540 1195 569 sed
1216 566 1218 571 .

378 592 499 615 tnntnm
523 583 666 613 christo.
714 582 803 613 Haec
827 583 854 612 si
878 582 949 623 quis
973 581 1142 622 largiatur,
1165 582 1194 612 is

377 637 479 668 prope
514 626 648 656 accedet
671 625 713 654 ad
737 625 881 655 nostr'am
906 626 1108 654 sententiam.
1133 625 1194 654 sed

378 676 409 699 ut
434 678 532 716 supra
557 668 620 697 dixi
640 667 861 697 diversissima
885 668 926 697 ab
949 665 1000 696 his
1021 672 1051 696 et
1075 666 1194 696 docent

378 719 407 741 et
432 711 608 741 detendunt
627 710 818 739 adversarii.
863 708 957 738 Nunc
977 709 1072 738 venio
1096 709 1139 738 ad
1157 706 1194 737 il-

378 753 440 783 lam
476 753 731 783 moderationem
766 752 806 781 de
840 760 903 790 qna
925 749 1069 790 loquitur
1097 760 1193 790 argu-

378 803 517 825 mentum
542 795 607 824 Aut
632 794 714 823 enim
740 793 918 823 moderatio
942 791 995 822 illa
1019 792 1123 822 assuit
1149 793 1193 824 ⁵²)

378 838 594 867 conditionem
619 835 783 876 dignitatis
807 841 941 865 nostrae
965 833 1084 864 etfacit
1098 833 1193 864 fidem

378 880 545 913 incertam,
559 884 635 907 tunc
648 877 820 906 reiicienda
835 883 895 905 est.
914 875 954 905 Et
968 876 1096 916 quidem
1109 885 1193 906 sem-

376 931 434 961 per
446 920 509 950 hoc
530 921 573 950 ita
591 920 750 958 accipitur
766 925 798 949 ut
819 918 900 948 fides
921 924 1100 955 evertatur,
1120 928 1193 948 cum

378 964 501 993 dicitur.
527 962 648 991 Partim
661 962 735 998 fide,
748 961 863 1000 partim
876 961 1030 1000 operibus
1043 960 1191 990 homines

377 1004 554 1036 iustificari.
586 1004 651 1034 Aut
665 1003 844 1033 moderatio
857 1001 913 1032 illa
925 1013 990 1033 non
1004 1002 1081 1033 facit
1095 1003 1192 1033 fidem

377 1049 543 1083 incertam,
563 1053 639 1076 tunc
658 1045 740 1075 redit
763 1055 817 1075 res
840 1045 882 1074 ad
900 1051 1046 1075 nostram
1063 1051 1192 1075 senten-

376 1091 461 1121 tiam.
497 1098 579 1128 quae
609 1089 702 1117 etiam
738 1088 833 1117 docet
868 1087 1085 1117 obedientiam
1115 1097 1192 1117 esse

376 1131 606 1162 necessariam.
652 1129 692 1159 Et
727 1135 835 1159 tamen
853 1135 887 1159 ut
919 1136 1008 1160 certa
1034 1130 1075 1159 sit
1098 1129 1191 1166 fides,

376 1173 462 1204 aliud
485 1172 635 1213 quiddam
660 1172 810 1212 proponit
835 1178 971 1211 propter
994 1172 1081 1212 quod
1100 1178 1191 1201 certo

376 1215 563 1256 placeamus
582 1214 663 1248 Quia
690 1223 729 1243 ne
750 1213 833 1244 haec
857 1214 985 1254 quidem
1009 1214 1192 1244 obedientia
1214 1232 1215 1253 ÷

376 1263 508 1298 propter
541 1265 579 1286 se
612 1255 719 1295 placet
754 1256 850 1285 immo
875 1266 916 1286 ne
933 1255 1041 1296 placet
1064 1257 1191 1296 quidem
1213 1268 1215 1291 ς

378 1300 439 1330 nisi
471 1299 560 1339 prius
590 1298 653 1328 fide
678 1296 878 1329 reconciliati
901 1300 1011 1329 simus.
1058 1298 1103 1327 lta
1126 1308 1192 1328 non

376 1341 520 1372 tollimus
544 1341 760 1371 obedientiam
773 1340 831 1370 sed
850 1346 973 1371 tantum
992 1339 1191 1372 detrahimus

377 1385 404 1414 ei
428 1383 578 1414 fiduciam
601 1382 840 1413 iustificationis
858 1390 893 1414 ut
916 1383 1093 1413 retineatur
1122 1392 1192 1413 cer-

379 1426 490 1457 titudo.
517 1436 519 1452 ι
565 1424 694 1455 Deinde
718 1435 790 1455 cum
813 1426 1016 1466 requiramus
1040 1425 1192 1455 obedien-

375 1470 450 1499 tiam
472 1478 511 1498 ac
529 1467 769 1508 poenitentiam.
814 1467 893 1498 nihil
918 1473 967 1498 est
996 1467 1193 1498 incommodi

377 1511 526 1542 tiduciam
560 1509 800 1540 iustificationis
831 1510 862 1540 in
896 1508 1003 1540 solum
1027 1508 1192 1540 Christum

375 1552 564 1584 transferre.
611 1551 701 1581 {uxta
731 1550 820 1581 illud.
873 1551 934 1586 Qui
969 1551 1126 1592 gloriatur
1159 1551 1192 1580 in

376 1597 504 1627 domino
528 1593 695 1636 glorietur.
741 1593 820 1624 Item
842 1594 915 1624 Non
939 1594 972 1624 in
989 1594 1191 1624 iustificatio-

375 1639 469 1669 nibus
492 1638 614 1667 nostris
633 1641 695 1666 etc.

477 1679 573 1704 Huinx
598 1679 732 1712 paginae
758 1684 834 1710 pars
864 1677 916 1702 illa
945 1677 1033 1703 verba
1050 1678 1215 1714 profrime¹

477 1720 598 1745 sequens
628 1719 719 1743 usque
745 1711 785 1736 ad
812 1712 875 1736 eius
904 1711 1063 1736 dimidium
1092 1714 1190 1736 vacat.

477 1746 577 1771 Altera
586 1745 715 1770 eiusdem
723 1745 851 1770 dimidia
857 1744 1174 1778 parse.rhibetliaecce
1183 1753 1192 1768 .-

417 1781 516 1811 Varie
527 1782 570 1813 63)
595 1778 776 1819 explicatur
798 1785 893 1809 vetus
912 1779 1042 1819 partitio
1065 1778 1192 1819 peccati
1214 1785 1215 1801 1

785 1821 856 1851 Nos
881 1821 1023 1851 breviter
1045 1822 1089 1852 ita
1114 1820 1191 1851 dici·
1213 1832 1215 1856 ς

375 1822 519 1854 mortalis
539 1827 571 1852 et
593 1820 740 1852 venialis.

374 1876 445 1896 mus
458 1865 599 1895 Primum
624 1865 664 1893 de
686 1864 802 1893 morbo
824 1862 881 1895 illo
906 1870 1042 1894 naturae
1063 1863 1127 1893 hoc
1141 1868 1193 1892 est

375 1908 415 1937 de
447 1913 585 1947 peccato
621 1906 774 1945 originis,

375 1951 471 1980 etiam
505 1950 537 1978 in
560 1948 598 1977 iis
623 1949 676 1988 qui
700 1947 763 1977 fide
787 1948 1016 1978 remissionem
1038 1954 1190 1988 peccato·
1212 1962 1213 1966 ¹

374 2002 443 2021 rum
477 1989 725 2030 apprehendunt
759 1996 789 2019 et
818 1990 894 2020 iusti
921 1991 1189 2030 pronunciantur.

375 2033 468 2063 Hunc
492 2033 638 2062 morbum
662 2038 779 2062 natura
798 2042 856 2062 sua
869 2039 1041 2072 peccatum
1053 2031 1190 2063 mortale
1212 2038 1213 2044 ¹

374 2085 449 2105 esse
479 2075 539 2104 sed
566 2074 743 2103 condonari
767 2075 809 2109 ⁶⁴)
844 2075 882 2104 iis
907 2075 960 2115 qui
984 2074 1048 2105 fide
1075 2084 1190 2115 appre·
1212 2092 1213 2095 =

374 2117 517 2147 hendunt
547 2117 771 2146 remissionem
806 2123 1027 2156 peccatorum.
1073 2116 1133 2147 Ro.
1158 2116 1188 2147 8.

375 2161 436 2195 [vs.
464 2159 504 2195 1.1
533 2157 630 2188 Nulla
653 2168 739 2189 nunc
763 2158 925 2189 damnatio
955 2166 1016 2189 818.
1061 2158 1191 2189 Deinde

374 2199 428 2230 ille
450 2201 584 2230 morbus
609 2210 673 2230 non
698 2207 746 2230 est
771 2201 905 2230 ociosus
930 2202 988 2231 sed
1007 2202 1110 2242 gignit
1135 2212 1189 2232 cu-

373 2243 525 2282 piditates
560 2249 589 2272 et
619 2242 756 2272 affectus
779 2243 918 2273 w'tiosos
943 2245 1040 2274 etiam
1058 2245 1090 2274 in
1114 2254 1188 2273 san-

375 2285 446 2321 ctis,
471 2284 560 2315 Sicut
580 2283 701 2315 Paulus
724 2283 843 2316 fatetur
869 2286 899 2315 in
923 2286 1047 2316 sanctis
1071 2287 1188 2317 existe-

223 2386 267 2411 62)
287 2385 330 2408 ,iis-
349 2389 407 2409 31118
427 2385 518 2408 ass-1117
538 2386 612 2410 habet
632 2385 739 2410 adimit
758 2391 917 2416 expunctum.

223 2419 267 2445 63)
287 2418 312 2442 ln
333 2419 401 2442 [diti.
421 2419 458 2443 his
478 2425 541 2449 quae
561 2420 582 2457 h
603 2421 616 2443 1.
632 2421 660 2457 111
679 2421 721 2445 115.
747 2421 873 2449 leguntur,
893 2421 941 2444 alia
961 2422 1101 2450 praemissa
1121 2423 1187 2448 sunt.
1209 2439 1212 2458 1

290 2458 353 2481 quae
374 2452 430 2481 plus
451 2459 524 2482 quain
551 2453 679 2478 dimidiam
706 2455 823 2484 paginam
843 2454 953 2483 explent.
973 2461 1028 2479 cum
1050 2455 1188 2484 inscriptio-

290 2491 335 2508 ne:

372 2486 412 2509 ne
433 2486 626 2511 discrimine
645 2489 778 2517 peccati
803 2488 962 2512 mortalis
981 2495 1018 2513 ac
1036 2489 1188 2513 venialis.

223 2520 267 2547 64)
286 2519 431 2549 condonari]
452 2520 508 2544 31³1:
527 2521 677 2545 condonare.

819 1906 907 1945 quod
947 1905 1106 1946 reliquum
1141 1910 1214 1935 est-

1237 212 1274 232 re
1296 201 1379 232 tales
1398 201 1536 233 affectus
1557 202 1644 233 Caro
1665 203 1868 242 concupiscit
1888 209 1949 233 818.
1980 202 2059 232 Item

1238 244 1273 275 Si
1292 245 1407 284 spiritu
1426 246 1571 275 actiones
1592 245 1699 275 carnis
1718 254 1804 274 mor:
1829 246 1913 278 —⁶⁵)
1931 248 1936 267 ¹
1962 243 2052 274 Sicut

1239 292 1344 317 autem
1373 296 1440 316 non
1475 293 1523 317 est
1559 287 1782 317 extenuandas
1812 287 1883 326 ipse
1911 287 2058 323 morbus,

1239 329 1283 358 ita
1316 337 1378 358 nec
1406 328 1438 358 hi
1469 328 1605 359 affectus
1635 328 1721 359 levia
1749 329 1828 359 vitia
1846 328 1920 359 duci
1939 329 2059 358 debent

1239 370 1297 400 sed
1317 371 1413 400 etiam
1433 377 1506 401 sunt
1527 381 1588 401 sua
1606 377 1721 401 natura
1740 376 1877 410 peccata
1895 368 2056 400 mortalia.

1239 412 1313 442 Non
1348 413 1431 442 enim
1460 411 1545 443 levia
1575 419 1712 452 peccata
1741 418 1817 443 sunt
1846 412 1994 442 dubitare
2017 421 2058 442 an

1239 454 1319 484 deus
1355 455 1521 493 respiciat,
1552 465 1593 485 an
1628 455 1791 491 exaudiat,
1821 454 1853 483 in
1877 451 2059 484 afflictione

1238 495 1437 526 stomachari
1470 497 1631 527 adversus
1661 497 1771 534 deum,
1802 494 1952 526 diffidere
1985 496 2059 533 deo,

1239 538 1406 568 confidere
1435 540 1664 578 praesentibus
1690 539 1807 575 rebus,
1833 539 1909 568 item
1927 538 2058 568 incendi

1238 580 1359 610 iniusto
1379 590 1500 618 amore,
1536 581 1609 611 odio
1641 588 1704 612 etc.
1761 580 1953 612 Huiusmodi
1982 578 2058 610 affe-

1239 628 1310 652 ctus
1330 623 1405 662 quia
1425 623 1653 654 condonantur
1678 624 1802 654 sanctis
1826 623 1906 653 fiunt
1922 627 2059 663 peecata

1216 663 1389 714 {venialia²
1419 664 1484 695 hoc
1514 671 1563 695 est
1594 666 1790 696 condonata.
1837 665 1949 695 Sancti
1973 665 2057 695 enim

1216 724 1217 740 i
1238 716 1303 736 non
1322 707 1464 745 probant
1482 706 1566 737 tales
1590 707 1727 738 affectus
1747 714 1777 738 81
1801 713 1986 748 repugnant
1998 706 2057 744 eis,

1215 764 1217 791 3
1239 754 1269 778 81
1293 748 1376 778 fides
1399 749 1431 778 in
1451 750 1707 789 repugnantibus
1730 749 1837 780 adhuc
1850 750 1971 786 existit,
1983 749 2057 779 ideo

1214 798 1217 827 Ι
1239 790 1365 820 interim
1384 796 1491 820 tamen
1511 792 1768 830 pronunciantur
1791 792 1876 822 iusti.
1921 791 1992 821 Nec
2009 789 2058 820 af-

1238 831 1309 862 fero
1339 831 1403 862 huc
1432 832 1578 862 Stoicam
1611 833 1853 864 distinctionem
1876 833 1916 863 de
1944 833 2057 873 primis

1237 874 1379 904 motibus
1406 880 1437 904 et
1457 874 1497 904 de
1516 884 1672 911 assensu,
1697 874 1802 905 Tanta
1825 881 1877 905 est
1899 876 1984 905 enim
2002 875 2057 905 im-

1214 915 1217 965 i
1239 914 1403 946 becillitas
1437 914 1599 946 humanae
1627 923 1764 947 naturae
1792 922 1827 947 ut
1856 918 2058 957 opprimatur

1214 967 1397 988 ¹assensus
1438 959 1628 998 priusquam
1667 959 1748 989 satis
1783 958 1920 1000 intelligi
1949 965 2057 990 motus

1236 1000 1354 1040 possit.
1399 999 1483 1031 Illud
1515 1010 1655 1031 necesse
1689 1007 1739 1031 est
1768 1002 1855 1032 scire
1874 1001 1962 1042 quod
1980 1001 2057 1032 iusti

1238 1051 1422 1083 repugnare
1466 1041 1529 1073 illis
1580 1044 1721 1074 motibus
1773 1044 1902 1074 debent.
1965 1043 2057 1074 Haec

1214 1094 1215 1100 ¹
1238 1085 1346 1114 omnia
1365 1084 1461 1114 docet
1471 1083 1593 1115 Paulus
1613 1086 1645 1115 in
1662 1084 1719 1115 illo
1738 1084 1825 1116 loco.
1853 1085 1949 1115 Nunc
1967 1083 2057 1115 nulla

1238 1126 1400 1156 damnatio
1431 1132 1493 1157 etc.
1540 1127 1607 1157 Sed
1630 1133 1679 1157 est
1708 1126 1796 1158 aliud
1819 1128 1983 1168 quoddam
2001 1136 2058 1168 ge—

1214 1165 1215 1175 *
1238 1178 1299 1198 nus
1334 1169 1499 1199 actionum
1528 1179 1611 1209 quae
1640 1177 1717 1199 sunt
1752 1170 1911 1200 eiusmodi
1940 1174 1975 1199 ut
2003 1169 2058 1209 qui

1238 1220 1295 1240 eas
1323 1210 1493 1240 admittunt
1528 1211 1681 1241 excidant
1699 1212 1804 1252 gratia
1828 1212 1894 1248 dei,
1913 1210 1978 1241 hoc
1997 1216 2059 1249 est,

1214 1254 1215 1262 ¹
1238 1253 1388 1282 desinant
1418 1253 1561 1291 reputari
1591 1253 1665 1283 iusti
1699 1259 1730 1283 81
1765 1253 1958 1283 damnentur
1993 1253 2057 1283 nisi

1237 1295 1353 1324 iterum
1372 1300 1615 1325 convertantur.
1654 1294 1726 1325 Hae
1749 1295 1896 1325 actiones
1920 1301 2058 1334 peccata

1213 1357 1216 1378 ὲ
1237 1341 1399 1366 vocantur
1427 1335 1589 1374 mortalia,
1619 1335 1822 1378 Quamquam
1851 1342 1959 1367 autem
1983 1346 2058 1376 gra-

1214 1379 1215 1394 *
1238 1378 1313 1408 dum
1347 1378 1555 1408 exactissime
1579 1379 1780 1409 constituere
1803 1378 1898 1409 huius
1924 1379 2057 1419 generis

1237 1418 1371 1450 difficile
1394 1425 1461 1457 est,
1495 1426 1526 1450 et
1549 1421 1723 1451 videndum
1742 1426 1791 1451 est
1810 1430 1851 1451 ne
1870 1426 1925 1450 aut
1948 1420 2057 1459 pavidi

1237 1462 1280 1492 ad
1310 1462 1573 1501 desperationem
1602 1463 1787 1503 adigantur,
1827 1468 1882 1493 aut
1918 1463 2055 1492 tutiores

1214 1506 1216 1519 ¹
1238 1504 1417 1534 reddantur
1445 1505 1571 1541 securi,
1601 1511 1708 1535 tamen
1733 1510 1822 1534 certe
1841 1503 1958 1544 aliquis
1981 1513 2056 1543 gra-

1214 1553 1215 1560 *
1238 1547 1298 1576 dus
1328 1545 1413 1587 legis
1442 1547 1602 1576 tenendus
1631 1552 1692 1577 est.
1755 1546 1929 1577 Sumamus
1958 1546 2057 1586 igitur

1237 1598 1310 1618 eum
1332 1588 1469 1628 gradum
1493 1598 1588 1628 quem
1600 1587 1722 1620 Paulus
1742 1588 1908 1619 constituit
1932 1588 2055 1618 dicens.

1235 1628 1378 1660 Dilectio
1413 1639 1453 1660 ex
1472 1640 1554 1670 puro
1579 1631 1680 1661 corde
1699 1636 1762 1661 etc.
1813 1630 1947 1671 requirit
1971 1631 2055 1660 enim

1237 1673 1357 1702 bonam
1387 1673 1633 1709 conscientiam,
1659 1679 1691 1703 et
1720 1672 1849 1713 quidem
1878 1672 1947 1712 regi
1977 1681 2055 1702 con-

1238 1715 1375 1744 scientia
1395 1715 1491 1745 debet
1514 1715 1616 1745 verbo
1640 1715 1702 1745 dei.
1726 1715 1839 1755 ltaque
1857 1715 1890 1744 in
1912 1714 1978 1744 hoc
2000 1723 2055 1754 ge-

1214 1763 1215 1783 1
1236 1766 1316 1786 nere
1334 1757 1499 1787 actionum
1518 1763 1687 1796 peccatum
1699 1755 1838 1788 mortale
1850 1762 1899 1787 est
1911 1757 2055 1797 probare

1236 1804 1291 1829 aut
1309 1797 1421 1828 facere
1444 1798 1565 1839 aliquid
1585 1805 1701 1829 contra
1721 1799 1964 1829 conscientiam.
1988 1797 2055 1827 hoc

1237 1846 1299 1878 est,
1312 1841 1417 1879 impiis
1431 1841 1650 1880 opinionibus,
1669 1840 1949 1878 incredulitati,⁶⁶)
1961 1840 2054 1870 vitio-

1237 1883 1282 1912 sis
1301 1881 1473 1913 affectibus
1498 1894 1564 1914 non
1583 1893 1777 1925 repugnare.
1822 1882 1901 1912 Item
1919 1888 2055 1913 externa

1212 1930 1213 1957 Ξ
1236 1924 1361 1966 flagitia
1385 1926 1587 1956 committere
1611 1931 1727 1956 contra
1749 1925 1901 1955 mandata
1925 1925 1988 1962 dei,
2006 1923 2054 1954 lo-

1213 1659 1216 1671 1

1212 1980 1213 1994 ι
1236 1968 1363 2007 quimur
1393 1968 1477 1997 enim
1509 1977 1596 1998 nunc
1630 1968 1670 1998 de
1699 1967 1900 2004 actionibus,
1935 1967 2053 2007 quibus

1212 2004 1213 2023 ¹
1235 2009 1387 2039 admissis
1422 2008 1519 2040 homo
1554 2010 1671 2040 desinit
1694 2010 1904 2049 pronunciari
1937 2010 2052 2039 iustus.

1234 2051 1309 2081 Non
1340 2050 1502 2091 loquimur
1530 2052 1594 2082 iam
1623 2052 1663 2082 de
1693 2052 1808 2082 morbo
1835 2049 1973 2081 naturali
1992 2060 2054 2081 nec

1212 2102 1213 2106 ¹
1235 2093 1276 2123 de
1298 2094 1444 2132 peccatis
1467 2094 1674 2134 ignorantiae
1693 2103 1777 2134 quae
1796 2094 1960 2134 coniungo
1980 2103 2053 2123 cum

1234 2136 1348 2166 morbo
1373 2135 1521 2166 naturali.
1567 2135 1619 2166 De
1637 2135 1687 2166 his
1707 2136 1890 2166 actionibus
1909 2135 2054 2176 loquitur

1210 2178 1212 2209 ῗ
1234 2177 1359 2208 Paulus
1384 2188 1457 2208 cum
1476 2178 1577 2219 inquit
1598 2178 1703 2215 [Rom.
1727 2177 1759 2216 8,
1781 2178 1860 2215 13.:J
1881 2177 1917 2208 Si
1936 2186 2052 2208 5881111-

1210 2219 1212 2250 ἷ
1235 2221 1309 2250 (111111
1330 2230 1461 2250 carnem
1481 2221 1597 2250 vivetis
1618 2226 1680 2251 etc.
1726 2221 1804 2251 Item
1821 2219 1933 2250 l.Cor.
1947 2219 2051 2256 6.[vs.

1210 2266 1211 2269 ’
1234 2264 1295 2300 9.;]
1315 2262 1365 2292 Ν8
1384 2263 1499 2292 erretis
1519 2269 1581 2292 etc.
1627 2263 1706 2293 Item
1724 2262 1827 2303 Ephe.
1847 2261 1888 2292 V.
1909 2264 1970 2299 [VS.
1988 2260 2018 2291 5.
2027 2263 2050 2298 τ]

1210 2328 1211 2341 i
1233 2304 1305 2335 Hoc
1325 2304 1444 2335 scitote
1463 2305 1550 2345 quod
1569 2306 1673 2334 omnis
1693 2310 1858 2335 scortator
1876 2310 1937 2335 818.

1209 2351 1211 2382 1
1335 2346 1394 2371 Hic
1414 2348 1505 2371 [rium
1525 2346 1674 2372 linearum
1693 2348 1824 2379 Apuliam
1844 2348 1941 2375 vacat,
1960 2348 1992 2370 ut
2011 2346 2051 2371 vi-

1209 2383 1211 2390 '
1336 2379 1430 2407 detur,
1450 2388 1515 2405 eam
1536 2380 1571 2405 ob
1592 2387 1725 2411 causam,
1745 2380 1823 2413 quod
1841 2381 1875 2409 is,
1891 2381 1976 2405 cuius
1991 2378 2053 2404 chi-

1234 2480 1279 2512 65)
1298 2487 1367 2506 mor:
1386 2481 1429 2512 —]
1451 2483 1486 2506 sie
1504 2483 1547 2507 115.
1568 2488 1628 2512 pro:
1650 2481 1830 2506 mortificabitis
1849 2485 1896 2506 etc.

1210 2542 1212 2549 ,
1234 2524 1280 2553 66)
1301 2523 1479 2554 incredulitati]
1501 2525 1558 2549 Ms.:
1577 2524 1760 2549 incredulitate.

2090 253 2133 283 70,

2092 1634 2132 1664 70,

2149 110 2213 144 328

2151 1634 2175 1659 b.
