2358 2933
279 138 337 165 T.)-

299 154 337 168 ἡι)

278 242 353 263 vera
389 241 437 262 est
472 232 651 263 sententia.
686 231 773 271 quod
804 231 901 263 liceat
925 234 988 264 vim
1012 236 1043 265 vi
1067 234 1241 275 depellere.

276 274 343 305 Nec
363 280 485 315 pugnat
510 284 582 304 cum
599 272 776 315 Evangelio
801 282 855 305 aut
880 285 952 306 cum
977 276 1038 307 hac
1063 287 1161 309 voce:
1186 277 1242 309 Di-

276 317 364 359 ligite
387 317 533 347 inimicos
558 322 698 353 vestros,
746 316 828 346 Nam
841 316 1055 359 Evangelium
1078 329 1143 350 non
1165 320 1244 351 abo-

276 359 317 389 let
336 361 385 389 ius
411 366 546 388 naturae
569 364 599 388 et
624 356 751 389 vincula
782 358 933 398 politicae
957 361 1143 398 societatis,
1178 361 1245 393 hoc

276 408 336 432 est.
362 401 468 441 Leges
494 406 603 430 rectae
627 401 743 431 rationi
767 407 1018 434 consentaneas.
1065 403 1130 434 11110
1159 403 1245 434 hanc

276 446 376 484 ipsam
402 444 441 473 ob
467 452 618 473 caussam
643 448 707 472 tam
732 444 830 473 variis
854 442 971 475 officiis
1000 445 1031 475 in
1056 445 1118 476 hae
1142 446 1245 477 socie-

275 493 337 515 tate
366 485 453 516 Deus
479 483 645 525 colligavit
667 483 832 516 homines,
862 491 895 516 ut
925 487 966 517 sit
997 488 1130 518 occasio
1155 497 1245 519 exer-

275 528 397 558 cendae
421 536 449 557 et
475 526 693 558 declarandae
718 526 803 565 111161,
826 528 1030 560 obedientiae
1054 536 1083 560 et
1101 529 1244 561 dilectio-

275 572 333 600 nis.
382 568 617 600 Paterfamilias
637 569 730 599 debet
757 568 979 602 defensionem
1009 581 1090 602 suae
1114 572 1244 613 coniugi

275 621 302 642 et
329 613 396 642 suis
421 611 550 648 liberis,
582 621 662 653 ergo
693 612 722 642 in
748 614 991 654 oppugnatione
1014 615 1142 645 aedium
1165 613 1244 645 facit

274 653 416 685 osticium
445 653 647 690 dilectionis,
682 662 712 684 et
742 653 847 685 luceat
872 655 903 685 in
925 657 1032 688 animo
1056 657 1125 687 eius
1150 656 1242 687 fides.

275 697 329 727 Sic
355 697 419 727 dux
443 696 539 727 debet
555 695 778 727 defensionem
795 697 932 727 subditis
948 698 979 728 in
994 699 1120 730 caussis
1134 699 1244 735 iustis3

274 740 384 773 Quare
417 749 488 770 cuin
517 739 633 768 iustum
664 737 784 769 bellum
810 739 908 779 gerit,
936 738 1011 770 facit
1036 740 1177 772 officium
1200 741 1244 771 di-

276 781 433 818 lectionis,
458 787 487 811 et
512 780 616 811 luceat
642 781 804 811 invocatio
827 781 889 811 Dei
912 782 943 812 in
966 782 1123 823 periculo.
1154 782 1244 813 llaec

276 834 337 854 non
362 830 506 865 pugnant
531 833 603 853 611111
618 821 809 864 Evangelio,
834 824 921 864 quod
944 824 1013 855 vult
1036 834 1244 865 unumquem-

274 876 336 906 que
359 876 474 907 parcre
497 863 658 905 legitimae
682 866 858 902 vocationi,
882 872 1100 907 necpugnant
1119 868 1157 903 ¹⁸)
1172 876 1245 897 cum

275 907 336 939 hoc
361 908 447 939 dicto
479 906 605 943 {Matth-
629 907 660 943 5,
684 907 769 945 444:
801 907 934 949 Diligite
958 909 1116 940 inimicos
1161 908 1244 939 Nam

275 950 422 986 dilectio,
458 948 605 979 defensio
636 959 675 980 ac
710 950 832 989 punitio
860 960 1066 991 nequaquam
1096 951 1178 981 inter
1207 961 1244 981 se

275 998 428 1034 pugnant.
466 992 547 1022 Nam
571 990 783 1027 11116011011119)
804 992 876 1023 sinis
905 992 957 1023 1110
972 993 1167 1024 constitutus
1182 998 1243 1030 est,

275 1043 304 1065 nt
330 1042 461 1075 propter
480 1033 585 1064 Deum
610 1032 781 1076 diligamus
806 1041 836 1064 et
857 1033 1077 1066 anteferamus
1101 1034 1244 1066 dilectio—

275 1088 346 1108 nem
371 1077 442 1107 Dei.
490 1076 571 1107 sum
602 1086 666 1106 11011
698 1082 805 1116 potest
835 1075 969 1118 diligere
997 1087 1055 1108 rex
1076 1077 1148 1108 Aza
1177 1088 1243 1108 1113-

276 1127 354 1150 110111
379 1126 511 1160 propter
530 1118 645 1155 Deum,
669 1128 753 1159 quae
776 1117 904 1150 colebat
928 1119 1026 1157 idola,
1050 1118 1150 1150 afficit
1173 1129 1243 1150 eam

275 1172 388 1202 poena.
436 1161 491 1192 Sic
515 1160 749 1191 Constantinus
773 1162 800 1191 si
831 1160 959 1193 tulisset
983 1162 1142 1193 Licinium
1172 1172 1243 1192 sae—

275 1206 412 1235 vientem
438 1204 466 1233 in
491 1201 686 1239 Ecclesiam,
704 1204 923 1243 praestitisset
952 1202 1062 1236 officia
1086 1214 1152 1235 non
1175 1203 1243 1244 pla—

276 1247 379 1277 centia
406 1246 485 1277 Deo.
534 1245 608 1275 ldco
633 1246 776 1285 reprimit
798 1256 869 1276 eum
892 1247 1003 1277 armis.

360 1288 449 1319 Haec
474 1288 607 1318 recitavi
631 1288 671 1318 de
694 1287 756 1318 hac
781 1289 956 1319 sententia:
987 1288 1060 1319 Vim
1083 1289 1115 1319 vi
1138 1287 1243 1328 repel-

274 1332 340 1362 lere
364 1331 451 1367 licet,
477 1337 508 1361 nt
534 1330 669 1360 studiosi
695 1331 912 1368 considerent,
937 1336 1098 1371 quatenus
1115 1329 1242 1365 valeam

274 1385 346 1404 nant
381 1384 421 1404 cx
455 1372 518 1402 1100
553 1371 643 1402 fonte
673 1373 743 1403 iura
775 1371 934 1403 bellorum
958 1379 1137 1404 sumuntur.
1182 1373 1243 1402 Est

273 1423 380 1447 autem
403 1413 602 1446 conferenda
626 1424 698 1444 emn
722 1413 825 1445 altero
845 1415 930 1445 dicto
956 1414 1242 1455 [Mattl1.26‚52.1,:

274 1459 334 1493 Qui
357 1457 500 1499 gladium
523 1457 698 1496 acceperit,
722 1455 829 1497 gladio
842 1457 975 1496 peribit:
999 1456 1162 1496 Accipere
1175 1456 1243 1498 gla-

273 1501 357 1532 dium
395 1507 440 1531 est
478 1510 542 1529 non
576 1499 686 1530 datum
715 1509 734 1529 a
757 1499 901 1539 Legibus
930 1499 1102 1540 stringere.
1153 1499 1243 1541 Ergo

273 1544 326 1585 qui
357 1543 418 1574 vim
446 1542 597 1572 iniustam
625 1539 736 1578 infert,
770 1542 890 1581 accipit
912 1540 1072 1582 gladium,
1107 1547 1244 1572 econtra

275 1596 352 1616 vero
381 1585 434 1626 qui
458 1585 541 1615 iusta
571 1582 759 1614 defensione
782 1584 896 1620 utitur,
929 1593 995 1614 non
1027 1584 1145 1624 accipit
1175 1583 1243 1625 gla-

274 1629 375 1659 dium.
419 1627 477 1657 sed
512 1627 639 1667 stringit
679 1626 788 1656 datum
823 1635 842 1656 a
880 1625 1033 1667 Legibus.
1091 1625 1243 1657 Ceterum

273 1670 424 1701 Phristus
444 1669 507 1699 hoc
530 1667 605 1699 1000
630 1669 804 1709 praecipue
829 1668 985 1699 discernit
1008 1667 1118 1699 officia
1140 1669 1241 1710 magi-

274 1719 430 1743 stratuum
454 1719 483 1742 et
498 1711 706 1741 ministerium
718 1709 905 1760 Evangelii:
930 1710 1136 1752 Magistratui
1148 1710 1241 1742 Deus

273 1755 416 1796 gladium
439 1753 568 1784 tradidit
591 1754 646 1791 ita,
669 1759 702 1783 ut
723 1754 754 1783 in
779 1751 887 1783 ofhcio
910 1751 1053 1794 legitimo
1068 1763 1107 1783 eo
1121 1758 1242 1789 utatur3

274 1798 307 1829 si
331 1797 485 1832 abutitur,
509 1801 542 1826 ut
561 1796 709 1836 privatae
732 1796 918 1826 iracundiae
933 1801 987 1826 aut
1005 1794 1106 1826 furori
1119 1806 1241 1826 morem

274 1847 382 1880 gerat,
407 1846 439 1869 ut
462 1838 568 1875 Nero,
591 1843 716 1879 peccat.
762 1837 904 1868 Econtra
927 1847 1006 1869 vero
1030 1838 1241 1868 ministerium

275 1880 445 1923 Evangelii
469 1880 559 1911 Deus
590 1890 654 1911 non
679 1879 747 1910 mit
770 1890 846 1910 esse
870 1890 1005 1921 regnum
1028 1880 1240 1911 mundanum:

275 1924 350 1955 ldeo
375 1929 462 1954 16131,
485 1922 667 1963 Apostolos
696 1921 859 1962 praeliari.
906 1921 1024 1954 officia
1055 1923 1242 1953 discernun-

277 1967 374 1997 turin
400 1966 463 1996 1100
487 1965 584 1996 dicto.
630 1964 754 2004 Estque
777 1963 948 2006 diligenter
976 1965 1040 1996 hoc
1070 1965 1242 1995 discrimen

276 2007 565 2045 considerandum,
595 2013 629 2038 ut
656 2007 783 2038 discant
806 2007 959 2038 doctores
983 2006 1155 2038 Ecclesiae
1178 2017 1242 2037 non

276 2052 329 2081 niti
364 2050 512 2081 humanis
546 2049 736 2090 praesidiis,
770 2059 833 2079 non
859 2050 988 2080 03113111
1017 2060 1107 2080 311113
1131 2054 1243 2080 0011113

278 2104 356 2123 suos
381 2094 602 2134 magistratus,
626 2092 685 2122 sed
709 2091 814 2122 sciant
836 2061 1020 2122 Ecclesiam
1044 2091 1117 2122 Deo
1145 2100 1243 2122 curae

276 2146 368 2171 esser.
404 2141 433 2164 61
459 2140 628 2175 expectent
651 2134 691 2164 ab
716 2134 786 2174 ipso
814 2133 985 2171 auxilium,
1004 2140 1038 2164 ut
1060 2133 1242 2165 Ecclesiam

278 2177 423 2207 liberavit
448 2176 537 2207 Deus
561 2187 579 2206 a
599 2176 734 2206 saevitia
760 2175 957 2213 Pharaonis,
992 2175 1243 2212 Chaldaeorum,

276 2219 432 2249 Maxentii
452 2226 483 2248 et
505 2218 641 2249 aliorum
665 2224 884 2259 tyrannorum.
919 2219 1031 2259 ltaque
1054 2228 1119 2248 non
1138 2216 1243 2248 solum

277 2262 423 2291 doctrina
458 2261 592 2290 traditur
615 2261 647 2290 in
682 2260 747 2290 hoc
777 2260 864 2291 dicto
888 2261 928 2291 de
951 2261 1089 2291 diversis
1113 2258 1244 2297 officiis,

279 2304 334 2333 scd
360 2304 453 2333 etiam
478 2308 563 2333 tecte
587 2302 789 2343 significatur
808 2302 990 2333 Ecclesiam
1014 2303 1165 2333 divinitus
1190 2301 1243 2332 de-

283 2450 322 2477 is)
343 2447 465 2478 pugnant}
495 2447 563 2471 [din.
587 2447 624 2468 Π.
647 2448 684 2469 15.
705 2447 813 2470 :zo—26.
834 2448 939 2470 28—31.
959 2448 1007 2475 34,
1039 2447 1110 2476 Corn.
1132 2448 1151 2470 1.
1172 2447 1194 2468 2.
1214 2447 1244 2471 4.,

346 2483 404 2511 Opp,
427 2482 446 2503 l.
468 2482 490 2502 2.
509 2484 603 2510 pugnat

283 2536 323 2561 111)
343 2531 478 2561 dilectioni]
506 2531 576 2555 Editt.
597 2532 703 2555 211—24.
729 2533 836 2555 26-28-
862 2533 902 2554 30.
927 2531 1046 2559 32-31.,
1073 2531 1142 2561 Corp.
1165 2531 1245 2557 1-8.,

347 2567 404 2595 01111,
428 2566 447 2586 1.
467 2564 489 2586 '2-
511 2564 649 2588 dilectionis

902 141 1010 173 PHlL.
1033 140 1135 174 MEL.
1155 142 1337 176 SCRtPTA
1362 142 1633 176 DOGMATICA.

2202 148 2262 181 724

1290 235 1376 268 feudi
1401 242 1433 267 et
1455 235 1595 268 liberari.
1632 235 1722 268 Haec
1746 239 1905 269 sententia
1923 239 1984 280 piis
2008 249 2163 282 magnam*
2184 251 2260 272 con·

1291 277 1484 310 solationem
1508 277 1611 309 affert.
1657 277 1697 309 Et
1720 277 1880 312 hactenus
1904 281 1946 312 de
1968 281 2119 313 vindicta.

1580 405 1638 436 DE
1669 404 1968 438 PAUPERTATE.

1378 488 1458 520 Cum
1478 488 1649 531 Evangelii
1678 489 1845 522 consessio
1874 491 1974 523 multa
2002 492 2147 533 pericula
2175 494 2259 525 vitae

1292 535 1324 561 et
1346 530 1485 562 fortunis
1509 531 1672 562 hominum
1696 531 1825 569 afferat,
1855 542 1927 564 cum
1959 535 2065 565 studia
2088 534 2258 577 Evangelii

1292 574 1355 604 sint
1378 573 1410 603 in
1434 574 1525 611 odio,
1555 584 1617 605 1166
1640 574 1703 604 sint
1726 580 1944 615 quaestuosa,
1969 576 2108 617 denique
2133 587 2204 608 cum
2227 577 2259 615 in

1292 614 1354 645 hac
1378 616 1444 646 vita
1468 617 1629 646 communi
1653 617 1735 647 inter
1764 623 1891 648 ceteras
1920 628 2108 649 communes
2131 618 2259 650 calami-

1291 663 1374 688 tates
1398 656 1534 698 vulgare
1558 667 1640 689 onus
1664 659 1704 688 sit
1720 659 1813 689 etiam
1827 658 2017 699 Paupertas,
2041 670 2145 701 eaque
2159 670 2260 701 saepe

1292 700 1415 730 duriter
1438 705 1589 730 exerceat
1602 701 1776 741 praecipue
1789 700 1990 738 Ecclesiam3
2015 702 2107 742 Opus
2132 708 2181 733 est
2203 713 2259 734 no-

1293 742 1342 773 bis
1377 742 1524 772 doctrina
1554 747 1584 772 et
1613 742 1857 780 consolatione,
1891 753 1931 774 ne
1955 744 2175 776 existimemus
2197 754 2260 776 nos

1292 789 1425 824 propter
1448 789 1671 823 paupertatem
1693 784 1798 815 aDeo
1821 784 1952 827 negligi.
1998 786 2074 817 ldeo
2098 792 2163 817 tam
2178 786 2260 818 mul-

1292 831 1344 856 tae
1374 830 1449 856 sunt
1478 825 1654 856 conciones
1686 826 1726 856 de
1754 832 1945 866 paupertate
1973 829 2005 858 in
2028 827 2203 869 Prophetis
2228 834 2259 860 et

1293 868 1324 897 in
1347 866 1538 908 Evangelio.
1583 867 1769 898 Traduntur
1791 875 1965 908 praecepta
1995 870 2035 900 de
2065 871 2258 910 constantia,

1292 919 1332 940 ne
1356 910 1496 949 pertaesi
1518 914 1739 949 paupertatem
1763 910 1950 940 abiiciamus
1970 910 2194 952 Evangelium,
2218 921 2259 943 ne

1292 952 1467 992 cupiditate
1486 961 1584 991 opum
1602 956 1632 982 et
1644 952 1809 991 potentiae
1820 953 1965 983 sinamus
1984 962 2045 984 nos
2062 953 2204 994 pertrahi
2217 954 2259 984 ad

1291 992 1448 1025 malarum
1467 1003 1575 1024 rerum
1593 993 1794 1024 societatem.
1818 993 2002 1026 Traduntur
2020 1000 2051 1025 et
2063 994 2258 1027 consolatio-

1291 1046 1363 1074 nes,
1386 1036 1418 1066 in
1441 1036 1558 1076 quibus
1581 1036 1737 1075 promittit
1756 1035 1849 1067 Deus
1874 1046 1911 1067 se
1936 1035 2165 1077 opitulaturum
2184 1044 2259 1068 esse

1291 1078 1474 1119 egentibus,
1491 1084 1526 1108 ut.
1544 1076 1670 1114 [Matth.
1686 1078 1734 1118 19,
1747 1077 1828 1116 ⁶294:
1852 1078 1915 1113 Qui
1933 1078 2101 1120 reliquerit
2118 1079 2258 1117 domum,

1290 1131 1416 1162 agrum,
1429 1119 1563 1160 recipiet
1575 1119 1760 1160 centuplum
1774 1126 1836 1151 etc.
1850 1121 1910 1151 sed
1923 1121 2021 1159 addit,
2033 1120 2116 1152 Cum
2127 1120 2258 1152 tribula-

1291 1163 1387 1193 tione.
1411 1161 1462 1192 De
1480 1161 1531 1192 his
1550 1162 1675 1203 magnis
1695 1162 1793 1192 rebus
1808 1163 2042 1194 concionantur
2055 1163 2140 1194 dicta
2152 1163 2258 1194 Evan-

1291 1204 1377 1246 gelii,
1390 1210 1422 1235 et
1434 1204 1616 1235 doctrinam
1628 1203 1805 1235 salutarem
1819 1205 1994 1246 demagnis
2008 1205 2171 1236 exercitiis
2183 1205 2258 1236 fidei

1290 1253 1321 1278 et
1343 1246 1478 1277 aliamm
1502 1246 1651 1276 virtutum
1675 1247 1857 1284 continent,
1888 1256 1948 1277 nec
1978 1252 2052 1278 sunt
2082 1247 2124 1278 ad
2146 1246 2258 1278 Mona-

1290 1289 1425 1321 chorum
1452 1287 1642 1329 hypocrisin
1675 1293 1731 1319 aut
1764 1289 1980 1319 desertionem
2006 1288 2199 1321 facultatum
2227 1295 2259 1320 et

1291 1329 1514 1362 confusionem
1539 1330 1660 1361 ordinis
1682 1329 1805 1371 politici
1828 1331 2061 1371 detorquenda.
2106 1331 2257 1374 Evange-

1289 1373 1366 1404 linm
1397 1373 1480 1404 enim
1508 1382 1570 1403 nec
1600 1373 1758 1412 praecipit
1786 1382 1847 1403 1160
1878 1371 2020 1403 consulit
2047 1373 2218 1404 discedere
2239 1384 2258 1404 3

1289 1414 1513 1451 facultatibus,
1547 1415 1575 1444 si
1597 1424 1663 1444 non
1693 1415 1887 1454 eripiantur;
1920 1414 1991 1445 Nec
2020 1415 2176 1455 praecipit
2198 1425 2258 1446 nec

1291 1455 1433 1489 consulit
1456 1466 1510 1487 res
1533 1456 1565 1486 in
1589 1466 1761 1486 commune
1786 1454 1947 1493 conferre,
1970 1456 2033 1487 imo
2046 1466 2120 1487 cum
2134 1461 2258 1488 certum

1291 1500 1331 1530 sit.
1365 1499 1604 1529 distinctionem
1638 1498 1851 1529 dominiorum
1877 1503 1908 1528 et
1929 1498 2161 1538 proprietatem
2184 1507 2259 1529 esse

1291 1541 1525 1573 ordinationem
1548 1539 1621 1577 Dei,
1645 1540 1751 1571 sciant
1774 1540 1834 1580 pii,
1862 1539 1994 1581 placere
2016 1539 2089 1571 Deo
2111 1541 2255 1581 proprie-

1289 1590 1387 1615 tatem
1412 1589 1444 1614 et
1466 1588 1564 1614 totam
1587 1581 1672 1613 hanc
1692 1581 1866 1623 legitimam
1889 1593 1998 1613 rerum
2021 1583 2259 1613 distinctionem

1291 1632 1322 1657 et
1345 1625 1640 1657 commutationem.
1688 1623 1768 1655 Vult
1801 1625 1884 1655 enim
1907 1624 1999 1656 Deus
2027 1625 2060 1655 in
2082 1623 2132 1655 his
2157 1623 2258 1655 civili—

1290 1670 1351 1699 bus
1376 1666 1492 1698 officiis
1524 1667 1669 1707 conspici
1699 1666 1794 1698 fidem
1822 1672 1968 1697 nostram
1991 1673 2023 1698 et
2046 1667 2194 1698 exerceri
2212 1667 2258 1697 di-

1289 1710 1461 1741 lectionem
1485 1715 1516 1741 et
1538 1708 1619 1740 alias
1642 1710 1791 1740 virtutes.
1837 1708 1988 1749 Denique
2016 1707 2071 1739 illa
2099 1709 2171 1749 ipsa
2194 1708 2258 1739 dis-

1289 1753 1396 1784 cessio
1420 1763 1440 1783 a
1462 1750 1671 1783 facultatibus
1695 1757 1750 1782 ant
1773 1751 2011 1782 mendicitatem
2034 1750 2144 1788 affert,
2174 1760 2259 1792 quae

1288 1797 1319 1826 in
1344 1794 1527 1826 valentibus
1551 1799 1582 1824 et
1606 1794 1719 1824 otiosis
1743 1792 1818 1824 furti
1848 1794 1975 1833 species
1995 1798 2063 1830 est,
2085 1798 2139 1824 aut
2161 1802 2258 1833 appe-

1288 1839 1324 1869 tit
1347 1836 1486 1868 culinam
1510 1835 1676 1867 meliorem
1698 1838 1729 1867 in
1742 1835 1962 1872 Monasteriis,
1986 1845 2068 1876 quae
2092 1840 2179 1866 certe
2200 1834 2257 1865 ha-

1289 1882 1367 1911 bent
1400 1879 1575 1920 proprium.
1626 1877 1743 1909 Nullus
1777 1879 1861 1908 enim
1895 1882 2008 1908 coetus
2043 1877 2154 1908 vivere
2186 1878 2258 1907 sine

1288 1923 1421 1964 proprio
1449 1926 1567 1961 potest.
1616 1919 1789 1951 Vocabula
1817 1919 1881 1950 alia
1910 1919 1987 1960 fingi
2013 1923 2168 1959 possunt,
2196 1919 2257 1950 sed

1289 1975 1343 1996 res
1366 1964 1483 1995 mutari
1507 1973 1571 1993 non
1594 1968 1743 2002 possunt.
1789 1961 1884 1996 Quod
1915 1967 2020 1992 autem
2042 1959 2256 2001 Evangelium

1290 2007 1448 2048 approbet
1468 2005 1706 2036 distinctionem
1730 2004 1942 2034 dominiorum
1971 2008 2002 2034 et
2028 2003 2256 2043 proprietatem

1290 2055 1322 2080 et
1352 2049 1496 2085 divitias,
1529 2046 1665 2088 plurima
1693 2050 1767 2076 sunt
1789 2046 1982 2076 testimonia.
2026 2044 2168 2075 Primum
2201 2043 2255 2075 lex

1290 2092 1382 2123 dicit:
1405 2090 1479 2121 Non
1502 2088 1619 2120 furtum
1643 2086 1756 2119 facies.
1802 2087 1862 2118 Hic
1881 2087 1974 2118 Deus
1997 2088 2068 2128 ipse
2090 2096 2150 2117 sua
2172 2095 2257 2117 voce

1290 2133 1392 2164 sancit
1417 2138 1449 2163 et
1471 2131 1630 2172 approbat
1652 2130 1890 2161 distinctionem
1910 2129 2135 2160 dominiorum.
2178 2127 2257 2159 Item

1291 2175 1506 2206 certissimum
1530 2179 1596 2210 est,
1628 2182 1724 2214 reges
1748 2178 1778 2203 et
1800 2172 1964 2212 principes
1987 2170 2147 2202 haeredes
2171 2170 2257 2201 vitae

1290 2223 1443 2248 aeternae
1465 2216 1535 2246 fieri
1558 2224 1670 2255 posse,
1694 2220 1723 2245 et
1747 2213 1874 2255 aliquos
1899 2223 1972 2244 esse
1999 2214 2103 2244 iustos
2128 2217 2159 2243 et
2182 2211 2256 2243 Deo

1289 2259 1421 2301 placere
1442 2259 1474 2288 in
1498 2258 1578 2297 ipsis
1592 2257 1748 2297 imperiiS,
1767 2255 1880 2297 quales
1897 2254 2026 2286 fuerunt
2039 2254 2167 2295 loseph,
2191 2253 2256 2284 Da-

1289 2300 1369 2338 niel,
1391 2299 1718 2337 Nabuchodonosor,
1741 2298 1866 2340 CyruS,
1889 2296 2078 2334 Cornelius,
2102 2296 2255 2328 Centurio

1291 2350 1321 2375 61
1345 2342 1408 2374 3111.
1455 2341 1497 2372 At
1520 2352 1622 2382 regna
1652 2342 1723 2372 sine
1745 2341 1863 2381 opibus
1891 2340 1995 2371 teneri
2018 2349 2084 2371 non
2105 2343 2255 2380 possunt.

1289 2386 1365 2416 Item
1402 2385 1430 2415 1.
1462 2384 1538 2415 Cor.
1562 2385 1592 2414 7.
1628 2383 1852 2415 conceduntur
1881 2383 2061 2422 emptiones
2091 2386 2123 2412 et
2147 2379 2255 2411 vendi-

1290 2429 1405 2458 tiones.

1377 2470 1442 2500 Sed
1466 2475 1602 2509 utraque
1625 2478 1678 2499 res
1703 2477 1851 2508 magnam
1874 2472 1993 2503 artem,
2024 2475 2173 2506 magnam
2202 2475 2256 2494 cu—

1293 2522 1361 2542 ram
1380 2518 1409 2542 et
1435 2512 1583 2541 virtutem
1607 2508 1761 2550 postulat,
1785 2508 1927 2546 scilicet,
1957 2513 2046 2539 recte
2069 2513 2180 2538 tenere
2203 2515 2254 2536 res

1295 2560 1325 2584 et
1348 2559 1569 2594 paupertatem
1599 2558 1688 2582 recte
1718 2550 1814 2582 ferre.
1860 2550 1903 2581 Ut
1935 2555 2023 2581 recte
2050 2555 2182 2585 teneas,
2215 2548 2256 2578 sit
