2358 2933
117 154 158 187 41

157 368 197 396 22,
212 367 233 391 b.

144 1041 184 1067 23.
198 1046 220 1064 a.

137 1695 178 1725 23,
192 1696 214 1719 b.

529 153 549 184 1.
575 152 674 184 LOCl
697 150 977 183 THEOLOGICI:
1002 151 1042 182 A.
1068 151 1207 183 PRIMA
1229 150 1384 183 EORUM
1407 150 1712 182 ADUMBRATIO.
2076 150 2118 181 42

444 247 454 257 “
473 248 548 277 (.Der
572 247 701 277 wolgefail
728 246 777 271 vnd
801 246 909 275 gutikeit
925 251 974 270 von
999 245 1098 269 Christo
1123 246 1197 270 vincit
1223 246 1298 271 corda
1322 248 1410 270 nostra
1434 245 1506 270 arida
1529 245 1579 270 md
1598 245 1681 269 mach!
1701 245 1737 269 sie
1760 245 1806 269 das
1826 245 1862 268 sie
1883 245 1962 269 neich

475 281 579 305 werden
597 281 647 305 md
665 281 769 305 niessen
788 280 826 304 als
846 279 940 309 honigk
958 279 1009 304 vnd
1028 280 1084 303 kert
1102 279 1152 303 vnd
1166 280 1267 304 wendet
1285 281 1321 305 sie
1334 280 1393 304 vmb
1413 280 1459 304 her
1477 283 1522 304 etc.
1558 281 1607 304 Das
1626 279 1710 303 macht
1729 279 1799 303 recht
1818 278 1883 302 from
1902 278 1960 302 inde

475 315 554 340 fluunt
573 321 651 345 opera
669 321 700 339 ex
717 320 804 339 amore
824 317 848 338 et
866 313 910 338 illa
928 313 977 338 fide
996 316 1044 339 ete.
1056 313 1078 343 ¹)

356 365 395 394 Et
414 365 488 394 haee
507 369 556 394 est
574 364 625 393 illa
645 365 693 393 dei
712 364 903 392 conniuentia
921 364 1039 401 proprie
1062 364 1192 392 diuinam
1212 364 1446 392 misericordiam
1461 364 1466 384 θ
1484 363 1615 392 declarat
1638 363 1702 391 Nec
1730 364 1792 391 fieri
1811 367 1913 401 potest
1932 367 1963 391 ut

269 407 387 446 placeat
407 412 438 436 ut
457 408 584 437 arrideat
602 407 744 435 Christus
764 407 823 434 nisi
834 407 861 443 ²²)
881 406 937 434 hoc
965 406 992 434 in
1020 407 1087 444 ipso
1111 406 1337 434 misericordiae
1364 406 1534 444 exemplum
1559 406 1783 444 contempleris.
1831 405 1891 440 Qui
1911 406 1961 433 mi-

269 450 450 479 sericordiae
470 459 583 478 sensus
603 453 634 477 ut
653 449 690 477 ad
709 449 866 476 arnaudum
887 447 1051 481 Christum,
1071 448 1108 476 ad
1127 448 1348 477 Eucharistiam
1368 452 1397 477 et
1416 449 1453 476 ad
1473 448 1591 477 laudem
1612 449 1680 487 pios
1701 449 1775 487 rapit
1793 447 1835 476 lta
1860 458 1877 476 a
1895 458 1962 486 pec-

269 493 363 521 cando
383 492 595 521 efficacissime
614 495 719 519 auocat
738 490 868 528 facitque
888 494 919 519 ut
937 490 1082 529 voluptati
1103 491 1142 519 sit
1163 491 1243 528 quod
1261 491 1338 519 deus
1358 491 1477 519 mandat
1504 491 1540 519 ad
1567 491 1734 519 faciendum
1755 491 1834 529 quod
1854 491 1960 519 sacien-

268 535 338 564 dum
358 538 415 564 est.
461 533 495 563 ld
514 534 593 572 quod
613 533 727 562 Paulus
747 533 878 562 declarat
896 534 945 562 vbi
965 543 1067 571 pacem
1089 533 1213 561 fructum
1233 533 1302 561 fidei
1322 543 1395 561 esse
1415 533 1531 571 colligit
1549 534 1631 570 [Gal.
1649 536 1676 563 5.
1698 535 1759 570 22]
1779 533 1818 562 Et
1837 533 1961 571 prophe-

268 581 316 606 tae
335 578 384 606 vhi
403 578 484 606 aiunt
502 576 644 615 populum
665 576 846 604 confidenter
871 575 1068 604 habitaturum
1088 575 1215 613 [Ezech.
1237 577 1290 605 38.
1316 577 1363 604 14.
1384 574 1438 603 ler.
1462 578 1516 609 23,
1538 578 1565 603 (ἰ.
1586 576 1662 613 all.].
1709 577 1760 604 Sic
1785 575 1899 604 Paulus
1924 575 1962 604 ad

267 619 326 648 Ro.
348 622 389 648 5‘0
414 622 474 657 [vs.
498 622 509 648 1
533 620 614 657 sq.:]
636 617 791 647 lustificati
818 628 854 646 ex
881 618 938 646 fide
958 628 1062 656 pacem
1088 617 1235 646 habemus
1256 627 1325 655 erga
1345 618 1433 646 deum
1460 628 1512 656 per
1531 618 1691 647 Dominum
1711 622 1843 647 nostrum
1865 619 1962 646 iesum
1977 650 1990 654 ..

268 660 420 691 Christum
440 672 493 700 per
511 672 599 699 quem
619 661 766 689 habemus
785 670 945 689 accessum
966 671 1017 699 per
1042 661 1128 688 tidem
1150 661 1177 688 in
1197 661 1319 697 gratiam
1340 661 1427 688 istam
1449 661 1475 688 in
1497 670 1554 698 qua
1574 665 1689 689 stamus
1711 665 1739 689 et
1755 661 1915 698 gloriamur
1935 650 2114 693 ὶοζζξῗῗηῖξῖζ

267 714 323 742 spe
350 704 462 737 gloriae
489 704 614 732 filiorum
640 703 699 731 dei.
745 703 820 732 Esa.
849 706 876 731 9.
899 706 956 739 [vs.
980 705 1022 740 ik}
1043 702 1188 741 Princeps
1214 703 1297 740 pacis
1324 702 1467 731 Christus
1494 703 1600 731 dicitur
1623 703 1662 731 Et
1689 704 1792 731 iterum
1819 705 1879 741 [vs.
1903 702 2087 749 7.:]¹}¹,{gul¹¹f'¹¹;¹,¹f

266 735 359 775 Pacis
377 757 434 775 non
454 747 509 775 erit
528 747 606 774 finis.
653 744 733 773 Idem
755 747 850 784 [cap.]
875 747 921 773 12.
943 748 1003 783 [vs.
1027 746 1086 782 ΞΛ]
1107 745 1188 773 Ecce
1208 745 1284 773 deus
1305 745 1438 774 saluator
1456 756 1542 774 meus
1563 745 1739 774 fiducialiter
1756 756 1840 784 agam
1855 751 1884 774 et
1904 756 1961 774 non

265 789 387 817 timebo.
409 788 482 817 lere.
505 790 593 822 33.⁴)
615 791 674 826 [vs.
697 789 759 825 6.:]
778 787 937 816 Reuelabo
957 788 1019 816 illis
1039 788 1285 826 (leprecacionem
1304 788 1389 826 pacis
1410 792 1439 816 et
1462 789 1607 817 veritatis.
1633 786 1691 816 lsa.
1716 790 1763 816 [5⁴3.
1792 791 1852 826 [vs.
1877 791 1960 826 lia]

265 831 346 860 Ecce
367 831 524 860 declinabo
544 841 636 869 super
655 840 720 858 eam
740 831 827 868 quasi
846 830 968 858 fluuium
988 831 1082 868 pacis⁴
1130 831 1232 867 Atque
1258 830 1332 858 hanc
1359 840 1461 868 pacem
1489 829 1631 859 shrisms
1657 831 1778 860 donauit
1802 842 1867 860 cum
1889 831 1962 860 dixit

266 873 372 911 [Marc.
393 873 434 903 V.
456 875 538 910 34.:]
558 873 648 901 Vade
667 873 695 900 in
715 882 799 910 pace.
845 872 892 901 De
913 874 1024 901 interna
1044 883 1118 911 pace
1138 872 1276 910 loquitur.

946 931 997 960 De
1022 933 1288 960 sacramentis.

352 990 522 1020 Primum.
545 991 680 1019 Obiter
699 990 747 1018 hic
767 990 804 1018 de
825 990 1094 1019 sacramentalibus
1114 992 1212 1029 signis
1230 992 1389 1019 dicendum
1410 996 1457 1019 est
1477 992 1720 1029 quandoquidem
1740 997 1769 1021 et
1778 993 1815 1021 de
1835 995 1960 1031 promis-

263 1034 402 1062 sionibus
423 1034 564 1062 diximus.
610 1033 758 1060 Accurate
778 1034 855 1061 enim
876 1034 903 1061 in
924 1034 1080 1071 scripturis
1106 1034 1295 1062 obseruanda
1322 1037 1391 1062 sunt
1423 1033 1568 1062 voeabula
1602 1044 1646 1062 sc.
1673 1045 1690 1072 p
1703 1036 1859 1063 romissi
1872 1046 1914 1064 on
1927 1037 1958 1064 is

264 1075 505 1104 Testamenti
526 1076 628 1113 pacti
649 1075 822 1103 foederis
847 1078 882 1103 et
902 1075 1051 1103 similia
1071 1076 1181 1113 quihus
1202 1076 1321 1104 diuinae
1341 1077 1561 1114 promissiones
1582 1077 1795 1114 significantur.

434 1134 447 1148 *
466 1136 630 1160 Sacramenta
648 1138 706 1159 sunt
726 1135 797 1164 signa
817 1135 958 1159 diuinarum
978 1136 1173 1165 promissionum
1202 1142 1267 1166 quae
1293 1136 1366 1165 signa
1390 1142 1435 1166 per
1457 1142 1515 1160 sese
1540 1137 1600 1161 nihil
1626 1136 1721 1162 faciunt
1747 1138 1794 1162 nisi
1814 1138 1879 1168 quod
1899 1142 1957 1163 sunt

466 1169 577 1198 sigillum
598 1167 830 1199 ehirographun1⁵)
849 1169 939 1199 pignus
958 1169 1059 1200 aliquod
1079 1176 1127 1200 quo
1146 1176 1294 1195 exercemus
1313 1176 1361 1195 nos
1381 1171 1562 1200 promissiones
1583 1171 1700 1196 efficaces
1720 1178 1786 1196 esse.

435 1220 445 1227 ¹
464 1220 518 1244 Non
536 1220 615 1244 vteris
635 1219 756 1244 sacrificio
776 1220 847 1249 qnasi
867 1220 960 1249 aliquid
981 1221 1038 1244 honi
1058 1220 1136 1245 facies
1156 1221 1201 1245 sed
1222 1227 1344 1245 exerceas
1365 1224 1388 1245 te
1414 1222 1608 1251 promissionem
1635 1222 1765 1247 efficacem
1792 1229 1849 1247 esse
1872 1224 1956 1253 Neque

466 1256 505 1278 est
523 1254 633 1283 amplius
652 1254 720 1278 vesci
738 1253 924 1282 Eucharistiafi)
943 1260 1018 1284 quam
1039 1255 1168 1284 baptizari.

432 1303 445 1317 *
463 1305 536 1329 Vesci
555 1305 706 1329 eucharistia
716 1303 737 1333 ⁷)
756 1304 816 1328 nihil
835 1305 903 1329 valet
922 1310 966 1333 pro
985 1305 1034 1329 alio
1053 1306 1086 1330 De
1106 1306 1219 1329 oratione
1239 1308 1324 1330 autem
1344 1312 1393 1330 non
1413 1307 1508 1337 loquor.

345 1354 568 1382 Secundum.
600 1353 860 1383 Promissionibus
880 1355 992 1383 diuinis
1013 1355 1074 1383 sere
1093 1356 1180 1393 signa
1199 1356 1346 1384 adduntur
1375 1357 1509 1385 visibilia
1529 1356 1605 1385 Cum
1625 1368 1683 1395 quo
1704 1358 1832 1386 habeant
1852 1362 1953 1387 morta-

259 1396 306 1425 les
327 1397 456 1425 subinde
475 1396 590 1434 aliquot
609 1397 729 1425 diuinae
747 1398 962 1435 promissionis
982 1397 1092 1426 durans
1113 1402 1141 1427 et
1161 1402 1336 1437 perpetuum
1355 1404 1577 1428 monumentum
1598 1410 1632 1428 ac
1650 1399 1867 1437 MVUAMO'GUWVS)
1893 1401 1911 1428 i.
1926 1412 1952 1429 e.

259 1438 431 1467 memoriale
451 1449 487 1467 ne
508 1440 649 1468 memoria
667 1440 880 1478 promissionis
900 1440 1019 1469 excidat
1037 1440 1113 1468 Nam
1134 1451 1210 1478 quae
1230 1443 1361 1470 externis
1382 1443 1480 1480 signis
1503 1447 1553 1471 aut
1572 1441 1762 1481 Ceremonijs
1776 1447 1886 1472 testata
1906 1448 1954 1472 est

258 1482 419 1519 antiquitas
440 1492 541 1510 eorum
560 1483 702 1510 memoria
722 1483 828 1511 certior
846 1482 883 1510 ad
903 1486 1044 1520 posteros
1065 1483 1149 1512 durat
1168 1484 1197 1512 id
1217 1484 1298 1521 quod
1316 1484 1419 1513 multis
1440 1484 1630 1514 historiarum
1650 1485 1798 1524 exemplis
1822 1490 1904 1524 patet
1922 1490 1953 1514 ut

258 1525 327 1562 quia
346 1524 414 1552 dies
432 1523 584 1552 Alliensis
609 1525 746 1553 nefastus
756 1527 782 1561 ⁹)
801 1529 945 1563 perpetuo
965 1525 1085 1554 habitus
1110 1530 1158 1554 est
1185 1526 1282 1555 cladis
1312 1528 1349 1556 ad
1373 1527 1474 1556 alliam
1504 1532 1645 1566 acceptae
1655 1528 1670 1565 ᾖ
1680 1526 1800 1556 Certius
1820 1529 1953 1557 meminit

258 1577 396 1594 romanus
416 1566 546 1604 populus
566 1567 641 1595 Tum
661 1577 719 1605 quo
740 1569 826 1605 quasi
855 1568 912 1596 fido
933 1569 1055 1606 pignore
1080 1572 1129 1597 aut
1156 1569 1328 1608 syngrapha
1343 1572 1382 1607 ¹⁰)
1403 1570 1529 1608 quadam
1550 1571 1738 1599 confirmatae
1758 1572 1950 1609 promissioni

258 1607 379 1637 Certius
400 1609 533 1637 crederet
551 1609 726 1637 mortalitas.

343 1650 526 1679 Tertium.
547 1651 834 1680 Sacramentum
854 1653 941 1689 quid
960 1657 1029 1681 est.
1077 1653 1133 1682 Est
1153 1664 1223 1691 ergo
1243 1659 1461 1683 sacramentum
1481 1656 1600 1693 signum
1619 1656 1749 1684 diuinam
1777 1656 1950 1694 promissio—

257 1703 323 1721 nem
343 1693 510 1721 testificaus
532 1693 617 1727 Quae
638 1692 739 1721 Pauli*
757 1695 907 1722 sententia
925 1698 973 1722 est
992 1695 1040 1723 Ad
1066 1695 1123 1723 Ro.
1146 1698 1174 1723 4.
1199 1697 1247 1724 vbi
1274 1698 1315 1725 ait
1335 1700 1395 1735 [vs.
1420 1700 1502 1735 11.:]
1521 1698 1561 1727 Et
1587 1699 1706 1736 signum
1732 1699 1849 1736 accepit
1868 1699 1950 1727 iusti-

257 1736 321 1763 ciae
341 1735 410 1763 fidei
431 1745 507 1772 quae
527 1740 575 1763 est
595 1736 622 1763 in
643 1737 798 1773 praeputio
819 1737 837 1764 i.
860 1748 885 1764 e.
906 1737 1077 1765 Abrahaino
1098 1737 1243 1766 Testatus
1263 1743 1311 1767 est
1331 1739 1407 1768 deus
1428 1741 1508 1777 quod
1528 1742 1555 1769 ei
1575 1742 1652 1769 bene
1672 1741 1765 1769 vellet
1784 1751 1818 1769 ac
1837 1741 1950 1769 faueret

257 1777 401 1806 Testatus
420 1781 518 1806 autem
539 1779 626 1815 siguo
647 1778 885 1807 circumcisionis
906 1779 957 1807 Sic
983 1779 1128 1808 Testatus
1148 1781 1235 1808 Adae
1261 1781 1342 1818 quod
1367 1783 1394 1809 ei
1422 1783 1498 1811 bene
1523 1783 1614 1812 vellet
1640 1793 1693 1821 per
1715 1784 1948 1821 promissionem

256 1824 286 1849 et
304 1821 422 1858 signum
442 1819 547 1849 Pelles
568 1820 687 1849 scilicet
707 1821 817 1858 quibus
837 1831 904 1849 eum
926 1822 1028 1860 vestijt
1048 1822 1133 1850 Noae
1159 1833 1212 1860 per
1236 1823 1354 1852 archam
1380 1828 1410 1853 et
1434 1835 1532 1853 arcum
1563 1825 1702 1853 Abrahae
1728 1830 1758 1853 et
1782 1826 1948 1863 posteritati

256 1873 307 1901 per
326 1863 583 1891 circumcisionem
608 1863 718 1901 populo
751 1861 917 1892 lsraelitico
948 1864 1134 1892 multifariam
1154 1867 1193 1901 ¹¹)
1220 1865 1321 1894 multis
1351 1867 1449 1904 signis
1477 1866 1659 1896 Christianis
1691 1878 1741 1905 per
1768 1869 1946 1906 baptismum

256 1905 487 1934 Absolutionem
508 1910 537 1934 et
557 1904 664 1934 Cibum
683 1915 718 1934 ac
738 1905 844 1934 Potum
864 1906 1054 1935 dominicum.

830 1973 1079 2003 Sacramenta
1095 1976 1133 2006 Ν)
1154 1986 1250 2013 quae
1270 1981 1369 2005 sunt.

342 2032 531 2068 Quartum.
553 2032 757 2071 Consequitur
776 2043 811 2061 ea
830 2034 947 2072 proprie
967 2039 1152 2063 sacramenta
1172 2045 1244 2063 esse
1265 2035 1352 2070 Quae
1372 2037 1459 2074 signa
1485 2041 1553 2065 sunt
1581 2039 1814 2075 promissionum
1835 2040 1945 2068 diuina-

255 2086 316 2103 rum
336 2074 467 2114 Ideoque
487 2077 514 2103 in
536 2086 613 2104 nouo
633 2075 741 2104 Testa:
769 2077 960 2104 Sacramenta
986 2080 1057 2105 sunt
1077 2078 1193 2116 proprie
1213 2077 1362 2116 Baptizari
1382 2079 1513 2107 Absolui
1541 2083 1569 2107 et
1588 2079 1686 2109 Vesci
1711 2091 1833 2119 corpore
1854 2082 1944 2110 domi-

256 2118 321 2146 nico
352 2118 428 2147 Nam
454 2118 528 2147 haec
554 2118 710 2147 adiunctas
734 2118 844 2147 habent
871 2120 1102 2157 promissiones.
1158 2120 1260 2149 Ordo
1285 2121 1521 2159 figmentum.
1575 2122 1719 2151 Fortasse
1749 2134 1805 2152 nou
1832 2127 1944 2153 temere

255 2161 450 2189 sacramentis
469 2161 620 2189 addideris
641 2162 801 2190 orationem
822 2165 851 2190 et
869 2161 1102 2190 Meditaciouem
1123 2163 1273 2192 doctrinae
1293 2164 1421 2192 diuinae.

342 2202 531 2238 Quintum.
559 2203 750 2233 Sacramento
770 2208 850 2232 recte
870 2205 962 2232 vteris
986 2205 1013 2233 si
1039 2205 1135 2234 fidens
1155 2207 1349 2244 promissioni
1374 2207 1401 2235 in
1422 2207 1480 2235 hoc
1503 2211 1584 2236 vtare
1605 2212 1635 2236 ut
1654 2218 1690 2236 eo
1711 2209 1797 2246 quasi
1818 2210 1943 2238 certiore

255 2249 285 2274 et
303 2246 487 2274 euidentiore
506 2250 676 2283 argumento
696 2247 844 2285 Adeoque
865 2248 951 2284 quasi
972 2249 1094 2285 pignore
1114 2248 1325 2278 beneuolentis
1345 2249 1393 2278 dei
1414 2250 1570 2278 confirmes
1593 2250 1690 2278 tidem.
1754 2259 1764 2269 ⁸
1786 2260 1812 2290 (,
1839 2262 1943 2286 Animus

103 2312 2091 2328 Ἥ

943 2352 1059 2376 CODlCIS
1078 2352 1258 2377 DIYERSITAS.

327 2418 352 2445 l)
374 2415 502 2441 Alterum
519 2415 732 2449 Imrvntlzeseos
753 2419 868 2452 siquam
890 2426 948 2442 om.
969 2420 1074 2443 etium(
1084 2426 1118 2443 ue
1136 2420 1283 2443 incertam
1306 2419 1425 2452 reliquit
1444 2419 1589 2445 librarius
1607 2424 1706 2446 utrum
1726 2429 1805 2455 seqq.
1827 2430 1940 2455 quoque

255 2449 365 2474 littem's
381 2450 596 2485 φπσῖῐὶονίῠιω·
614 2451 672 2475 sint
693 2450 838 2476 reddenda
860 2459 960 2476 necne.
1004 2454 1032 2481 2)
1081 2455 1125 2477 ost
1144 2454 1191 2478 nisi
1205 2455 1340 2486 primum
1360 2455 1384 2479 in
1403 2457 1445 2478 est
1465 2454 1597 2479 mIden
1612 2455 1662 2479 sed
1681 2457 1781 2480 statim
1802 2456 1937 2481 deletum.

255 2484 284 2514 3)
304 2482 388 2509 Haec
414 2484 537 2517 desuper
563 2487 630 2509 sunt
649 2486 773 2517 scriptu,
795 2492 884 2510 cruce
902 2485 1049 2519 adpositu.
1070 2495 1128 2519 qua
1148 2486 1232 2512 locus
1251 2490 1405 2512 notaretur
1425 2488 1464 2512 ml
1484 2496 1567 2521 quem
1590 2491 1782 2522 pertinerent.
1828 2491 1856 2520 4)
1877 2492 1938 2516 lere.

253 2519 283 2543 .·2.
302 2520 324 2543 3.
389 2520 417 2549 5)
438 2520 616 2550 Cirographuin
687 2521 715 2548 6)
733 2520 871 2545 Eukaristia
948 2522 975 2549 7)
995 2522 1132 2546 eukaristia
1207 2523 1235 2551 8)
1255 2529 1395 2553 νιμονισον
1415 2525 1442 2547 et
1461 2523 1491 2546 ῐη
1505 2531 1600 2557 marq.
1620 2525 1779 2547 interiore:
1797 2525 1938 2549 nimosinon

253 2553 282 2581 9)
301 2553 404 2578 eliensis
428 2554 567 2583 nephastus
658 2555 700 2583 10)
720 2554 858 2584 singrapha
949 2556 990 2583 il)
1015 2556 1174 2585 ysraheiitico
1200 2556 1386 2586 multiphariam
1478 2558 1521 2585 12)
1542 2556 1605 2581 Hoc
1626 2556 1800 2581 vocabulum
1828 2557 1935 2582 lineola

255 2588 296 2609 est
309 2585 507 2611 subnotatum.
544 2586 598 2612 Sic
612 2589 716 2620 postea
737 2588 862 2620 saepiu-r.
