2358 2933
132 108 194 142 709

130 211 227 243 reges
254 201 390 242 tragicis
414 200 548 230 casibus
570 199 761 229 interierunt
782 204 920 238 propter
941 196 1106 234 libidines,

131 250 165 276 ut
174 242 379 285 AegysthuS,
402 241 678 282 Clytaemnestra,
702 241 906 271 Macedonici
923 249 1022 279 reges
1035 237 1106 269 fere

131 296 255 323 omnes,
278 283 532 321 Archelaus,⁹⁶)
555 282 738 323 Philippus,
760 282 963 318 Alexander,
985 281 1106 311 Deme-

129 329 222 365 trius,
235 326 424 363 Ptolemaei,
449 324 611 356 Caesares
624 324 762 365 plurimi.
808 324 917 364 Saepe
940 325 1036 353 etiam
1058 324 1105 353 in-

129 370 283 411 gentibus
318 367 413 400 bellis
447 378 549 410 regna
583 373 707 398 mutata
739 373 817 397 511111
849 372 985 406 propter
1018 364 1104 395 hanc

130 421 299 448 caussam,
332 417 367 441 ut
396 410 466 441 fere
494 416 564 440 tota
592 410 696 440 tribus
719 408 890 439 Beniamin
916 406 1022 438 deleta
1052 414 1104 438 est

127 459 261 494 propter
283 458 465 493 stupratam
487 462 624 483 uxorem
646 451 792 482 Levitae.
839 450 929 480 Haec
954 449 1104 490 exempla

128 497 321 533 intueamur,
345 501 376 526 et
399 496 441 526 ad
461 495 727 526 comminationes
741 494 868 523 divinas
883 491 1103 529 conferamus,

127 548 257 578 nosque
271 539 451 568 excitemus
466 538 508 568 ad
529 537 747 567 obedientiam
770 536 801 565 111
825 535 889 565 1100
913 540 1104 575 praecepto,

127 590 167 610 ac
198 590 420 621 repugnemus
450 579 572 610 illicitis
594 578 744 609 flammis.
790 577 939 608 Virtutes
969 576 1022 607 hic
1053 587 1103 607 re-

127 622 300 662 quiruntur
332 622 492 652 Pudicitia
525 630 585 651 seu
613 620 757 651 Castitas
793 631 851 651 seu
885 619 1103 657 Continentia,

127 663 352 701 Verecundia,
393 663 638 703 Temperantia,
677 662 858 693 Sobrietas.
915 662 998 693 Nam
1032 663 1103 692 sine

127 705 353 746 Temperantia
376 706 458 736 tueri
480 705 672 736 Pudicitiam
694 715 791 735 nemo
814 711 931 745 potest.

323 806 382 837 DE
411 805 600 838 SEPTIMO
631 805 903 837 PRAECEPTO.

433 874 508 904 Non
535 873 655 905 furtum
679 873 792 905 facies.

209 959 250 989 Et
290 958 343 989 hic
383 959 520 999 primum
560 957 755 989 affirmativa
794 958 993 998 requirenda
1031 964 1100 988 est:

125 1002 279 1032 Sancitur
306 1001 389 1031 enim
416 1000 642 1031 Dominiorum
671 1001 855 1037 distinctio,
888 1011 985 1041 quam
1016 999 1100 1030 haec

123 1045 194 1084 ipsa
218 1054 283 1073 vox
306 1043 472 1083 praecepti
497 1048 638 1073 testatur
662 1043 901 1073 ordinationem
923 1042 987 1072 Dei
1012 1052 1098 1072 esse.

124 1086 207 1120 Quia
231 1086 316 1116 enim
338 1085 489 1126 prohibet
512 1083 614 1122 furta,
642 1083 711 1115 vult
735 1083 885 1124 singulos
909 1090 1022 1115 tenere
1044 1095 1098 1115 res

124 1138 213 1159 suas.
252 1127 323 1158 Hoc
346 1128 531 1158 testimonio
554 1125 735 1158 refutentur
754 1126 865 1157 deliria
881 1125 1099 1158 fanaticorlun

122 1170 306 1207 hominum,
342 1171 396 1211 qui
419 1180 538 1210 magno
561 1175 591 1200 et
615 1170 802 1209 pernicioso
827 1179 941 1199 errore
965 1176 1099 1200 conten-

123 1213 213 1250 dunt,
236 1213 268 1243 in
280 1211 461 1253 Evangelio
478 1211 549 1242 tolli
566 1222 675 1243 rerum
692 1212 934 1252 proprietatem.
970 1211 1099 1242 Deinde

123 1261 155 1285 et
178 1254 352 1295 prohibitio
383 1254 591 1284 observanda
615 1260 678 1290 est,
702 1264 743 1284 110
767 1253 871 1284 aliena
895 1260 1097 1293 appetamus.

122 1296 163 1327 Et
186 1298 261 1337 quia
284 1302 475 1327 contractus
499 1296 650 1327 divinitus
672 1297 808 1327 instituti
831 1302 917 1333 sunt,
939 1302 973 1326 nt
996 1296 1098 1327 homi-

121 1348 181 1369 nes
209 1339 292 1369 inter
322 1349 360 1369 se
390 1339 508 1369 mutuis
540 1337 658 1369 officiis
688 1338 857 1369 declarent
880 1339 1098 1369 obedientiam

122 1391 214 1411 suam
244 1391 323 1422 erga
353 1380 478 1418 Deum,
514 1382 567 1421 pie
601 1387 631 1411 et
667 1387 782 1411 sancte
809 1382 983 1411 exercendi
1011 1388 1097 1411 sunt.

120 1423 203 1453 Nam
227 1429 258 1453 et
283 1423 472 1453 iniustitiam
499 1425 532 1453 in
555 1424 778 1454 contractibus
802 1424 892 1464 punit
915 1423 1007 1454 Deus
1031 1434 1097 1454 non

121 1464 228 1496 solum
251 1466 366 1505 poenis
395 1466 663 1506 magistratuum,
698 1466 758 1496 sed
781 1467 876 1497 etiam
900 1465 973 1496 aliis
997 1465 1097 1496 cladi-

122 1509 195 1545 bus,
219 1514 252 1538 ut
276 1508 378 1548 inquit
402 1507 524 1538 lesaias
548 1508 615 1546 [33,
636 1509 696 1546 l.]:
720 1508 792 1539 Vae
815 1509 998 1548 praedanti,
1022 1510 1096 1549 quia

121 1550 267 1580 vicissim
301 1548 507 1590 spoliaberis.
564 1550 661 1581 Deut.
681 1550 734 1580 25.
770 1553 834 1588 [vs.
862 1551 924 1588 15.]
961 1550 1096 1581 Pondus

120 1593 241 1622 iustum
262 1591 406 1629 habeas,
437 1598 472 1623 ut
494 1591 597 1634 longo
621 1599 767 1632 tempore
786 1594 889 1623 vivas
935 1592 976 1623 Et
1000 1603 1097 1633 expe—

120 1635 236 1666 rientia
270 1636 466 1674 comprobat
498 1635 651 1666 usitatam
682 1634 846 1676 regulam:
880 1634 969 1665 Male
1003 1641 1096 1675 parta

121 1677 206 1707 male
228 1675 425 1708 dilabuntur.
471 1676 623 1707 Continet
652 1677 735 1708 haec
759 1677 828 1708 Lex
851 1677 971 1708 multas
995 1679 1096 1708 virtu-

120 1726 169 1750 tes
192 1726 378 1761 pugnantes
403 1730 475 1750 cum
498 1721 652 1757 avaritia,
681 1721 829 1760 ignavia,
852 1719 1095 1761 prodigalitate,

120 1760 247 1792 scilicet
259 1762 415 1792 iustitiam
427 1763 459 1792 in
472 1763 711 1799 contractibus,
723 1761 961 1801 liberalitatem,
974 1761 1095 1793 seduli-

120 1810 231 1841 tatem,
254 1805 504 1844 parsimoniamg
539 1805 614 1845 quia
639 1805 747 1845 ignavi
774 1812 803 1835 et
828 1805 957 1846 prodigi
981 1815 1094 1835 omnes

120 1852 197 1877 sunt
214 1845 315 1883 fures,
338 1848 400 1877 nisi
421 1848 505 1877 enim
526 1857 566 1877 ex
586 1846 690 1877 alieno
708 1849 847 1888 rapiant,
871 1858 936 1877 non
953 1854 1095 1888 possunt

120 1898 215 1920 suum
238 1890 338 1919 otium
361 1896 393 1920 et
416 1896 565 1929 sumptus
588 1889 740 1920 tolerare.

327 1990 387 2022 DE
410 1990 590 2021 OCTAVO
613 1991 886 2022 PRAECEPTO.

310 2058 385 2088 Non
409 2059 499 2089 dicas
523 2057 643 2090 falsum
665 2060 896 2090 testimonium.

206 2141 298 2172 Haec
319 2142 390 2172 Lex
420 2144 520 2173 munit
542 2144 661 2174 iudicia
684 2150 715 2174 et
737 2150 852 2185 pacta,
888 2151 920 2175 et
950 2145 1093 2174 continet

119 2185 271 2215 virtutem
299 2186 439 2215 omnium
466 2185 734 2225 pulcherrimam,
768 2186 966 2223 Veritatem,
1001 2187 1094 2217 cuius

119 2226 241 2257 utilitas
259 2226 419 2258 latissime
435 2234 524 2268 patet
543 2229 574 2258 in
590 2229 759 2266 doctrinis,
784 2231 816 2260 in
830 2231 874 2262 97)
899 2229 1038 2266 iudiciis,
1061 2230 1094 2259 in

118 2270 244 2309 pactis,
272 2270 306 2300 in
335 2272 596 2301 conversatione.
643 2270 774 2302 Violant
804 2273 887 2302 enim
915 2271 979 2302 hoc
1001 2282 1094 2312 prae-

120 2318 249 2352 ceptum
272 2322 386 2343 onmes
411 2312 619 2353 corruptelae
642 2314 881 2351 doctrinarum,
905 2324 990 2354 quae
1015 2314 1094 2344 fiunt

120 2449 166 2475 96)
190 2449 336 2478 Archelaus,
355 2449 435 2474 abest
453 2449 487 2474 ab
506 2450 576 2474 Editt.
598 2451 618 2474 1.
639 2452 661 2474 3.

120 2498 166 2529 97)
190 2499 215 2523 111
243 2502 308 2524 ante
334 2500 446 2526 iudiciis.
481 2501 559 2525 abes!
586 2501 621 2526 ab
657 2501 728 2525 Editt.
764 2502 803 2525 22.
837 2502 878 2525 24.
907 2502 948 2527 28.
976 2503 1016 2527 30.
1043 2501 1096 2532 34„

188 2533 247 2563 Opp.
269 2535 289 2558 1.
308 2535 330 2559 2.

607 107 629 136 1.
652 105 755 137 LOCI
777 104 1057 136 THEOLOGICI:
1086 105 1130 135 D.
1154 104 1314 135 TERTIA
1337 103 1495 135 EORUM
1513 104 1669 135 AETAS.

2068 109 2129 140 710

1150 196 1266 227 fraude
1288 203 1343 227 aut
1365 195 1544 236 petulantia
1567 198 1783 239 ingenioriun,
1808 208 1921 229 01111105
1946 199 2128 232 calumniae

1150 238 1314 276 forenses,
1338 249 1453 269 omnes
1476 239 1644 270 elusiones
1676 238 1815 271 fucosae
1838 243 2042 282 negotiorum
2068 253 2127 274 seu

1149 280 1366 321 sophismata,
1385 291 1511 318 omnes,
1530 283 1583 322 qui
1596 281 1764 323 hypocrisi
1777 294 1836 313 sua
1848 284 2041 315 insidiantur
2053 285 2125 316 aliis

1149 329 1181 354 et
1204 333 1271 353 non
1293 325 1434 364 ingenue
1457 325 1647 361 ostendunt,
1673 326 1760 365 quod
1785 327 1939 363 sentiunt,
1965 334 1994 357 et
2020 327 2125 367 qualis

1149 366 1191 396 sit
1214 371 1342 396 natura.
1377 365 1467 396 Haec
1490 376 1586 406 quam
1609 366 1674 397 late
1697 374 1826 408 pateant
1846 369 1877 398 in
1890 370 1967 406 vita,
1991 368 2126 411 diligen-

1148 414 1198 438 ter
1228 408 1502 439 considerandum
1526 415 1594 445 est,
1628 416 1661 440 ut
1693 420 1770 440 vere
1800 417 1831 440 et
1862 411 1984 442 acriter
2014 412 2126 442 odisse

1148 449 1362 490 sophisticam
1386 451 1561 482 discamus.

1250 576 1312 607 DE
1334 577 1458 608 NONO
1481 577 1537 608 ET
1560 577 1731 608 DECIMO
1754 578 2026 610 PRAECEPTO.

1232 661 1362 692 Nonum
1391 668 1421 692 et
1444 661 1616 692 Decimum
1639 663 1763 693 addunt
1791 663 2059 703 declarationem,
2088 671 2123 696 ut

1148 705 1291 735 sciamus
1314 704 1406 745 Lege
1425 703 1487 734 Dei
1510 715 1576 734 non
1601 704 1709 735 solum
1733 706 1773 736 de
1799 707 1942 736 externis
1968 708 2123 747 operibus

1146 747 1310 786 praecipi,
1352 747 1413 777 sed
1447 748 1598 778 accusari
1635 755 1664 777 et
1701 749 1846 778 damnari
1881 749 1975 779 etiam
2011 750 2122 779 vitium

1146 788 1286 819 haerens
1316 789 1347 818 in
1374 788 1438 819 hac
1468 790 1647 829 depravata
1675 790 1839 821 hominum
1867 797 2000 828 natura,
2034 792 2123 831 quod

1147 838 1270 862 vocant
1293 832 1604 871 concupiscentiam.
1639 832 1713 862 Non
1738 833 1821 863 enim
1845 839 1969 864 tantum
1991 834 2121 864 damnat

1146 873 1200 904 hic
1229 875 1369 904 vitiosos
1399 874 1555 911 affectus,
1590 875 1631 904 ad
1655 886 1739 916 quos
1763 876 1892 906 accedit
1916 875 2121 913 Consensus,

1146 922 1181 946 ut
1205 921 1343 952 vocant,
1375 917 1433 946 sed
1463 918 1559 946 etiam
1582 917 1687 957 ipsam
1709 928 1845 958 pravam
1868 917 2121 955 inclinationem,

1147 968 1232 998 quae
1256 964 1305 988 est
1328 964 1488 998 perpetua
1511 960 1672 999 quaedam
1696 961 1826 991 aversio
1851 971 1869 990 a
1892 960 1966 991 Deo
1990 967 2020 991 et
2045 970 2121 991 000-

1146 1000 1287 1030 tumacia
1321 1010 1509 1042 repugnans
1537 1001 1618 1042 Legi
1648 1001 1728 1039 Dei,
1763 1008 1793 1032 et
1828 1004 1931 1044 gignit
1965 1003 2121 1033 infinitam

1147 1040 1372 1073 confusionem
1396 1044 1648 1083 appetitionum,
1678 1045 1804 1075 etiamsi
1828 1056 1891 1075 11011
1917 1055 2046 1086 semper
2068 1056 2121 1076 ac—

1146 1085 1231 1115 cedit
1266 1094 1461 1115 consensus.
1517 1085 1569 1115 De
1609 1085 1672 1116 hoc
1705 1093 1863 1127 perpetuo
1900 1087 1985 1117 malo
2019 1089 2121 1129 inquit

1145 1125 1268 1157 Paulus
1298 1126 1406 1165 [Rom.
1429 1127 1461 1164 S,
1488 1128 1546 1165 7.]:
1583 1128 1708 1159 Sensus
1739 1130 1846 1160 carnis
1876 1130 2041 1160 inimicitia
2070 1137 2121 1161 est

1145 1169 1306 1199 adversus
1328 1168 1444 1199 Deum.
1484 1169 1566 1211 Legi
1596 1171 1680 1200 enim
1696 1170 1759 1201 Dei
1779 1182 1840 1201 nec
1860 1172 2039 1209 subiit-itur,
2058 1183 2120 1203 nec

1146 1212 1263 1241 subiici
1290 1217 1409 1251 potest.
1453 1212 1523 1242 Nec
1553 1212 1627 1243 leve
1656 1212 1775 1243 malum
1798 1213 1998 1255 intelligatur
2020 1216 2120 1245 inimi-

1145 1254 1220 1283 citia
1243 1254 1405 1284 adversus
1418 1254 1536 1291 Deum,
1559 1254 1679 1285 multas
1704 1256 1788 1286 enim
1805 1263 1916 1296 pestes
1935 1256 2120 1297 complecti-

1145 1302 1208 1332 tur,
1233 1297 1451 1326 dubitationes
1476 1298 1516 1327 de
1529 1296 1614 1334 Deo,
1638 1299 1845 1329 aversionem
1868 1309 1888 1329 a
1906 1298 1991 1336 Deo,
2013 1298 2120 1330 fremi-

1144 1344 1211 1368 tum
1234 1339 1396 1369 adversus
1421 1338 1538 1376 Deum,
1564 1350 1636 1370 cum
1660 1342 1821 1380 punimur.
1863 1340 1990 1371 Deinde
2014 1351 2118 1383 vagos

1121 1384 1123 1386 ’
1145 1386 1176 1410 01
1200 1387 1349 1411 errantes
1373 1388 1481 1412 motus
1504 1382 1648 1412 infinitos
1672 1389 1786 1413 contra
1810 1383 1933 1424 Legem
1956 1383 2034 1421 Dei,
2059 1386 2119 1415 sci—

1143 1422 1237 1459 licet.
1268 1423 1498 1454 confidentiam
1528 1425 1679 1464 propriae
1709 1426 1889 1466 sapientiae
1914 1432 1969 1456 aut
1992 1427 2118 1464 11110111,

1145 1471 1366 1506 contemptum
1385 1465 1534 1503 aliorum,
1557 1467 1779 1504 invidentiam,
1803 1469 2020 1506 ambitionem,
2044 1479 2119 1499 ava-

1143 1509 1263 1544 ritiam,
1298 1507 1446 1538 flammas
1483 1507 1667 1546 libidinum,
1706 1510 1913 1549 cupiditatem
1946 1511 2117 1542 vindictae.

1143 1550 1232 1580 Haec
1257 1551 1364 1580 omnia
1387 1549 1511 1581 Paulus
1536 1550 1765 1591 complectitur
1793 1554 1895 1583 verbo
1925 1554 2118 1591 inimicitiae,

1143 1593 1175 1622 111
1210 1603 1275 1633 quo
1310 1593 1406 1623 etiam
1420 1595 1465 1634 ⁹5)
1500 1599 1611 1624 reatus
1645 1593 1878 1635 intelligendus
1913 1601 1973 1626 est.
2029 1596 2118 1626 Haec

1142 1640 1326 1676 repugnant
1339 1634 1426 1672 Deo,
1450 1642 1482 1666 et
1494 1635 1587 1666 Deus
1610 1636 1754 1666 vicissim
1777 1638 1932 1668 irascitur
1953 1637 2004 1668 his
2020 1639 2116 1671 vitiis.

1143 1678 1204 1707 etsi
1227 1683 1362 1717 propter
1386 1676 1487 1708 filium
1518 1679 1662 1719 ignoscit
1686 1680 1908 1709 credentibus.
1945 1680 2040 1715 Quod
2064 1691 2117 1711 au-

1142 1726 1205 1749 tem
1234 1718 1356 1750 Paulus
1387 1726 1486 1750 vocat
1516 1721 1713 1751 inimicitiam
1740 1722 1901 1752 adversus
1928 1722 2051 1760 Deum,
2085 1723 2117 1752 id

1142 1760 1218 1792 alibi
1232 1763 1532 1802 concupiscentiam
1546 1764 1735 1800 nominavit,
1759 1774 1841 1804 quae
1863 1764 2024 1805 significat
2046 1776 2116 1805 pra-

1141 1814 1216 1834 vam
1239 1803 1481 1835 inclinationem
1511 1813 1541 1835 et
1567 1806 1833 1845 depravationem
1857 1807 1998 1836 0111011101
2021 1817 2117 1847 appe-

1142 1847 1300 1877 titionum.
1335 1846 1419 1877 Hinc
1434 1848 1643 1887 perspicuum
1667 1854 1727 1878 est.
1752 1848 1876 1878 nullum
1899 1847 2061 1879 hominem
2085 1850 2116 1879 111

1141 1888 1203 1919 hac
1229 1890 1440 1929 corruptione
1474 1897 1585 1920 natum
1607 1890 1689 1930 Legi
1712 1889 1774 1920 Dei
1799 1889 2012 1921 satisfacere:
2042 1892 2116 1931 quia

1141 1932 1173 1961 in
1196 1931 1259 1961 hac
1281 1931 1411 1962 mortali
1434 1938 1551 1962 natura
1566 1938 1673 1962 manet
1697 1934 1964 1972 concupiscentia
1987 1934 2116 1969 vitiosa,

1141 1983 1238 2014 quam
1267 1983 1342 2004 esse
1370 1981 1541 2014 peccatum
1570 1981 1710 2005 testatur
1738 1974 1861 2005 Paulus
1884 1974 1978 2005 Rom.
2002 1976 2032 2004 7.
2075 1974 2116 2005 Et

1117 2019 1119 2034 ¹
1140 2022 1257 2056 postea
1281 2024 1377 2047 vocat
1400 2018 1598 2047 inimicitiam
1622 2018 1784 2047 adversus
1807 2016 1929 2053 Deum,
1964 2023 1994 2047 et
2016 2017 2114 2049 addit,

1117 2084 1119 2095 ,
1141 2069 1206 2089 11011
1229 2068 1332 2098 posse
1355 2069 1426 2089 eam
1449 2059 1531 2100 Legi
1556 2059 1618 2089 Dei
1642 2060 1769 2090 subiici.
1797 2069 1897 2099 quare
1920 2058 1973 2089 hic
1996 2060 2028 2089 in
2050 2058 2116 2089 De-

1117 2099 1260 2141 ]calogo
1295 2101 1476 2132 damnatur.
1530 2101 1620 2132 Haec
1651 2103 1773 2132 moneri
1806 2111 1945 2131 necesse
1979 2107 2046 2138 est,
2080 2108 2114 2131 ut

1116 2143 1118 2184 J
1141 2144 1288 2183 conspici
1316 2145 1507 2185 magnitudo
1538 2145 1664 2185 gratiae
1688 2150 1718 2174 et
1742 2142 1881 2184 intelligi
1904 2144 2052 2174 doctrina
2075 2143 2115 2173 de

1140 2186 1264 2216 Iustitia
1287 2186 1362 2216 fidei
1384 2187 1502 2227 possit.

1227 2228 1376 2259 Ceterum
1407 2235 1437 2259 et
1467 2228 1532 2259 hoc
1567 2228 1810 2259 observandum
1845 2234 1911 2258 est:
1945 2227 2015 2258 Etsi
2048 2237 2114 2258 1100

1140 2272 1172 2301 in
1207 2269 1345 2312 singulis
1380 2272 1566 2312 praeceptis
1609 2270 1643 2300 fit
1658 2272 1700 2307 9⁹)
1742 2271 1861 2300 mentio
1898 2270 2114 2310 praemiorum

1115 2309 1117 2319 ⁴
1140 2320 1195 2344 aut
1218 2324 1410 2353 poenarum,
1433 2320 1541 2344 tamen
1564 2313 1732 2343 sciendum
1755 2318 1804 2343 est
1818 2335 1827 2349 ,
1853 2319 1883 2343 et
1906 2313 2114 2353 praemissio-

1115 2365 1116 2368 ’
1139 2366 1198 2387 nes
1218 2363 1249 2387 et
1269 2357 1536 2387 comminationes
1555 2356 1596 2386 ad
1609 2353 1737 2396 singula
1750 2360 1927 2395 praecepta
1939 2355 2113 2394 pertinere,

1114 2415 1117 2440 1

1139 2486 1185 2514 98)
1209 2485 1296 2515 etiam]
1315 2485 1387 2509 Editt.
1409 2486 1429 2509 1.
1450 2486 1472 2509 3.
1491 2487 1597 2521 econtra-

1139 2537 1185 2566 99)
1209 2536 1352 2566 praeceptis
1371 2534 1407 2566 fit]
1430 2535 1500 2559 Ediit.
1522 2536 1541 2559 1.
1561 2536 1583 2559 3.
1602 2533 1744 2564 praeceptis
1763 2534 1787 2558 in
1809 2539 1857 2558 unt·
1877 2533 1930 2557 loco
1949 2532 1976 2557 fit

1909 2581 1959 2607 45⁸
