2358 2933
334 659 362 684 111

887 139 997 173 PHIL.
1020 142 1125 175 MEL.
1147 141 1330 176 SCRIPTA
1346 139 1616 173 DOGMATICA.

423 242 545 267 simulare
566 244 670 265 externo
692 243 767 267 opere
791 237 836 261 sed
854 236 901 261 1100
918 235 1003 266 potius
1023 237 1048 260 in
1066 235 1240 265 quaestionem

423 279 532 300 vocatur.
551 275 585 298 Sit
604 279 635 297 ne
655 274 679 296 in
697 275 823 301 potestate
837 270 982 296 voluntatis.
996 275 1092 299 amare,
1104 269 1144 293 vel
1157 268 1241 294 odisse

423 310 529 340 quiduis.
549 312 650 332 sumere
672 310 793 330 amorem.
812 309 905 333 ponere
923 309 1039 327 amorem
1071 302 1180 328 cuiusvis
1199 303 1242 327 rei.

424 344 485 368 Nam
511 342 666 365 tolumatem
684 344 754 366 1000,
773 337 796 361 id
816 337 881 367 quod
901 343 961 361 rere
981 340 1034 365 est,
1053 336 1102 360 1110
1121 342 1169 366 qua
1183 341 1242 360 vere

423 376 586 401 affectamus.
605 377 647 397 aut
660 372 802 396 fastidimus
816 376 846 394 ea
860 377 924 400 quae
939 370 1110 400 mgnoviinus,
1124 369 1243 400 quidquid

424 409 521 434 interim
532 411 636 431 externo
655 411 732 435 opere
750 405 861 430 simulet.
879 405 1003 433 scriptura
1029 409 1071 427 cor
1093 408 1178 433 vocat,
1203 409 1243 427 so-

423 443 521 472 phistae
541 440 667 464 1191901001
687 444 771 463 rerum
783 439 806 462 in
818 438 929 462 externis
945 437 1064 467 operibus
1083 440 1243 462 vocaverunt.

424 476 465 505 qui
484 474 538 498 sere.
558 473 666 498 mendax
685 476 733 496 est.
754 473 803 497 Nos
822 471 853 495 de
872 477 932 495 vern
949 470 970 493 δι
988 471 1098 500 genuino
1106 470 1242 495 voluntatis

424 513 508 538 00919,
527 507 592 536 quod
606 506 724 530 adtectus
740 506 854 530 internus
865 509 913 529 est.
932 504 1085 535 quaerimus.
1105 504 1171 528 Sicut
1190 503 1244 527 fieri

424 545 515 572 potest,
535 543 560 564 ut
573 540 641 564 aliud
659 539 745 568 lingua
764 538 888 569 loquatur.
907 544 981 568 quam
995 538 1071 562 sentit
1089 537 1243 562 10191190105.

425 576 458 599 ita
469 574 522 598 lieri
535 577 617 603 potest
643 576 669 597 ut
688 572 756 597 aliud
775 578 850 602 opere
869 577 1017 602 quocunque
1043 574 1148 595 externo
1166 571 1243 595 simu-

425 609 472 636 les,
491 612 565 637 quam
585 607 652 637 quod
671 606 788 630 adfectus
806 605 889 630 cordis
899 606 942 630 tui.
962 605 1027 635 quod
1045 610 1105 628 vere
1127 604 1243 628 voluntas

425 645 472 670 est.
496 640 576 665 ardet.

494 675 527 699 De
547 673 737 698 sublimioribus
756 672 907 697 adfectibus.
927 672 962 695 sic
981 677 1080 698 censeo,
1101 669 1166 700 quod
1180 670 1243 693 sicut

427 708 570 732 intellectus
591 707 615 731 in
636 706 743 731 solidum
762 711 808 735 per
821 708 937 730 naturam
957 709 997 729 est
1015 705 1134 733 ignorans
1154 703 1202 729 dei.
1222 701 1243 724 δ’.

426 744 452 766 nt
471 744 593 771 perpetuo
612 740 742 764 doceatur.
760 745 810 763 non
828 739 905 763 credit
931 739 1007 762 verbo
1026 737 1080 764 dei,
1106 743 1150 767 per
1169 742 1242 761 suum

428 776 521 802 lumen,
540 775 573 798 ita
591 774 708 797 voluntas
728 778 774 796 nec
793 778 889 800 amare,
908 778 954 795 nec
967 775 1080 795 metuere
1096 771 1171 794 deum
1186 775 1244 799 pos-

426 809 466 833 sit.
501 808 543 832 Hic
562 807 743 836 experientiam
757 805 867 829 cuiusvis
887 804 1017 834 adpellare
1031 809 1141 833 possem,
1160 803 1244 827 sinon

426 842 628 871 patrocinaretur
646 840 704 864 011111
723 840 854 868 scriptura.
907 838 991 862 Roma.
1010 837 1041 866 iij.
1061 838 1153 861 Omnes
1172 836 1243 860 vacui

427 879 485 899 sunt
504 875 584 903 gloria
610 873 659 897 dei.
695 873 721 896 Et
741 872 790 901 xiij.
808 871 928 896 Adfectus
947 871 1029 896 carnis
1054 870 1180 895 inimicitia
1204 872 1244 893 est

427 908 550 932 adversus
570 907 656 935 deum,
674 905 755 934 &legi
773 905 812 929 dei
826 905 913 929 subiici
926 911 976 929 non
989 907 1078 933 potest.
1097 904 1164 928 Haec
1177 902 1243 927 infra

427 942 517 969 latius.
540 941 583 965 ubi
607 939 637 964 de
662 943 763 968 peccato
782 939 899 968 originali
922 938 1087 963 disseremus,
1127 936 1245 961 Simulari

427 978 534 999 externa
553 979 630 1003 opera
650 973 713 1002 legis
733 972 856 997 videmus.
893 973 965 1002 Atqui
978 972 1019 996 lex
1033 970 1118 999 sidem,
1131 975 1244 994 amorem

428 1007 450 1031 ἃ
469 1009 585 1032 11010190]
603 1007 723 1037 00510131,
741 1006 835 1035 Diliges
854 1005 930 1030 deum
950 1008 1042 1030 extoto
1063 1004 1145 1028 corde.
1161 1002 1182 1026 St
1195 1009 1245 1027 non

428 1043 470 1069 ait,
489 1041 580 1066 simula
606 1039 766 1069 sacrifitium,
785 1040 975 1068 eleemosynam
994 1037 1037 1062 &o
1061 1038 1167 1062 Proinde
1187 1042 1244 1061 cum

428 1077 499 1100 tanta
518 1075 549 1100 sit
568 1075 593 1098 in
611 1074 705 1098 lumine
724 1076 830 1097 naturae
845 1073 962 1101 caecitas,
981 1077 1038 1096 cum
1051 1072 1109 1096 talis
1122 1071 1244 1099 ignoratio

428 1109 477 1137 dei,
503 1113 638 1138 rerumque
657 1107 813 1136 divinarum,
837 1112 894 1131 cum
919 1107 944 1130 in
962 1105 1091 1130 voluntate
1111 1106 1195 1129 tantus
1214 1104 1245 1128 sit

428 1144 587 1171 contemptus
606 1140 654 1169 1191,
674 1146 738 1170 quae
757 1143 797 1164 est
815 1140 922 1164 bominis
941 1139 1065 1164 libertas?
1099 1138 1189 1166 Vitam,
1209 1138 1245 1161 in-

427 1175 609 1203 columitatem,
628 1174 835 1204 tranquillitatem
853 1179 927 1198 suam
946 1175 1015 1197 amat
1033 1171 1158 1201 voluntas,
1176 1172 1245 1195 iuxta

427 1209 542 1234 Paulum.
561 1208 624 1232 Caro
642 1207 739 1237 quaerit
758 1213 823 1237 quae
842 1213 889 1231 sua
912 1208 977 1231 sunt.
1014 1205 1143 1235 Quomodo
1171 1204 1246 1233 igitur

428 1243 523 1267 amabit
541 1241 626 1270 deum,
645 1241 687 1265 ubi
705 1240 941 1270 sentietaliquando
951 1239 1067 1268 iudicem,
1086 1239 1129 1263 0111
1141 1237 1245 1266 occidet,

429 1276 472 1300 ubi
491 1275 619 1300 damnabit
638 1274 708 1299 deus.
745 1275 844 1304 Quaeso
861 1274 900 1298 1110
925 1274 1031 1303 diligere
1057 1273 1132 1296 deum
1155 1274 1246 1296 natura

426 1309 528 1340 potest?
551 1309 653 1333 Frustra
677 1313 708 1332 ne
735 1308 828 1332 dictum
855 1308 951 1337 putas?
973 1307 1049 1331 deum
1077 1307 1160 1335 ignem
1186 1310 1244 1330 esse

427 1345 628 1368 consumentem.
662 1341 690 1365 Et
713 1341 780 1371 apud
807 1341 958 1371 prophetas,
978 1340 1057 1365 Sileat
1073 1346 1089 1364 a
1108 1341 1244 1369 conspectu

429 1377 470 1401 dei
489 1377 571 1401 omnis
589 1381 655 1400 caro.

498 1409 560 1438 Quid
584 1410 606 1434 si
631 1409 752 1439 respicias
777 1408 894 1433 adfectus
919 1408 1058 1432 carnales?
1075 1412 1134 1431 nam
1154 1411 1202 1430 nec
1220 1405 1244 1429 in

427 1443 466 1468 his
484 1443 587 1468 libertas
607 1445 653 1467 est.
688 1443 731 1467 Tui
750 1448 874 1471 amorem,
894 1442 969 1471 vitae,
987 1440 1166 1465 incolumitatis
1185 1442 1243 1463 tuae

427 1483 550 1505 amorem,
567 1479 664 1501 metum
683 1476 780 1506 mortis,
799 1475 884 1500 odium
902 1481 990 1499 eorum
1010 1474 1051 1505 qui
1069 1477 1093 1498 te
1112 1473 1245 1503 insigniter

427 1511 572 1540 laeserunt,
591 1509 715 1540 quomodo
734 1515 829 1540 quaeso
847 1510 946 1539 pones?
972 1509 1073 1538 Quaerit
1091 1508 1157 1532 enim
1177 1511 1244 1536 caro,

427 1550 493 1574 quae
514 1549 561 1568 sua
580 1546 646 1568 sunt.
680 1544 743 1569 Nam
769 1543 800 1567 de
825 1545 878 1567 tota
902 1542 1010 1567 hominis
1029 1543 1135 1570 natura,
1161 1540 1243 1570 deque

427 1578 522 1607 optima
540 1578 595 1602 9105
614 1580 685 1607 parte
704 1577 772 1606 loqui
784 1577 938 1606 Apostolum,
956 1576 1032 1606 paulo
1049 1577 1107 1605 post
1125 1574 1244 1599 ostende-

426 1617 492 1636 mus.
528 1611 556 1635 Et
573 1611 613 1635 hic
631 1611 693 1635 mihi
712 1610 867 1640 experientia
886 1609 908 1632 &
925 1609 1064 1634 communis
1083 1614 1176 1633 sensus
1191 1607 1245 1632 suf-

425 1644 548 1674 fragatur.
584 1645 652 1669 Sicut
671 1644 737 1668 enim
756 1644 843 1668 lumen
861 1646 967 1668 naturae
992 1644 1058 1667 inter
1081 1643 1147 1667 bona
1165 1642 1245 1666 homi-

425 1679 465 1703 nis
484 1679 548 1702 haec
559 1678 719 1708 potissimum
733 1680 849 1702 numerat
860 1678 945 1707 vitam,
963 1677 1116 1706 voluptates,
1130 1675 1245 1705 gloriam,

426 1712 460 1736 ita
479 1712 595 1736 voluntas
614 1712 677 1736 haec
694 1713 792 1736 tanturn
812 1710 932 1740 adfectat,
950 1710 1003 1735 odit
1020 1710 1104 1734 omnia
1117 1715 1181 1739 quae
1201 1708 1246 1732 ad-

426 1750 570 1776 versantur,
593 1745 708 1776 adeoque
734 1745 809 1769 deum
836 1744 1029 1769 mortificantem
1053 1744 1118 1768 11300
1136 1748 1245 1767 carnem.

425 1781 477 1806 lam
496 1779 652 1810 experientia
676 1784 774 1809 usuque
803 1778 922 1803 discimus
945 1778 1040 1802 11011105
1066 1777 1103 1801 rei
1131 1781 1244 1801 amorem

425 1816 471 1839 aut
488 1814 582 1843 odium,
601 1813 667 1838 sumi
685 1813 726 1837 vel
735 1813 794 1843 poni
811 1818 894 1842 posse.
915 1812 1029 1836 Puellam
1049 1816 1129 1839 amas,
1143 1812 1172 1834 ut
1188 1815 1245 1834 5911-

426 1848 522 1873 centies
542 1848 638 1877 cogites
657 1846 725 1877 apud
743 1848 774 1870 te.
809 1846 888 1870 Porro
915 1845 1092 1874 neglecturum
1117 1849 1182 1871 eam,
1201 1843 1245 1868 fri-

425 1882 485 1912 gida
496 1881 518 1904 81.
529 1881 585 1906 fieta
596 1880 713 1910 cogitatio
728 1880 871 1904 intellectus
887 1882 934 1908 est,
948 1884 998 1903 non
1007 1877 1143 1902 voluntatis
1158 1877 1245 1901 decre·
1266 1905 1269 1911 ·

425 1918 487 1941 tum.
501 1916 562 1940 Nam
571 1915 697 1939 adversus
707 1914 820 1943 seipsum
829 1919 879 1937 non
886 1915 969 1942 potest
982 1913 1153 1936 corstatuere.
1167 1909 1245 1935 Odisti

426 1949 562 1978 inimicum,
578 1948 675 1973 invides
688 1948 787 1972 inimico
800 1946 935 1977 quidpiam,
951 1947 978 1970 ut
992 1944 1135 1970 sexcenties
1149 1944 1244 1973 cogites

427 1985 451 2007 te
470 1983 609 2007 rediturum
623 1987 679 2006 00111
694 1981 758 2005 9010
770 1980 887 2009 gratiam,
903 1979 994 2009 frigida
1013 1978 1035 2001 &
1052 1978 1109 2002 ficta
1129 1978 1245 2007 cogitatio

428 2019 478 2046 est,
497 2016 577 2041 donec
594 2016 675 2045 potior
692 2014 809 2039 adfectus
827 2014 893 2038 11000
911 2013 1039 2038 adfectum
1058 2012 1151 2036 vicerit.
1182 2012 1244 2036 Nam

428 2056 500 2075 amor
517 2050 606 2078 nostri,
624 2054 740 2073 summus
758 2047 883 2076 adfectus,
908 2048 947 2071 est
965 2047 1072 2071 aliorum
1097 2045 1244 2070 adfectuum

427 2090 474 2109 ceu
493 2084 603 2108 amussis
622 2082 754 2113 quaedam.
788 2082 920 2111 Tantisper
938 2086 1010 2105 amas
1029 2080 1146 2108 alterum,
1165 2079 1246 2103 donec

426 2118 514 2144 laedit.
532 2117 575 2142 ubi
593 2117 706 2145 laeserit,
724 2116 848 2145 tantisper
865 2114 947 2139 odisti.
962 2115 1043 2139 donec
1058 2114 1150 2143 insigni
1168 2113 1245 2137 119119-

428 2151 483 2176 ficio
502 2155 526 2175 te
545 2156 646 2176 rursum
665 2150 820 2174 demeretur.
856 2149 970 2173 Breviter
997 2148 1082 2172 bellua
1108 2147 1244 2171 multorum

429 2186 537 2214 capitum
557 2187 603 2213 est,
622 2189 665 2208 eor
682 2184 830 2212 humanum,
847 2188 952 2212 pravum
972 2181 993 2204 ἃ.
1011 2181 1191 2209 inscrutabile,
1218 2182 1246 2205 01

427 2218 566 2243 Hieremias
586 2218 672 2248 inquit.

496 2269 559 2294 fieri
578 2271 662 2293 autem
681 2270 778 2298 potest,
801 2269 829 2292 ut
845 2268 947 2297 praeter
971 2265 992 2288 ἀ
1011 2267 1098 2290 contra
1117 2264 1245 2289 adfectum

427 2303 555 2332 deligatur
577 2308 639 2332 opus
670 2304 817 2330 externum,
841 2303 868 2325 ut
886 2300 941 2325 fieri
957 2301 1053 2329 potest,
1077 2301 1105 2323 ut
1123 2298 1191 2323 311011
1210 2298 1246 2323 10-

426 2342 520 2368 quare,
539 2342 614 2366 quam
634 2336 699 2366 quod
718 2335 860 2360 intellectus
878 2334 963 2359 sentit.
983 2333 1033 2357 Sed
1052 2338 1107 2357 cum
1127 2332 1246 2361 deligitur

426 2377 489 2401 opus
514 2372 646 2394 externum
665 2371 751 2393 contra
769 2368 913 2397 adfectum,
937 2367 992 2391 fere
1010 2366 1050 2396 fit,
1075 2368 1102 2390 ut
1125 2365 1247 2390 infirmior

427 2404 543 2429 adfectus
569 2403 663 2433 potiore
681 2403 802 2427 vincatur.
837 2405 863 2426 ut
889 2401 977 2430 negari
1001 2406 1051 2424 non
1069 2401 1167 2429 potest,
1185 2399 1244 2429 quin

425 2438 568 2467 voluptates
587 2438 655 2461 amet
672 2435 774 2460 Macedo
792 2435 943 2463 Alexander,
959 2436 1046 2458 tamen
1064 2434 1121 2463 quia
1138 2433 1245 2462 gloriam

427 2471 604 2495 vehementius
622 2470 702 2498 ardet,
721 2469 809 2498 deligit
826 2469 954 2497 laborem,
977 2467 1121 2497 voluptates
1140 2467 1245 2496 adsper-

428 2507 512 2533 natur,
544 2509 594 2528 non
618 2503 683 2534 quod
708 2508 752 2527 eas
775 2502 832 2526 odio
857 2503 963 2530 babeat,
989 2500 1035 2526 sed
1054 2500 1120 2530 quod
1137 2500 1243 2530 gloriam

429 2538 511 2567 magis
530 2537 626 2562 ardeat.
660 2536 779 2561 Videmus
797 2536 860 2560 31105
878 2535 994 2560 adfectus
1012 2535 1037 2559 in
1055 2534 1112 2559 aliis
1125 2539 1244 2563 regnare,

1282 241 1330 261 sua
1348 240 1463 266 quenque
1482 236 1550 262 ’113111
1569 237 1692 266 cupidine.
1729 237 1755 261 ln
1768 236 1876 262 sordidis
1896 237 2001 266 ingeniis
2020 238 2098 263 domi-

1283 272 1358 294 natur
1370 269 1480 294 babendi
1499 270 1630 300 cupiditas.
1651 271 1674 294 in
1684 270 1876 300 liberalioribus,
1889 271 1956 295 iuxta
1969 271 2099 297 bominum

1284 303 1411 329 iudicium.
1431 304 1514 328 faniae
1528 303 1550 326 ἃ.
1562 304 1689 333 popularis
1708 303 1802 332 gratiae
1821 304 1939 328 studium.
1957 305 2100 334 imperabat

1284 337 1387 366 linguae
1406 335 1428 359 δι
1446 337 1524 362 000115
1543 337 1614 366 10311,
1639 340 1665 361 ut
1684 336 1858 361 blandirentur
1875 339 1997 367 Amasae,
2022 338 2098 368 cordi,

1285 376 1316 395 ne
1335 370 1439 399 odisset,
1458 371 1582 400 imperare
1601 376 1651 394 non
1670 370 1755 400 potuit.
1793 370 1826 394 Ex
1844 370 1881 394 1115
1901 371 2019 400 intelligis
2033 372 2099 396 insa—

1285 404 1348 430 nire.
1367 405 1409 434 qui
1427 404 1604 433 poenitentias.
1623 403 1772 430 attritiones,
1787 402 1809 424 ἃ
1822 403 1886 427 11003
1899 404 2024 433 proposita
2039 404 2099 433 tingi

1286 437 1432 465 docuerunt,
1452 443 1507 462 cum
1527 443 1577 461 non
1596 438 1675 467 possit
1693 436 1822 461 adfectum
1842 441 1943 461 sumere
1963 443 2037 466 caro,
2056 439 2101 462 aut

1286 476 1386 500 ponere.

1320 521 1372 545 iam
1397 520 1439 545 0111
1457 520 1531 549 03010
1556 520 1729 544 vehementior
1755 520 1871 544 adfectus
1896 522 1950 549 est,
1973 519 2026 544 neri
2048 525 2100 544 11011

1286 557 1377 583 potest.
1395 556 1422 578 ut
1440 557 1561 583 perpetuo
1579 554 1750 578 coherceatur.
1786 554 1905 582 Erumpet
1923 553 2065 584 aliquando.
2078 552 2100 575 ἀ

1285 588 1367 616 pariet
1385 593 1447 617 opus
1466 593 1549 617 suum.
1568 590 1594 611 ut
1613 587 1725 612 Christus
1744 587 1779 611 ait
1803 587 1935 611 Phariseis.
1972 586 2100 616 Quomodo

1287 621 1391 650 potestis
1411 621 1474 644 bene
1494 620 1560 651 loqui
1579 626 1634 644 cum
1654 621 1708 645 sitis
1728 620 1794 644 mali.
1829 620 1961 650 Nunquam
1981 619 2098 644 adfectus

1287 657 1408 684 perpetuo
1422 653 1574 678 dissimulari
1588 655 1678 683 potest-
1699 654 1817 678 Naturam
1832 653 2008 683 licetexpellas
2019 652 2100 681 furca,

1288 690 1373 711 tamen
1392 693 1472 717 usque
1491 689 1610 711 recurret.
1645 687 1680 711 lta
1699 687 1770 711 vides
1783 687 1908 711 delectum
1923 687 1999 712 etiam
2017 689 2101 711 exter-

1288 726 1376 745 norum
1402 726 1506 750 operum
1532 726 1581 745 non
1605 721 1668 745 satis
1694 720 1801 745 liberum
1827 726 1893 745 esse.
1928 721 1978 745 Sed
1996 726 2042 745 nos
2068 720 2100 744 de

1288 754 1406 784 operibus
1425 754 1485 778 nibil
1503 753 1671 784 disputamus,
1689 754 1735 778 sed
1754 753 1785 778 de
1804 754 1885 779 cordis
1904 754 2057 779 adfectibus.

1357 788 1422 811 Haec
1441 786 1472 810 de
1491 790 1581 812 natura
1591 786 1708 816 diximus,
1727 793 1790 817 quae
1804 787 1858 812 fere
1872 788 2027 818 experientia
2046 787 2100 812 sine

1289 826 1329 844 me
1349 820 1428 844 docet.
1446 820 1475 844 Et
1491 820 1566 849 plena
1584 820 1733 845 testimoniis
1746 821 1869 850 scriptura
1881 824 1929 847 951,
1939 827 2004 851 quae
2017 823 2105 845 osten-

1289 853 1364 882 dunt,
1383 853 1510 877 bominem
1529 853 1589 878 nibil
1609 858 1708 883 sapere,
1726 854 1785 878 nihil
1805 855 1885 882 velle,
1911 854 1959 879 nisi
1983 854 2102 884 carnalia,

1289 887 1364 911 deum
1385 888 1511 915 ignorare,
1530 888 1693 911 contemnere
1712 886 1754 911 &a
1789 888 1872 912 Habes
1892 888 1996 912 Paulum
2014 888 2100 912 Roma.

1288 920 1334 950 viij.
1355 919 1376 942 &
1397 922 1417 944 l.
1438 920 1547 944 Corinth.
1565 919 1588 949 ij.
1632 920 1686 944 Non
1699 920 1831 944 adscendit
1840 921 1864 945 in
1878 926 1920 944 001·
1937 921 2046 945 hominis
2059 919 2102 944 &aa

1288 954 1487 983 ltem‚Animalis
1500 954 1575 977 homo
1584 958 1634 977 000
1643 953 1786 983 0910101193
1794 959 1858 983 quae
1870 956 1930 978 sunt
1948 954 2056 984 spiritus.
2074 953 2104 978 Et

1288 987 1390 1012 Iohann.
1408 986 1439 1016 iij.
1459 986 1528 1015 Quod
1547 990 1633 1011 natum
1653 988 1693 1011 est
1711 992 1743 1011 ex
1761 992 1836 1011 carne
1855 992 1912 1011 caro
1931 989 1979 1012 est.
2003 987 2103 1013 Nullam

1288 1021 1363 1050 igitur
1381 1021 1524 1045 libertatem
1544 1026 1602 1045 esse
1621 1020 1744 1044 voluntati
1760 1021 1901 1049 humanae,
1928 1021 1953 1045 in
1971 1019 2102 1045 sumendis

1289 1054 1329 1078 vel
1348 1054 1472 1084 ponendis
1490 1053 1662 1083 spiritualibus
1681 1053 1832 1084 adfectibus,
1850 1059 1945 1084 amore,
1965 1055 2035 1078 metu
2053 1053 2103 1082 dei,

1289 1088 1347 1117 fide,
1365 1093 1410 1117 spe
1429 1087 1472 1111 Suc.
1490 1087 1650 1117 perspicuum
1670 1089 1718 1111 est.
1754 1088 1817 1112 Nam
1836 1087 1952 1112 03103195
1971 1087 2031 1112 011111
2049 1092 2103 1112 mo-

1289 1127 1339 1151 ror,
1358 1126 1501 1151 quanquam
1520 1126 1604 1151 neque
1622 1121 1647 1144 in
1665 1120 1702 1145 1115
1721 1121 1800 1145 libera
1817 1123 1866 1146 est.

1358 1171 1489 1196 Postremo
1508 1171 1659 1200 libertatem,
1677 1171 1772 1195 bomini
1790 1171 1878 1196 adimit
1896 1171 1979 1196 divina
1996 1172 2105 1201 praede-

1290 1205 1400 1230 stinatio.
1436 1205 1558 1229 Eveniunt
1581 1205 1647 1228 enim
1673 1205 1757 1228 omnia
1774 1205 1842 1229 iuxta
1870 1205 1979 1229 1111103111
1997 1205 2104 1235 111-39119-

1290 1239 1460 1268 51103110119111,
1479 1244 1535 1263 011111
1553 1240 1659 1262 externa
1677 1243 1763 1268 opera,
1780 1240 1832 1262 tum
1851 1238 1966 1263 internae
1977 1238 2104 1268 cogitatio-

1289 1279 1344 1302 nes,
1363 1272 1387 1297 in
1404 1272 1522 1296 omnibus
1540 1272 1670 1296 creaturis.
1707 1271 1742 1296 Ad
1762 1272 1850 1301 Ephes.
1870 1272 1883 1296 i
1920 1272 1965 1301 Qui
1982 1272 2106 1302 operatur

1290 1306 1375 1330 omnia
1400 1305 1540 1330 secundum
1559 1305 1690 1330 consilium
1714 1305 1852 1330 voluntatis
1879 1311 1949 1330 suae.
1973 1306 2057 1330 Matth.
2081 1311 2104 1330 11.

1289 1345 1373 1365 11011119
1392 1339 1441 1363 duo
1459 1345 1578 1369 passeres
1597 1345 1656 1363 asse
1675 1341 1787 1363 veneunt
1814 1338 1836 1361 ἃ,
1852 1345 1918 1364 unus
1936 1345 1968 1364 ex
1986 1339 2035 1364 illis
2052 1344 2104 1364 11οο

1289 1373 1363 1398 cadet
1381 1378 1459 1403 super
1476 1375 1569 1397 terram
1589 1373 1643 1397 sine
1662 1374 1734 1403 patre
1752 1375 1848 1397 vestro.

1358 1423 1467 1448 Obsecro
1486 1422 1545 1453 quid
1563 1423 1611 1447 1130
1629 1423 1755 1447 5901911113
1769 1423 1865 1453 ,clarius
1884 1423 1931 1448 dici
1954 1424 2051 1453 potuit?

1347 1463 1410 1487 quas
1435 1457 1558 1487 pueritiae
1585 1456 1699 1486 scripsit,
1723 1457 1808 1481 statim
1833 1463 1848 1481 a
1872 1458 1992 1487 principio
2009 1459 2105 1482 monet.

1290 1489 1395 1520 (Haec,
1410 1497 1486 1522 quae
1498 1488 1552 1514 Ed.
1568 1491 1591 1514 7.
1606 1487 1660 1521 fol.
1676 1487 1755 1519 VIII,
1767 1488 1792 1514 b.
1804 1489 1890 1515 lim-1.
1903 1490 1944 1515 ad
1969 1489 2007 1515 ol.
2021 1488 2106 1515 Xla.

1289 1523 1341 1548 ltn-
1356 1522 1471 1556 penult.
1492 1521 1619 1552 exhibet,
1638 1525 1705 1547 sunt
1719 1522 1831 1553 eadem,
1852 1531 1927 1556 quae
1973 1523 2000 1548 d.
2014 1526 2038 1549 2.
2053 1521 2104 1547 ba·

1290 1556 1336 1582 bet
1352 1556 1405 1590 fol.
1426 1559 1456 1586 7,
1476 1556 1501 1581 ὸ.
1520 1555 1572 1580 lin.
1595 1558 1617 1582 1.
1639 1556 1678 1580 ad
1693 1554 1747 1588 fol.
1768 1558 1796 1586 8,
1817 1556 1842 1580 b.
1863 1556 1915 1581 lin.
1935 1559 1975 1582 21.
1994 1571 2026 1574 —
2044 1558 2106 1582 Ver-

1288 1593 1343 1616 bis:
1362 1597 1437 1619 ..esse
1463 1591 1487 1615 in
1505 1591 1583 1615 rebus
1601 1591 1720 1615 humanis
1745 1591 1916 1620 contingentia
1926 1591 1950 1619 ,⁴⁸
1975 1596 2050 1622 quae
2073 1591 2107 1615 in

1288 1624 1344 1650 Ed.
1365 1626 1389 1650 7.
1407 1622 1460 1656 fol.
1474 1622 1529 1653 XI,
1548 1631 1577 1647 a.
1591 1622 1703 1653 lin.12.,
1722 1624 1754 1647 ἰπ
1771 1622 1827 1648 Ed.
1842 1625 1867 1649 2.
1884 1622 1939 1656 fol.
1959 1625 1983 1652 8,
2003 1632 2031 1648 a.
2051 1622 2105 1648 lin.

1288 1657 1340 1683 ult.
1367 1657 1516 1691 leguntur,
1540 1658 1572 1681 in
1600 1664 1695 1690 marq.
1715 1655 1770 1681 Ed.
1791 1658 1815 1682 7.
1840 1656 1996 1689 adscripta
2022 1659 2106 1682 sunt.-

1288 1694 1323 1717 De
1343 1691 1535 1722 contingentia.)

1358 1743 1445 1772 Neque
1464 1741 1549 1770 tidem,
1567 1747 1650 1771 neque
1663 1743 1759 1766 metum
1779 1741 1819 1765 dei
1831 1741 1916 1766 doceri
1928 1747 2004 1771 posse
2015 1741 2106 1772 iudico,

1289 1777 1338 1801 nisi
1364 1781 1516 1806 persuasum
1541 1775 1613 1799 nobis
1632 1775 1679 1804 sit,
1703 1775 1787 1799 omnia
1812 1775 1837 1798 in
1862 1775 1979 1799 omnibus
2003 1774 2105 1800 efficere

1290 1810 1374 1834 deum.
1412 1809 1544 1839 sophistae
1567 1808 1640 1833 nobis
1665 1814 1715 1833 non
1739 1808 1814 1832 aliter
1837 1808 1914 1833 deum
1939 1808 2110 1839 descripsere,

1290 1846 1365 1873 atque
1384 1843 1468 1867 iovem
1488 1848 1562 1867 suum
1581 1844 1681 1872 poetae,
1695 1842 1763 1866 Belle
1782 1842 1878 1866 scilicet
1896 1842 1939 1872 iili,
1957 1848 2017 1867 nam
2029 1843 2105 1867 ratio-

1289 1883 1347 1902 nem
1367 1876 1547 1906 sequebantur,
1567 1881 1631 1906 quae
1644 1881 1749 1906 prorsus
1763 1875 1851 1904 ignora
1865 1875 1906 1899 dei
1918 1877 1965 1905 est,
1985 1875 2006 1898 81
2016 1873 2105 1902 ἄθεος.

1357 1927 1489 1952 Dulcescet
1513 1926 1576 1950 11390
1601 1925 1632 1949 119
1655 1925 1886 1956 praedestinatione
1911 1926 2045 1956 sententia,
2063 1926 2106 1950 ubi

1289 1961 1381 1990 impiae
1401 1960 1504 1985 rationis
1523 1959 1640 1984 iudicium
1659 1960 1760 1990 spiritus
1780 1959 1820 1983 dei
1834 1959 2024 1984 stultificaverit.
2043 1959 2106 1988 Quid

1291 1995 1358 2019 enim
1385 1994 1545 2019 imbecillitas
1569 1993 1680 2018 humana
1703 1993 1808 2023 perinde
1833 1996 1916 2023 optet,
1940 1994 2016 2023 atque
2035 1996 2063 2018 ut
2080 1993 2105 2017 in

1290 2034 1366 2053 manu
1386 2028 1426 2052 dei
1444 2027 1528 2052 omnia
1546 2029 1633 2051 nostra
1652 2027 1799 2055 consistant,
1817 2032 1849 2051 ne
1868 2027 1962 2052 nostris
1987 2027 2105 2056 consiliis,

1291 2062 1337 2087 sed
1356 2061 1445 2086 divinis
1464 2062 1602 2090 regamur?
1619 2061 1736 2090 Magnum
1756 2061 1857 2085 omnino
1875 2062 1922 2090 est,
1947 2061 2105 2086 commisisse

1290 2096 1374 2121 omnia
1394 2095 1492 2120 divinae
1510 2094 1641 2119 voluntati.

1358 2129 1431 2154 Tollit
1448 2129 1532 2159 itaque
1552 2134 1652 2153 omnem
1672 2128 1814 2152 libertatem
1839 2128 1977 2152 voluntatis
2001 2130 2104 2153 nostrae

1289 2163 1489 2194 praedestinatio
1508 2162 1598 2187 divina.
1619 2162 1671 2191 Qua
1691 2161 1721 2186 de
1740 2167 1768 2186 re
1788 2161 1888 2191 copiose
1908 2161 2029 2187 disseruit
2040 2162 2104 2187 Pau-

1291 2198 1330 2222 lus
1350 2196 1383 2221 ad
1400 2197 1486 2222 Roma.
1504 2196 1561 2227 viiij.

1619 2246 1768 2270 SUMMA.

1358 2297 1437 2322 Etiam
1461 2297 1530 2322 iuxta
1554 2298 1661 2321 naturae
1687 2296 1805 2320 iudicium
1827 2296 1853 2320 in
1871 2295 2014 2320 adfectibus
2033 2296 2103 2321 nulla

1289 2333 1394 2357 libertas
1412 2332 1459 2356 est.

1358 2381 1431 2407 Nulla
1448 2381 1508 2406 item
1526 2380 1630 2405 libertas
1651 2383 1698 2407 est„
1717 2381 1739 2404 si
1752 2379 1906 2404 voluntatem
1924 2379 2062 2404 humanam
2071 2379 2103 2404 ad

1289 2415 1548 2447 praedestinationem
1567 2414 1691 2438 conferas.

1359 2467 1441 2496 Quare
1466 2465 1535 2490 nihili
1553 2466 1721 2489 commentum
1741 2465 1793 2493 est,
1811 2463 1904 2493 dogma
1924 2463 2108 2494 scholasticum

1290 2501 1321 2525 de
1340 2500 1420 2525 libero
1438 2499 1549 2529 arbitrio,
1568 2499 1599 2523 de
1618 2497 1798 2528 praeparandis
1810 2497 1883 2522 nobis
1903 2497 1936 2521 ad
1945 2496 2054 2526 gratiam
2070 2497 2103 2521 de

1291 2534 1381 2559 merito
1400 2533 1511 2563 congrui,
1530 2533 1561 2557 de
1580 2532 1670 2563 quibus
1689 2532 1754 2556 infra
1772 2537 1819 2556 suo
1837 2530 1892 2555 loco
1911 2530 2032 2556 dicemus.
2104 2528 2107 2531 '
