2358 2933
92 113 157 145 949

91 204 148 246 pla
180 208 385 238 sanctorum,
426 200 565 230 Davidis
600 209 639 229 ac
672 196 994 229 Nabuchodonosor.
1017 195 1064 242 ‘7⁰)

93 247 132 277 Hi
155 256 195 277 ex
218 254 343 275 summo
376 241 509 283 fastigio
544 241 661 272 deiecti
695 239 877 270 didicerunt
906 245 943 265 se
977 245 1066 283 prius

93 295 182 319 tutos
216 286 318 317 fuisse
350 295 417 315 non
447 294 510 315 sua
532 284 668 320 virtute,
702 291 769 311 non
791 279 969 309 amicorum
993 277 1068 313 tide,

93 340 159 361 non
192 328 341 359 humanis
364 327 556 367 praesidiis,
590 325 649 355 sed
672 324 744 353 Deo
767 326 932 356 servante,
961 325 1069 358 prote-

94 377 191 413 gente
225 376 256 400 81
286 371 490 410 gubernante
513 378 583 398 eos.
628 366 730 396 Nimis
753 363 873 403 longus
896 360 1069 401 catalogus

95 419 195 450 esset,
219 413 246 443 si
266 421 515 442 recenseremus
539 410 680 439 Heroum
705 415 802 437 casus
810 427 819 442 ‚
854 404 909 444 qui
932 403 1070 433 horribi-

94 455 168 486 liter
191 455 297 485 eversi
321 459 418 483 sunt:
464 450 633 486 Herculis,
657 447 808 483 Achillis,
831 446 955 482 Aiacis,
980 446 1070 475 laso-

95 498 164 533 nis,
188 495 326 536 Philippi
348 495 560 530 Macedonis,
585 491 746 530 Pompeii,
770 489 923 519 Caesaris
933 510 948 537 ⁹.
966 487 1070 536 Anto-

95 540 139 570 nii
162 545 194 569 et
211 538 349 569 aliorum
373 535 663 567 innumerabilium.
719 532 842 562 Horum
865 531 983 571 tragici
1006 540 1070 560 ext-

96 588 149 612 tus
175 579 343 611 declarant
366 579 452 609 hanc
476 587 605 608 vocem:
641 574 850 605 Abominatio
881 578 931 602 est
960 582 1071 602 coram

96 623 182 659 Deo,
205 622 360 662 quicquid
384 619 522 651 sublime
545 624 595 648 est
618 619 650 648 in
669 617 808 653 mundo,
833 616 864 645 id
890 620 958 650 est,
983 615 1072 654 quic-

97 665 176 705 quid
198 663 379 704 gloriosum
399 668 450 692 est
472 663 543 691 sine
565 661 731 700 agnitione
756 664 788 688 et
810 659 926 688 timore
945 656 1020 693 Dei,
1041 657 1072 685 id

97 708 263 737 evertitur.
310 705 384 739 {deo
420 710 530 734 tantae
557 703 671 732 ruinae
701 707 777 731 sunt
805 709 1004 730 summorum
1028 699 1072 728 vi-

96 759 225 785 rorum,
259 747 312 787 qui
337 756 402 776 non
425 744 534 776 solum
556 745 719 785 potentia,
753 743 813 773 sed
836 743 932 772 etiam
954 741 1073 771 virtute

96 788 368 821 antecelluerunt.

183 831 314 862 Rursus
342 830 521 870 potentiam
543 839 637 859 suam
660 827 751 858 Deus
775 828 869 858 etiam
892 826 924 855 in
947 826 1074 866 erigen-

98 875 148 904 dis
171 874 233 913 piis
256 883 356 912 saepe
378 872 538 908 ostendit,
572 877 606 901 ut
629 870 747 910 loseph
772 880 812 900 ex
837 877 972 899 carcere
995 866 1061 897 libe

98 917 258 955 1·atu1·,7¹)
282 914 390 944 David
413 913 531 954 pulsus
555 912 737 943 restituitur
760 913 792 942 in
817 921 973 951 regnum;
1006 909 1074 939 Ma-

97 967 217 988 nasses
242 967 316 988 cum
340 958 394 986 diu
417 957 566 995 captivus
590 954 725 991 fuisset,
748 954 879 984 tandem
901 958 977 992 post
999 961 1076 991 poe-

99 1000 268 1029 nitentiam
309 997 481 1029 incolumis
517 998 695 1028 dimittitur.
762 996 797 1026 ln
827 995 878 1025 his
918 992 1076 1033 exemplis

99 1042 233 1081 scriptis
261 1039 444 1070 affirmatur
466 1039 572 1070 Deum
606 1048 682 1069 esse
711 1044 879 1069 auctorem
902 1036 1017 1067 harum
1041 1035 1077 1065 li-

100 1083 315 1119 berationum,
339 1088 372 1112 ut
395 1083 540 1112 sciamus
564 1082 648 1111 idem
672 1081 712 1111 de
734 1090 799 1110 non
825 1080 956 1119 scriptis
969 1088 1077 1108 exem-

98 1124 173 1166 plis.
209 1124 290 1155 Cum
314 1125 408 1154 nobis
432 1135 486 1154 res
510 1124 671 1154 adversae
694 1124 880 1163 mitigantur
893 1127 947 1151 aut
960 1119 1078 1150 tollun-

99 1174 165 1204 tur,
189 1166 224 1197 fit
247 1166 310 1196 hoc
322 1166 395 1197 Deo
419 1176 480 1196 nos
504 1167 637 1196 iuvante
660 1171 691 1195 et
714 1166 918 1205 gubernante
938 1160 1078 1193 consilia

101 1215 133 1239 et
168 1210 294 1245 exitus,
330 1214 365 1238 ut
387 1208 476 1239 Psal.
507 1208 559 1237 27.
583 1209 646 1244 [vs.
667 1208 709 1244 7.]
742 1207 875 1237 dicitur:
916 1205 1077 1235 Dominus

100 1252 230 1282 adiutor
263 1260 355 1280 meus
391 1257 421 1280 et
451 1255 619 1289 protector
642 1259 753 1285 meus,
782 1250 814 1278 in
837 1249 909 1287 ipso
935 1247 1079 1285 speravit

101 1303 161 1323 cor
184 1303 300 1328 meum,
330 1298 362 1322 et
384 1293 515 1321 adiutus
536 1301 618 1320 sum.
665 1290 733 1320 Sed
757 1290 856 1320 redeo
880 1289 920 1319 ad
946 1298 1079 1328 praece-

100 1340 175 1374 pta,
209 1344 293 1374 quae
327 1334 461 1363 obedire
496 1334 617 1363 iubent.
677 1332 704 1361 l.
739 1331 816 1362 Cor.
844 1331 891 1361 10.
917 1333 980 1369 [vs.
1014 1330 1077 1367 lO.]

100 1377 151 1407 Ne
184 1376 409 1412 murmuretiS,
449 1375 534 1405 sicut
573 1375 704 1415 quidam
746 1384 859 1404 eorum
900 1383 1079 1403 murmura-

101 1424 219 1449 verunt
238 1424 270 1447 et
292 1416 456 1448 interfecti
479 1423 556 1447 sunt
578 1418 618 1447 ab
642 1415 872 1452 interfectore,
902 1421 937 1446 ut
959 1416 990 1444 in
1014 1415 1080 1445 Nu—

102 1461 200 1490 meris
236 1470 306 1500 cap.
342 1459 393 1488 21.
439 1465 590 1489 narratur
634 1459 675 1488 de
713 1458 821 1498 ignitis
861 1458 1079 1497 serpentibus.

103 1501 193 1532 Psal.
229 1502 281 1532 37.
318 1504 381 1539 [vs.
407 1501 450 1540 7.]
497 1501 654 1532 Subditus
677 1507 749 1531 esto
772 1499 846 1531 Deo
871 1506 900 1530 et
927 1509 1024 1539 spera
1048 1500 1078 1529 in

103 1554 188 1574 eum.
222 1544 339 1574 Brevis
370 1544 485 1573 concio
510 1549 559 1573 est
583 1543 623 1573 118
647 1543 745 1572 rebus
769 1543 918 1572 maximis
944 1548 975 1571 81
998 1542 1079 1572 duas

102 1591 215 1626 partes
246 1585 486 1625 complectens,
522 1585 740 1624 Praeceptum
765 1586 804 1615 de
829 1584 1022 1614 obedientia
1048 1590 1079 1613 et

104 1629 287 1658 doctrinam
321 1629 361 1658 de
397 1626 623 1658 consolatione
658 1638 677 1657 a
699 1626 772 1657 Deo
807 1626 947 1666 petenda
971 1632 1003 1656 et
1026 1636 1079 1656 ex-

105 1671 276 1710 pectanda.
323 1669 411 1700 Psal.
446 1670 498 1699 45.
534 1672 598 1707 [vs.
625 1669 687 1708 11.]
735 1669 860 1699 Vacate
895 1675 925 1698 et
959 1669 1079 1705 videte,

105 1712 193 1752 quod
227 1722 290 1752 ego
325 1712 383 1741 sim
412 1711 516 1741 Deus.
567 1712 684 1741 Mirum
720 1717 928 1751 praeceptum
964 1716 1014 1740 est
1047 1716 1080 1740 et

106 1755 253 1795 ignotum
278 1752 530 1793 Philosophiae,
564 1754 623 1783 sed
648 1754 802 1783 convenit
827 1764 899 1783 cnm
922 1753 1009 1783 dicto
1033 1752 1078 1782 Ie-

105 1797 196 1826 saiae
221 1796 285 1832 130,
313 1796 391 1834 15.]:
416 1796 449 1825 ln
474 1795 602 1826 silentio
627 1802 657 1825 81
681 1805 740 1835 spe
763 1796 824 1825 erit
846 1794 1002 1825 fortitudo
1026 1804 1079 1825 ve-

106 1843 184 1869 stra.
230 1838 326 1871 Quod
345 1844 394 1867 est
412 1839 508 1878 igitur
528 1837 606 1867 illud
622 1837 805 1868 silentium?
829 1838 988 1871 Quidnam
1002 1836 1079 1867 illud

107 1880 248 1910 vacare?
294 1879 434 1910 Primum
458 1881 647 1910 obedienter
670 1878 811 1910 tolerare
834 1880 1003 1918 impositas
1028 1889 1080 1909 ae-

107 1932 260 1956 rumnas3
294 1921 421 1952 Deinde
454 1933 519 1952 non
543 1931 716 1952 accersere
739 1922 871 1962 negotia
890 1922 960 1951 sine
983 1932 1080 1952 voca-

108 1964 215 1999 tione;
233 1963 353 2001 Tertio,
367 1964 452 2000 Non,
475 1970 510 1994 ut
533 1963 618 1994 solet
640 1963 781 1994 humana
804 1963 993 2000 diffidentia,
1017 1964 1080 1994 dis-

109 2016 242 2036 currere
260 2007 301 2036 ad
325 2008 512 2046 quaerenda
536 2007 629 2036 varia
638 2007 800 2046 praesidia
812 2013 842 2036 et
863 2007 894 2035 in
907 2006 958 2035 1115
971 2005 1080 2046 aliqua

108 2049 228 2078 iniusta
251 2054 305 2078 aut
329 2049 399 2078 sine
422 2049 506 2078 insto
531 2049 654 2085 ordine,
679 2049 763 2078 sicut
775 2048 884 2089 Reges
898 2048 975 2078 luda
995 2058 1080 2078 nunc

109 2089 310 2120 inclinabant
332 2090 374 2119 ad
396 2090 594 2131 Aegyptios,
617 2101 703 2120 110118
726 2091 768 2120 ad
791 2091 948 2131 Syriacos
962 2090 1080 2131 Reges,

109 2142 197 2162 nunc
220 2132 261 2161 ad
286 2131 369 2161 alios
393 2134 471 2168 et7‘2)
495 2131 638 2172 impliciti
660 2131 768 2162 stultis
792 2132 980 2163 foederibus
992 2139 1081 2173 post-

109 2184 148 2204 ea
178 2175 381 2214 cogebantur
414 2175 507 2214 sequi
542 2173 667 2204 alienos
702 2173 840 2205 furores.
908 2175 991 2205 Huic
1025 2176 1081 2205 im-

111 2216 283 2255 patientiae
313 2222 344 2245 et
368 2217 598 2246 discut-sationi
623 2218 845 2256 quaerentium
868 2216 987 2247 auxilia
1010 2218 1081 2247 sine

111 2351 156 2381 ΤΟ)
176 2351 417 2381 Nabuchodonosor}
437 2352 509 2376 Editt.
533 2353 552 2374 1.
574 2351 597 2374 3.
619 2352 819 2382 Nabugdonosor

113 2402 158 2431 Ἠ)
179 2402 322 2460 Εὺθτῐᾶιυω
347 2403 418 2427 Editt.
440 2402 546 2425 16—18.
566 2403 606 2424 21.
626 2403 667 2424 22.
688 2402 728 2425 24.
748 2403 867 2434 28—34.‚
886 2403 944 2433 opp.
967 2404 988 2426 l.
1008 2404 1031 2427 2,
1052 2404 1081 2428 li-

197 2442 240 2460 era
254 2442 282 2460 us

122 2483 157 2514 72)
178 2488 203 2542 elt
222 2487 301 2542 {hest
318 2487 353 2511 ab
371 2486 442 2511 Editt.
465 2486 494 2509 16
519 2500 545 2503 -
569 2487 605 2511 18,
624 2487 656 2509 20
676 2500 707 2504 —-
726 2487 775 2515 34η
795 2487 865 2517 corp.
886 2487 897 2510 1
918 2501 948 2504 -—
969 2488 1002 2517 8.‚
1021 2488 1080 2517 opp.

548 108 571 137 1.
598 106 698 137 LOCI
720 102 994 136 THEOLOGICI:
1017 102 1061 133 D.
1087 101 1247 133 TERTIA
1270 100 1428 132 EORUM
1451 98 1608 130 AETAS.

2028 96 2091 126 950

1110 193 1194 222 iusto
1219 191 1333 221 ordine
1355 196 1566 231 opponuntur
1588 189 1651 219 hae
1674 197 1794 219 voces:
1819 187 1957 225 Vacate,
1977 189 2008 218 id
2027 195 2090 227 est,

1111 234 1280 274 quiescite,
1305 238 1477 273 expectate
1496 232 1560 262 Dei
1583 230 1750 267 auxilium,
1776 240 1841 260 non
1865 230 2037 262 discurrite
2060 233 2091 262 in

1110 277 1317 317 Aegyptum,
1350 276 1380 305 in
1405 276 1550 316 Syriam,
1586 274 1628 303 ad
1651 272 1799 308 Tui-eos,
1832 272 1874 302 ad
1896 271 2010 302 Afros.
2057 274 2091 304 ln

1113 320 1199 348 bona
1235 328 1354 348 caussa
1387 319 1457 347 sitis
1493 314 1678 356 tranquillis
1703 315 1818 344 animis
1843 320 1875 344 et
1898 325 1918 344 a
1937 314 2010 345 Deo
2035 317 2091 347 de-

1113 359 1297 391 fensionem
1320 365 1509 399 expectateg
1555 364 1587 388 et
1610 359 1638 388 si
1662 358 1739 397 quid
1763 366 1861 388 secus
1879 359 2019 395 eveniet,
2044 364 2092 389 ta-

1113 413 1186 433 men
1220 401 1336 432 melius
1367 408 1417 431 est
1440 401 1604 431 sustinere
1623 410 1810 436 aerumnas,
1833 410 1932 440 quam
1954 399 2092 432 inhone-

1114 446 1174 475 stis
1199 443 1347 475 consiliis
1372 445 1491 474 bonam
1515 452 1668 473 caussam
1691 441 1886 472 deformare.

1200 520 1347 560 Exposui
1360 520 1502 560 quinque
1513 518 1608 549 locos
1627 518 1764 548 traditos
1781 519 1811 547 in
1825 517 1974 547 doctrina
1986 517 2093 548 Evan-

1115 562 1192 604 gelii
1204 563 1244 592 de
1257 561 1438 592 tolerandis
1452 561 1593 591 miseriis
1606 561 1738 601 ignotos
1753 558 1996 600 Philosophiae.
2011 559 2094 591 Cum

1116 611 1222 635 autem
1242 603 1306 634 hac
1326 604 1389 634 fide
1410 603 1591 634 confirmati
1612 603 1708 632 animi
1728 601 1870 634 tolerant
1881 600 2094 639 afflictiones,

1116 654 1193 678 tune
1213 656 1292 677 vere
1304 645 1465 676 Patientia
1485 643 1745 676 seu'l'olerantia
1766 651 1816 674 est
1829 645 2043 682 sacrificium,
2063 645 2095 675 id

1119 696 1186 726 est,
1220 687 1327 719 cultus
1352 688 1413 718 Dei
1448 698 1505 718 seu
1541 697 1624 727 opus
1649 698 1667 717 a
1690 686 1764 717 Deo
1789 686 1974 716 mandatum
1997 694 2029 717 et
2054 697 2093 717 eo

1117 730 1250 768 factum,
1284 737 1319 761 ut
1353 731 1414 771 ipsi
1448 730 1556 760 honos
1591 730 1757 759 reddatur.
1814 728 1905 759 Sicut
1929 728 2018 758 Psal.
2042 729 2094 759 50.

1118 777 1179 811 [vs
1202 773 1265 811 194
1290 773 1424 803 dicitur:
1444 771 1653 803 Sacrificium
1677 771 1750 802 Deo
1775 772 1910 811 spiritus
1931 772 2095 802 contribu-

1118 815 1216 846 latus.
1261 815 1303 845 Et
1324 815 1419 846 Rom.
1446 815 1494 844 12.
1521 819 1582 851 ivs.
1608 814 1649 851 L]
1675 813 1799 844 Offerte
1819 824 1959 854 corpora
1982 820 2095 844 vestra

1117 858 1245 888 hostias
1269 859 1362 889 vivas
1394 864 1455 888 etc.
1501 856 1572 886 Nec
1596 866 1675 887 vero
1699 857 1770 896 ipsa
1793 855 1953 886 laceratio
1978 866 2094 896 corpo-

1119 901 1182 937 ris,
1215 906 1250 930 ut
1272 899 1400 930 Ethnici
1434 900 1608 940 putabant,
1640 905 1690 928 est
1714 898 1930 935 sacrificium,
1957 899 2018 929 sed
2040 908 2096 928 vo-

1117 942 1251 973 luntatis
1286 943 1490 979 obedientia,
1520 952 1579 971 seu
1613 940 1787 971 tolerantia
1810 941 1842 970 in
1865 939 1997 978 dolore,
2025 951 2097 970 cum

1120 985 1248 1026 quidem
1272 983 1423 1015 voluntas
1444 984 1551 1014 Deum
1575 985 1716 1013 intuetur
1741 990 1770 1013 et
1790 983 1869 1024 petit
1892 989 1923 1013 et
1945 988 2098 1022 expectat

1120 1039 1139 1058 a
1157 1027 1229 1057 Deo
1254 1025 1414 1057 auxilium.
1460 1026 1530 1056 Nec
1553 1032 1630 1056 sunt
1653 1025 1818 1056 sacrificia
1840 1027 2021 1055 accersitae
2045 1035 2098 1055 ca-

1121 1069 1294 1106 lamitateS,
1318 1076 1352 1099 ut
1375 1069 1566 1099 sacerdotes
1579 1066 1661 1098 Baal
1684 1066 1851 1098 fodiebant
1874 1077 1934 1098 sua
1947 1077 2099 1108 corpora,

1121 1122 1182 1142 seu
1204 1117 1239 1141 ut
1262 1111 1357 1141 Decii
1379 1121 1417 1141 se
1440 1112 1647 1141 devovebant
1669 1121 1728 1150 pro
1752 1109 1944 1150 Republica.

1208 1178 1248 1208 Hi
1271 1177 1399 1208 furores
1423 1177 1551 1208 Etlmici
1566 1178 1739 1207 damnandi
1763 1183 1792 1208 et
1812 1178 1990 1208 execrandi
2014 1184 2099 1213 sunt,

1123 1221 1182 1250 sed
1211 1219 1349 1250 illiarum
1380 1219 1598 1250 calamitatum
1622 1219 1797 1250 tolerantia
1821 1220 2018 1250 sacrificium
2038 1226 2100 1257 est,

1123 1272 1207 1303 quae
1231 1269 1286 1292 aut
1315 1264 1521 1292 vocationem
1550 1262 1767 1299 comitantur,
1794 1268 1829 1292 ut
1859 1261 1997 1299 Christi,
2022 1262 2100 1292 Pro-

1124 1304 1315 1346 phetarum,
1348 1304 1585 1344 Apostolorum
1610 1310 1641 1334 et
1675 1305 1815 1335 omnium
1847 1306 1973 1344 piorum
2009 1315 2101 1335 aeru-

1122 1357 1217 1377 mnae
1249 1345 1489 1387 professionem
1523 1347 1671 1377 veritatis
1696 1348 1905 1384 comitantes,
1929 1354 1982 1377 aut
2017 1358 2101 1388 quae

1123 1395 1198 1420 sunt
1217 1399 1345 1430 poenae
1367 1395 1545 1430 sequentes
1559 1399 1761 1419 communem
1780 1389 2033 1420 imbecillitatem
2046 1397 2101 1420 aut

1123 1437 1237 1461 nostra
1261 1431 1390 1469 delicta,
1413 1438 1448 1462 ut
1471 1432 1586 1468 morbi,
1610 1430 1769 1472 supplicia
1792 1431 1947 1472 legitima,
1972 1438 2005 1462 ut
2029 1443 2101 1463 cum

1124 1473 1215 1504 fures
1238 1480 1292 1504 aut
1322 1474 1504 1504 homicidae
1533 1473 1703 1514 suppliciis
1735 1473 1934 1504 afficiuntur.
1980 1474 2101 1505 Harum

1123 1516 1326 1546 miseriarum
1349 1516 1555 1546 tolerantiam
1579 1517 1715 1546 dicimus
1738 1516 1807 1547 fieri
1831 1516 2039 1554 sacrificium,
2062 1528 2102 1547 ac

1124 1559 1163 1588 de
1197 1557 1247 1588 his
1283 1559 1398 1589 dicitur
1434 1559 1448 1588 l
1474 1558 1561 1589 Petr.
1588 1559 1615 1589 l.
1651 1561 1713 1597 [vs.
1737 1558 1781 1597 6.]
1812 1558 2002 1599 Paulisper,
2046 1560 2100 1589 ubi

1124 1611 1208 1641 opus
1235 1608 1284 1631 est
1310 1601 1504 1631 contristati.

1209 1669 1264 1699 Sic
1288 1669 1385 1709 igitur
1408 1667 1470 1705 fur,
1490 1679 1563 1699 cum
1586 1669 1715 1699 ducitur
1737 1669 1778 1699 ad
1798 1668 2003 1708 supplicium,
2019 1668 2101 1699 feret

1124 1721 1216 1741 suam
1246 1710 1474 1741 calamitatem.
1534 1711 1674 1741 Primum
1702 1717 1822 1741 statuet
1856 1722 1892 1741 se
1924 1722 1988 1741 non
2021 1721 2101 1742 casu

1124 1752 1262 1783 haerere
1293 1754 1323 1783 in
1350 1753 1412 1783 hac
1446 1763 1565 1792 poena,
1592 1754 1651 1783 sed
1685 1755 1810 1784 sciente
1835 1760 1865 1783 et
1894 1755 2102 1794 permittente

1124 1794 1197 1825 Deo
1218 1801 1310 1825 certo
1335 1794 1483 1825 consilio.
1530 1795 1701 1829 Quonam?
1729 1802 1784 1825 aut
1808 1796 1886 1826 cur?
1930 1796 2015 1830 Quid
2039 1806 2102 1836 ego

1124 1838 1229 1877 magis
1254 1837 1399 1876 plector,
1428 1848 1523 1877 quam
1551 1844 1598 1867 tot
1629 1837 1682 1868 alii
1707 1837 1839 1877 Harpali
1863 1839 1894 1867 in
1918 1837 2003 1868 aulis
2023 1837 2101 1868 mul-

1125 1886 1157 1909 to
1183 1878 1256 1918 plus
1280 1878 1399 1910 furati?
1418 1879 1463 1909 Te
1487 1879 1556 1910 vult
1579 1891 1765 1920 agnoscere
1789 1882 1869 1910 iram
1882 1891 1975 1910 suam
1988 1881 2103 1910 adver-

1124 1931 1182 1952 sus
1206 1927 1384 1961 peccatum,
1409 1927 1440 1952 te
1463 1928 1560 1952 vocat
1583 1923 1624 1952 ad
1647 1923 1886 1962 poenitentiam.
1930 1923 2025 1953 Nunc
2049 1933 2102 1953 co-

1125 1965 1206 2004 gita,
1237 1970 1358 2004 quanta
1388 1963 1482 1994 fuerit
1513 1964 1680 1995 infirmitas
1704 1971 1773 1995 tua:
1802 1964 1964 2004 impulsus
2000 1975 2101 1996 coeca

1126 2006 1300 2045 cupiditate
1330 2005 1469 2036 alienum
1505 2007 1657 2046 rapuisti,
1695 2008 1826 2037 cessisti
1856 2006 2019 2044 Diabolo,
2049 2008 2101 2048 qui

1126 2047 1308 2078 delectatur
1337 2050 1480 2087 pernicie
1510 2048 1692 2083 hominum}
1727 2049 1822 2079 Nunc
1851 2050 1950 2090 igitur
1984 2049 2102 2080 haeres

1126 2091 1157 2120 in
1181 2100 1298 2130 poena.
1343 2091 1414 2121 Nec
1437 2101 1552 2121 rursus
1577 2092 1676 2121 cedas
1699 2090 1854 2129 Diabolo,
1879 2092 1932 2132 qui
1956 2098 1988 2122 te
2011 2102 2102 2131 pror-

1125 2143 1182 2162 sus
1206 2142 1226 2162 a
1248 2132 1321 2163 Deo
1350 2132 1494 2164 avellere
1520 2139 1663 2164 conatur.
1711 2133 1819 2173 lncipe
1842 2143 2027 2175 agnoscere
2052 2135 2102 2164 Fi-

1125 2173 1200 2204 lium
1236 2175 1299 2204 Dei
1330 2175 1435 2206 lesum
1466 2175 1650 2213 Christum,
1679 2182 1711 2206 et
1742 2177 1824 2206 scito
1848 2182 1983 2216 propter
2015 2176 2102 2207 hunc

1126 2223 1156 2246 te
1181 2217 1290 2256 recipi.
1338 2217 1369 2247 Is
1399 2224 1431 2248 te
1454 2218 1679 2249 consolabitur
1703 2219 1764 2248 iam
1787 2230 1873 2249 nunc
1897 2229 2045 2259 quoque,
2069 2225 2102 2249 ut

1124 2258 1284 2289 latronem
1318 2260 1350 2289 in
1379 2270 1488 2290 cruce.
1555 2261 1697 2290 (lbedies
1726 2261 1823 2301 igitur
1852 2261 1944 2298 Deo,
1981 2262 2035 2302 qui
2070 2263 2101 2291 in

1126 2302 1176 2331 his
1198 2300 1335 2340 publicis
1359 2303 1477 2342 poenis
1501 2303 1642 2333 ostendit
1673 2302 1821 2343 exempla
1852 2304 1918 2333 irae
1943 2314 2023 2333 suae
2047 2305 2102 2333 ad-

1127 2354 1242 2374 versus
1271 2351 1409 2383 peccata
1436 2351 1467 2374 et
1507 2344 1755 2375 commonefacit
1783 2345 1942 2379 1101111085,
1977 2352 2012 2376 ut
2048 2357 2101 2376 co-

1125 2388 1243 2426 gitent,
1280 2393 1400 2426 quanta
1431 2388 1471 2416 sit
1498 2386 1628 2417 Diaboli
1664 2386 1800 2425 malitia,
1835 2388 1889 2428 qui
1919 2387 2099 2418 imbecilles

1125 2429 1272 2459 homines
1304 2429 1335 2457 in
1363 2428 1446 2459 tales
1477 2430 1625 2459 miserias
1653 2429 1798 2469 impellit.
1844 2430 1944 2461 Dices
1976 2437 2009 2460 ut
2032 2430 2100 2460 Da-

1125 2469 1203 2501 niel:
1235 2470 1338 2500 Nobis
1363 2470 1528 2509 confusio,
1557 2472 1617 2502 sed
1637 2472 1709 2502 Deo
1733 2473 1895 2503 tribuatur
1920 2474 2100 2502 misericor-

1125 2514 1197 2549 dia,
1228 2513 1282 2553 qui
1313 2513 1344 2543 in
1369 2512 1488 2544 talibus
1514 2513 1716 2554 spectaculis
1744 2525 1810 2545 non
1833 2525 1969 2554 prorsus
1992 2515 2100 2545 abiicit

1847 2574 1896 2597 60*
