2358 2933
104 130 167 162 369

356 221 396 251 Et
419 222 503 252 idem
527 221 720 252 confitentur
750 230 864 251 omnes
890 221 1081 250 sententiae.

106 275 191 306 quae
216 266 338 295 docent
363 273 425 293 nos
452 274 470 293 a
494 263 565 293 Deo
592 262 635 293 ali
661 273 702 293 ac
726 261 865 292 defendi.
912 262 972 292 Ut:
993 262 1081 292 lacta

104 309 146 338 ad
170 307 345 337 Dominum
375 316 486 336 curam
511 311 615 341 tuam,
646 311 677 335 et
700 306 771 345 ipse
794 310 826 334 te
849 306 996 334 enutriet.
1041 304 1081 333 Et

105 350 188 380 haec
211 348 396 388 praesentia
419 347 482 377 Dei
502 349 532 378 in
553 349 652 378 rebus
665 357 725 377 seu
744 347 951 376 conservatio
971 355 1079 375 rerum
1102 340 1104 372 Ι

106 401 172 422 non
193 391 335 420 cernitur
353 390 491 426 rationeJ
515 390 574 420 sed
588 388 651 419 fide
670 389 758 419 cerni
775 389 880 418 debet.
912 388 1020 428 Atque
1037 388 1081 417 ita
1102 405 1103 420 1

106 442 168 463 nos
192 432 334 471 sriptura
359 432 468 468 docet,
491 430 687 461 non.solum
701 431 741 460 de
759 431 946 460 conditione
960 439 1080 466 rerum,

107 475 166 505 sed
191 474 232 503 de
261 478 419 512 perpetua
444 474 706 503 conservatione.
752 473 868 513 Neque
890 470 1081 512 intelligitur

107 521 196 547 recte
220 515 353 551 creatio,
377 515 439 544 nisi
463 515 556 544 etiam
569 514 741 544 credamus
761 520 920 553 perpetuo
935 523 988 542 res
1008 523 1081 543 sus-

106 557 223 589 tentari
253 561 283 586 et
312 557 522 592 conservari,
552 555 752 594 suppeditari
775 560 897 584 motum
922 560 952 584 et
983 556 1081 584 vitam

108 601 207 631 rebus
234 610 252 628 a
276 598 361 628 Deo.
405 598 445 628 Et
468 598 551 628 haec
579 597 661 626 fides
686 602 735 626 est
763 606 864 627 verus
894 595 1080 627 intellectus

106 228 203 253 vante
226 222 310 252 Deo.

109 642 294 677 creationis,
318 650 402 680 quae
421 641 556 679 prodest
575 640 668 669 etiam
688 640 719 668 in
739 639 957 668 invocatione.
993 638 1082 672 Quo-

108 685 205 715 modo
237 684 321 712 enim
351 687 459 721 potest
482 681 643 712 humanus
667 681 793 711 animus
823 686 935 720 petere
966 691 983 710 a
1007 680 1081 709 Deo

109 727 246 760 victum,
270 725 383 759 vitam,
407 724 509 760 vires.
533 722 758 753 defensionem
782 728 842 753 etc.
871 724 932 752 nisi
962 728 1083 752 statuat

108 767 215 797 Deum
239 771 446 805 praesentem
469 767 602 801 adesse,
626 766 821 805 gubernare.
844 763 935 795 alere
956 771 987 794 et
1005 774 1081 794 con-

109 817 245 839 servare
268 807 438 837 naturam?

195 849 415 889 Posteaquam
445 855 552 879 autem
584 859 676 879 mens
708 848 898 879 confirmata
930 854 980 878 est
1003 858 1080 878 vera

110 898 141 922 et
165 898 255 922 recta
278 892 437 921 sententia
461 892 500 922 de
523 890 613 928 Deo,
648 892 688 921 de
720 891 902 927 creatione,
938 900 978 920 ex
1008 890 1080 930 ipso
1102 892 1104 928 ξ

108 934 212 964 verbo
241 933 321 969 Dei;
353 939 431 964 tune
461 939 493 963 et
520 932 599 963 utile
629 939 659 963 et
688 933 866 964 iucundum
891 939 957 969 est,
986 934 1080 962 etiam

109 985 268 1017 quaerere
291 976 429 1015 vestigia
452 975 513 1005 Dei
536 976 567 1004 in
600 980 732 1012 natura,
759 981 790 1005 et
819 975 962 1004 rationes
988 973 1079 1005 colli-

107 1027 198 1059 gere,
222 1027 306 1057 quae
329 1022 489 1048 testantur
511 1026 589 1047 esse
611 1017 729 1047 Deum.
775 1016 873 1046 Certe
897 1018 981 1046 enim
1006 1018 1078 1047 ideo

100 1065 222 1090 natura
248 1064 315 1088 tota
339 1068 445 1089 rerum
476 1059 605 1088 condita
628 1065 694 1088 est.
724 1064 758 1088 ut
782 1058 886 1089 Deum
911 1065 1078 1089 monstret.

106 1100 482 1132 Multaemanifestae⁶⁴i
495 1101 790 1130 demonstrationes
805 1099 915 1142 colligi
928 1106 1079 1140 possunt,

106 1153 192 1184 quae
214 1148 375 1173 testantur
392 1144 546 1174 mundum
565 1153 629 1173 non
652 1144 798 1174 extitisse
811 1153 903 1180 casu,
922 1153 988 1173 non
1001 1142 1078 1172 ferri

107 1195 199 1222 casu,
222 1185 282 1215 sed
306 1185 373 1225 regi
398 1186 505 1215 onmia
528 1192 635 1216 mente
658 1184 767 1226 aliqua
791 1186 950 1215 immensa
973 1191 1004 1215 et
1024 1195 1078 1214 ae-

105 1233 207 1258 terna.
253 1227 328 1257 Ideo
353 1233 382 1257 et
405 1227 528 1258 Paulus
548 1228 589 1257 ad
612 1228 725 1258 Roma.
741 1227 864 1265 [l,20.]
884 1229 1004 1268 inquit:
1033 1228 1079 1257 di-

105 1270 269 1300 vinitatem
292 1270 323 1298 in
354 1276 469 1300 natura
495 1270 653 1309 conspici.
699 1269 739 1298 Et
758 1270 789 1298 in
814 1270 907 1299 Actis
933 1269 1076 1307 [1222]

104 1311 204 1342 multo
217 1310 454 1351 significantius
467 1311 579 1352 inquit.
598 1312 682 1342 adeo
704 1321 805 1351 prope
823 1312 945 1341 adesse
957 1311 1076 1347 Deum,

103 1363 208 1393 paene
229 1359 265 1382 ut
285 1354 436 1383 manibus
461 1355 655 1384 contrectari
685 1354 801 1394 possit.
846 1353 960 1384 Voluit
988 1353 1077 1383 haud

102 1396 200 1426 dubie
223 1393 347 1425 Paulus
370 1395 488 1436 insigni
512 1397 613 1426 verbo
637 1396 694 1431 uti,
714 1401 747 1426 ut
771 1396 928 1426 excitaret
950 1405 1011 1425 nos
1034 1396 1077 1425 ad

102 1437 188 1467 hane
211 1436 469 1477 Philosophiam.
515 1437 614 1468 Addit
644 1438 728 1467 enim
758 1438 877 1468 indicia
900 1438 1075 1468 divinitatis

102 1480 175 1510 ideo
204 1479 373 1520 proposita
392 1489 485 1517 esse,
513 1486 547 1510 ut
569 1479 632 1510 Dei
661 1481 879 1519 praesentiam
908 1480 1075 1510 diseamus

103 1523 134 1552 in
157 1527 270 1552 natura
296 1522 518 1551 considerare.
563 1521 644 1552 Tota
668 1523 765 1563 igitur
783 1532 892 1552 rerum
915 1522 1076 1553 universi-

101 1570 152 1594 tas
176 1564 376 1594 existimetur
399 1573 474 1593 esse
488 1563 736 1594 Sacramentum
759 1565 941 1604 quoddam,
964 1562 1076 1593 w‘deli-

103 1611 165 1643 c-et,
189 1607 264 1646 quia
287 1606 329 1635 sit
350 1606 588 1642 testimonium,
613 1606 700 1646 quod
723 1607 763 1635 sit
786 1605 896 1642 Deus,
920 1606 1009 1646 quod
1035 1606 1077 1635 sit

102 1648 247 1688 sapiens,
272 1648 391 1684 bonus,
413 1649 530 1678 iustus.
575 1647 684 1688 Leges
708 1653 852 1678 motuum
882 1647 1075 1678 coelestium

103 1696 167 1720 tam
195 1688 395 1728 multiplices
426 1696 456 1720 et
480 1695 543 1719 tam
567 1696 693 1727 certae,
718 1699 903 1720 consensus
928 1690 1075 1730 superio-

101 1742 171 1762 rum
196 1737 228 1761 et
248 1730 438 1762 inferiorum
463 1742 648 1771 corporum.
673 1732 763 1761 vices
787 1738 981 1772 temporum,
1009 1732 1074 1761 sin-

102 1772 253 1815 gularum
277 1784 386 1804 rerum
409 1779 545 1803 naturae
564 1774 605 1804 ad
630 1780 738 1804 cemos
765 1774 848 1803 fines
871 1780 970 1814 atque
993 1783 1074 1804 usus

101 1816 292 1852 destinatae,
316 1816 525 1845 conservatio
550 1822 712 1846 certarum
737 1817 941 1856 specierum.
965 1826 1075 1846 nonne

101 1858 180 1888 satis
204 1856 294 1888 clare
313 1856 479 1888 clamitant
502 1857 588 1887 hanc
615 1868 723 1888 rerum
746 1864 895 1888 naturam
919 1868 984 1888 non
1008 1859 1073 1888 exi-

100 1905 187 1931 stere
210 1910 303 1937 casu,
326 1900 385 1929 sed
404 1905 492 1930 certo
518 1899 658 1930 consilio
673 1901 836 1931 conditam
853 1910 928 1930 esse
952 1906 982 1930 et
997 1911 1073 1931 con-

100 1942 247 1973 servan'?
298 1942 365 1972 Sed
399 1944 685 1982 expressissimum
719 1943 892 1983 vestigium
929 1942 990 1973 Dei
1025 1949 1074 1973 est

99 1994 191 2016 mens
214 1983 367 2018 hominis.
387 1990 418 2015 et
440 1985 571 2015 notitiae
594 1985 691 2015 menti
716 1986 908 2024 impressae,
931 1984 1073 2022 honesti.

98 2028 186 2063 iusti,
217 2033 248 2057 et
282 2028 505 2059 conscientiae
533 2034 687 2058 terrores.
734 2028 882 2058 Necesse
911 2034 960 2057 est
989 2030 1073 2058 enim

98 2068 196 2099 aliam
217 2075 357 2099 mentem
382 2080 468 2106 esse,
491 2080 510 2100 a
534 2080 599 2110 qua
616 2070 782 2100 hominum
802 2076 928 2100 mentes
949 2076 979 2100 et
997 2070 1073 2101 illae

99 2112 231 2141 notitiae
255 2117 346 2141 ortae
369 2118 454 2142 sunt.
500 2112 540 2142 Et
571 2123 644 2142 eum
674 2112 816 2143 humana
844 2122 937 2142 mens
966 2118 1073 2143 teneat

99 2154 287 2184 discrimina
311 2155 450 2184 iustitiae
473 2161 503 2184 et
525 2155 715 2191 iniustitiae.
745 2165 888 2185 neeesse
914 2161 963 2185 est
987 2162 1018 2185 et
1041 2156 1073 2185 in

98 2195 154 2226 illa
172 2202 305 2226 aeterna
316 2202 424 2226 mente
443 2198 633 2237 sapientiam
654 2203 683 2227 et
701 2198 854 2228 iustitiam
869 2207 954 2227 esse.
991 2197 1073 2227 sunt

99 2239 197 2279 igitur
219 2238 382 2269 humanae
405 2245 529 2269 mentes
556 2240 715 2280 imagines
741 2241 900 2280 quaedam
925 2240 1073 2270 divinita-

98 2282 158 2318 tis,
180 2287 254 2318 aut,
282 2287 315 2311 ut
338 2282 381 2311 ita
404 2281 529 2318 dicam,
553 2281 706 2321 specula,
730 2283 761 2312 in
786 2283 905 2323 quibus
930 2288 1073 2313 contem-

98 2322 181 2363 plari
201 2324 396 2354 divinitatem
422 2325 590 2354 debemus.
636 2324 759 2355 Iudicat
777 2325 998 2363 praesentiam
1011 2324 1073 2354 Dei

100 2372 131 2396 et
160 2364 293 2405 politica
322 2367 464 2397 societas
496 2367 626 2407 generis
655 2366 798 2396 humani.
843 2366 955 2397 Palam
985 2367 1072 2397 vide-

100 2417 172 2438 mus
195 2409 331 2447 imperia
353 2419 417 2439 non
443 2419 559 2449 posse.v
589 2409 650 2438 nisi
675 2409 784 2438 divina
809 2419 889 2449 ope,
919 2410 1072 2440 constitui

102 2544 147 2570 54)
166 2544 328 2575 manifestae}
348 2545 389 2568 Ed.
411 2546 430 2569 l.
449 2545 592 2569 manifeste.

254 2602 370 2621 memmi.
386 2602 452 2622 oren.
467 2602 516 2621 voi.
532 2602 579 2622 xxi,

551 129 573 158 1.
597 128 697 159 LOCI
720 127 994 159 THEOLOGICI:
1019 129 1054 159 C.
1080 127 1289 159 SECUNDA
1312 126 1467 157 EORUM
1491 126 1646 157 AETAS.

2036 122 2098 154 370

1125 230 1164 249 ac
1189 220 1329 249 retineri.
1376 217 1535 248 Videmus
1564 217 1748 247 homicidas
1780 223 1810 246 et
1840 224 1997 256 tyrannos
2022 216 2099 244 divi-

1124 262 1210 291 nitus
1235 261 1275 291 ad
1299 270 1436 300 poenam
1458 261 1538 299 rapi.
1583 258 1703 289 Adhuc
1724 257 1810 288 lucet
1830 259 1861 287 in
1885 259 1964 298 ipsis
1988 257 2099 287 menti-

1124 305 1187 333 bus
1210 304 1321 332 notitia
1349 301 1434 342 legis
1460 302 1500 331 de
1526 301 1616 338 Deo,
1647 301 1736 340 quod
1755 301 1794 329 sit
1814 299 1924 337 Deus.
1949 300 2036 340 quod
2060 299 2100 327 sit

1124 346 1241 375 iustus.
1287 344 1377 374 Haec
1401 345 1511 373 notitia
1537 350 1626 373 esset
1650 341 1845 378 clarissima,
1869 343 1896 371 si
1910 348 2030 372 -natura
2043 339 2100 369 ho-

1124 388 1218 416 minis
1244 396 1310 416 non
1329 385 1463 415 haberet
1483 386 1633 415 morbum
1650 385 1796 425 originis.
1843 383 1873 413 ls
1893 394 1957 414 non
1971 383 2101 423 quidem

1125 428 1232 459 lucem
1264 427 1352 457 illam
1378 428 1517 457 divinam
1547 428 1578 456 in
1603 427 1717 456 animis
1741 427 1863 456 nostris
1887 435 2023 466 prorsus
2048 434 2102 454 ex-

1126 472 1235 505 tinxit,
1259 476 1366 499 manet
1391 470 1476 499 enim
1496 468 1605 508 aliqua
1630 469 1740 498 notitia
1761 467 1844 508 legis
1866 475 2018 503 naturae„
2043 465 2103 495 sed

1126 518 1234 543 tamen
1253 511 1427 552 caliginem
1452 511 1615 551 quandam
1626 511 1672 549 ⁵⁵)
1698 510 1810 540 offudit
1832 511 1949 540 animis
1968 509 2102 539 morbus

1127 555 1273 594 originis.
1319 554 1414 583 Nunc
1442 554 1504 592 piis
1533 552 1641 582 danda
1672 559 1722 581 est
1751 562 1869 591 opera.
1903 553 2043 592 primum
2070 554 2104 578 ut

1127 598 1229 626 verbo
1254 595 1316 625 Dei
1344 596 1460 625 iterum
1483 594 1665 624 accendant
1688 592 1776 623 illam
1795 595 1956 631 notitiam,
1987 590 2105 624 deinde

1128 639 1223 667 etiam
1258 637 1395 667 reddant
1424 635 1653 671 illustriorem,
1683 636 1835 666 adhibitis
1866 638 1988 677 signis.
2018 647 2102 676 quae

1127 686 1202 710 sunt
1225 680 1385 719 impressa
1411 684 1555 708 natm-ae.
1601 677 1720 718 Ingens
1741 679 1908 708 barbaries
1933 684 1993 708 est.
2012 677 2102 708 nolle

1127 728 1249 752 tantum
1281 722 1312 750 in
1342 727 1456 751 natura
1492 719 1601 750 lumen
1631 721 1792 759 aspicere.
1838 721 1891 750 Ad
1918 721 2000 751 haec
2028 730 2102 750 cum

1127 764 1220 794 Deus
1243 764 1315 803 ipse
1334 763 1444 792 invitet
1463 772 1525 792 nos
1543 763 1585 791 ad
1604 762 1691 792 hanc
1710 761 1975 803 Philosophiam,
1994 762 2101 805 profe-

1128 813 1180 837 cto
1189 816 1253 835 non
1265 812 1312 835 est
1324 804 1520 845 negligenda
1532 815 1540 839 ς
1552 805 1745 844 praesertim
1758 816 1831 835 cum
1844 805 2017 844 plurimum
2026 818 2101 837 con-

1127 849 1224 878 ducat
1253 848 1294 877 ad
1315 837 1521 887 disciplinam
1548 852 1577 876 et
1601 847 1704 886 prosit
1727 848 1885 878 moribus.
1931 848 2100 879 Emiscitat

1127 886 1217 921 enim'
1234 896 1264 919 et
1285 890 1455 919 confirmat
1479 889 1511 917 in
1535 889 1651 918 animis
1675 887 1868 929 religionem
1893 896 1922 920 et
1942 890 2099 921 honestas

1126 933 1297 971 opiniones
1321 932 1362 961 de
1381 931 1567 971 praesentia
1586 941 1625 961 ac
1644 932 1763 961 iustitia
1776 931 1849 961 Dei.
1885 932 1979 962 Fiunt
1990 938 2098 963 autem

1125 974 1301 1005 illustriora
1326 974 1409 1003 haec
1439 973 1576 1009 indicia,
1607 979 1636 1002 et
1660 973 1795 1012 propius
1810 974 1856 1013 ⁶⁶)
1887 975 2098 1013 aspiciuntur,

1126 1027 1199 1047 cum
1218 1016 1391 1046 adhibetur
1414 1025 1494 1045 vera
1511 1014 1725 1055 physicorum
1745 1015 1901 1045 doctrina.
1947 1016 1987 1046 Et
2003 1015 2099 1056 plura

1125 1058 1261 1089 offerent
1285 1068 1321 1087 se
1347 1057 1484 1097 vestigia
1509 1057 1683 1087 divinitatis
1708 1057 1776 1094 his,
1800 1058 1854 1097 qui
1881 1059 2028 1088 studiose
2052 1058 2098 1088 in-

1125 1102 1255 1140 quirunt
1275 1106 1304 1129 et
1329 1100 1536 1130 considerant
1562 1106 1728 1129 naturam.
1752 1106 1781 1129 et
1801 1100 1976 1138 prudenter
1994 1099 2097 1140 philo-

1124 1142 1317 1182 sophantur.
1362 1141 1534 1181 Epicuraei
1554 1140 1629 1171 facti
1657 1148 1731 1171 sunt
1751 1141 1855 1175 ἄθεοι,
1887 1143 1962 1182 quia
1987 1152 2098 1172 corru-

1122 1190 1239 1225 perunt
1264 1184 1440 1224 Physicen.
1486 1183 1529 1213 At
1560 1182 1644 1213 alios
1674 1184 1729 1223 qui
1758 1189 1847 1213 recte
1878 1183 2095 1223 philosophati

1123 1232 1217 1263 sunt.
1252 1233 1366 1256 natura
1401 1227 1470 1265 ipsa
1502 1226 1633 1255 deduxit
1663 1226 1705 1255 ad
1735 1225 1819 1255 hane
1845 1225 1967 1263 lucem,
2002 1231 2035 1256 ut
2067 1231 2098 1254 et

1123 1269 1316 1309 agnoverint
1336 1277 1411 1298 esse
1424 1267 1543 1304 Deum.
1563 1274 1593 1297 et
1613 1267 1697 1297 hanc
1717 1273 1865 1297 naturam
1884 1268 1955 1308 regi
1975 1273 2006 1297 et
2019 1276 2096 1297 eon-

1123 1312 1249 1341 servari
1269 1311 1422 1341 divinitus
1443 1310 1678 1340 contenderint.
1708 1309 1826 1339 Extant
1845 1309 2096 1340 honestissimae

1123 1353 1360 1393 disputationes
1379 1353 1411 1381 in
1425 1351 1510 1382 hanc
1530 1353 1723 1382 sententiam
1735 1352 1821 1391 apud
1835 1350 2096 1391 Xenophontem,

1122 1397 1175 1435 qui
1204 1406 1279 1425 cum
1305 1393 1405 1425 multa
1430 1400 1623 1435 argumenta
1647 1393 1796 1434 collegit,
1825 1395 1955 1424 tandem
1982 1392 2096 1432 inquit,

1123 1447 1163 1467 ex
1181 1436 1231 1467 his
1251 1436 1373 1476 liquide
1392 1443 1555 1473 constare,
1575 1437 1663 1476 quod
1686 1446 1752 1465 non
1765 1436 1924 1466 extiterint
1936 1445 1989 1465 res
2003 1444 2096 1471 casu,

1122 1481 1182 1510 sed
1201 1480 1289 1519 quod
1309 1479 1450 1509 mundus
1475 1479 1515 1508 sit
1536 1478 1700 1519 opificium
1725 1480 1816 1517 σοφοῦ
1826 1490 1902 1513 τινος
1924 1477 2096 1516 δημιουργοῦ

1122 1524 1172 1551 καὶ
1194 1521 1403 1560 φιλοζιόουόἳ).
1445 1519 1649 1551 Dulcissima
1667 1518 1815 1560 profecto
1839 1519 2015 1559 descriptio
2036 1523 2095 1554 est,

1123 1564 1209 1604 quod
1240 1563 1347 1593 Deum
1377 1569 1475 1593 vocat
1505 1563 1707 1594 conditorem
1741 1562 1950 1602 φιλόζωονὸὃ).
2007 1560 2096 1590 Vidit

1122 1606 1206 1635 enim
1225 1606 1268 1635 ad
1285 1615 1382 1635 usum
1401 1604 1567 1635 hominum
1581 1605 1689 1634 omnia
1707 1604 1837 1634 condita
1850 1613 1937 1640 esse,
1955 1603 2095 1642 ideoque

1120 1647 1194 1678 Deo
1222 1657 1322 1678 curae
1347 1657 1422 1677 esse
1453 1646 1614 1677 homines.
1669 1645 1736 1675 Iam
1755 1655 1911 1685 quorsum
1940 1645 2095 1675 attinebat

1120 1689 1228 1719 Deum
1266 1696 1330 1719 tasn
1367 1689 1462 1719 anxie
1500 1688 1672 1718 elaborare
1707 1688 1738 1717 in
1774 1687 1904 1717 homine
1938 1686 2093 1722 iuvando,

1119 1733 1251 1765 tuendo.
1271 1732 1431 1768 ornando,
1454 1732 1482 1761 si
1501 1736 1622 1761 tantum
1641 1730 1683 1760 ad
1701 1728 1765 1759 hoc
1785 1730 1936 1769 exiguum
1955 1728 2093 1767 spatium

1120 1776 1205 1804 vitae
1225 1772 1407 1812 corporalis
1432 1773 1551 1803 conditi
1577 1781 1743 1807 essemus.
1772 1769 1982 1809 Xenophonti
2005 1768 2094 1800 lueet

1119 1818 1150 1846 in
1175 1823 1290 1846 natura
1310 1826 1429 1851 rerum„
1448 1814 1510 1845 Dei
1530 1824 1606 1854 erga
1628 1824 1689 1844 nos
1713 1815 1938 1852 φιλανθρωπία.
1984 1811 2094 1845 Quare

1121 1865 1150 1889 et
1180 1868 1240 1888 nos
1277 1857 1454 1888 Christiani
1484 1863 1631 1887 naturam
1661 1856 1877 1894 aspiciamus,
1905 1859 1936 1883 et
1965 1854 2009 1883 ibi
2030 1852 2093 1882 Dei

1120 1901 1338 1941 praesentiam
1364 1905 1394 1929 et
1414 1900 1644 1939 benignitatem
1671 1907 1750 1937 erga
1775 1907 1836 1926 nos
1867 1901 2092 1926 contueamur.

1120 1943 1191 1973 Hoc
1211 1943 1352 1972 studium
1375 1940 1473 1971 valde
1491 1941 1625 1980 prodest
1647 1940 1688 1970 ad
1714 1937 1936 1977 disciplinam,
1963 1943 1993 1967 et
2017 1946 2093 1967 con-

1119 1986 1223 2015 firmat
1241 1986 1273 2015 in
1293 1984 1408 2014 animis
1429 1985 1533 2014 bonas
1553 1988 1583 2012 et
1602 1983 1672 2022 pias
1692 1982 1873 2020 opiniones,
1902 1980 1969 2010 Sed
1988 1985 2093 2009 tamen

1118 2029 1202 2058 haee
1225 2025 1440 2065 Philosophia
1464 2025 1609 2066 regenda
1639 2031 1688 2054 est
1715 2024 1817 2052 verbo
1847 2021 1919 2052 Dei.
1965 2020 2093 2050 Deinde

1118 2080 1239 2111 magna
1258 2070 1362 2109 pietas
1383 2074 1443 2104 est,
1464 2067 1623 2098 creaturis
1643 2066 1691 2096 sie
1714 2066 1770 2099 uti.
1790 2070 1823 2094 ut
1842 2074 1900 2104 per
1919 2072 1975 2092 eas
1994 2061 2092 2102 glori-

1119 2112 1254 2143 ficemus
1275 2111 1394 2147 Deum,
1418 2116 1448 2140 et
1470 2114 1688 2140 monstremus
1708 2108 1738 2136 in
1758 2106 1809 2136 his
1828 2106 2003 2136 bonitatem
2022 2104 2092 2133 eius

1119 2166 1158 2185 ac
1182 2154 1413 2194 praesentiam,
1433 2158 1463 2182 et
1481 2161 1620 2192 agamus
1647 2151 1675 2180 ei
1695 2150 1827 2189 gratias.
1873 2147 1964 2177 Haec
1989 2146 2093 2175 obiter

1119 2198 1193 2233 dixi,
1208 2203 1241 2227 ut
1254 2196 1442 2226 indicarem.
1464 2199 1624 2234 quatenus
1644 2192 1721 2222 mihi
1740 2189 1868 2230 placeat
1887 2189 1970 2219 haec
1983 2185 2092 2217 Philo-

1119 2239 1235 2280 sophia
1267 2239 1306 2268 de
1331 2236 1580 2268 considerandis
1610 2234 1755 2274 vestigiis
1783 2232 1956 2262 divinitatis
1987 2231 2018 2259 in
2037 2238 2092 2258 na-

1118 2289 1200 2317 tura„
1225 2287 1254 2311 et
1273 2281 1314 2310 ad
1334 2290 1405 2309 eam
1424 2279 1590 2309 studiosos
1610 2277 1811 2307 adhortarer.

1119 2410 1164 2437 55)
1185 2407 1323 2438 quandam]
1344 2407 1484 2431 omittunt
1503 2404 1596 2429 Eclz'tt.
1618 2405 1640 2428 8.
1665 2403 1770 2427 11—13.
1791 2408 1813 2425 c.
1836 2401 1895 2430 Opp.

1120 2445 1165 2468 56)
1186 2443 1274 2467 indicia
1305 2445 1329 2465 et
1355 2440 1470 2470 propius}
1490 2440 1524 2464 sic
1544 2439 1615 2462 Editt.
1638 2438 1658 2461 1.
1685 2438 1707 2461 4.
1727 2438 1749 2461 5.
1770 2437 1804 2460 9.;
1833 2434 1904 2458 Editt.
1925 2434 1946 2456 2.
1967 2431 2041 2455 5—8.
2063 2430 2088 2453 11

1190 2477 1255 2500 —14
1277 2477 1300 2499 et
1321 2476 1394 2504 Opp.:
1416 2474 1519 2497 iudicia.
1540 2476 1563 2496 et
1584 2472 1708 2501 proprius.

1119 2512 1165 2539 57)
1184 2510 1340 2539 chophont.
1360 2509 1460 2532 Memor.
1479 2508 1547 2531 Socr.
1569 2506 1585 2530 Ι.
1604 2506 1628 2529 4.
1647 2506 1670 2528 7.

1118 2546 1164 2571 53)
1185 2540 1327 2574 ᾳιλόζωον]
1349 2542 1389 2566 Ed.
1407 2542 1443 2565 ιι.
1464 2541 1546 2564 maie:
1565 2537 1700 2570 (ptldfwms
