2358 2933
255 128 296 157 a

298 139 318 158 C.

890 130 999 161 Pffll..
1023 130 1124 161 MEL.
1145 131 1330 164 scmPTA
1347 133 1622 166 DOGMA'HCA.
2184 139 2248 172 556

1251 232 1255 281 Ι
1278 237 1343 266 quo
1366 225 1474 257 foetus
1497 226 1603 258 alitur.
1639 227 1689 258 Ac
1708 229 1845 269 primum
1865 230 1994 270 quidem
2015 240 2053 261 ex
2074 232 2247 273 coagulato

1252 282 1255 319 ἱ
1279 270 1436 309 sanguine
1465 269 1558 309 11167)
1588 279 1682 310 epar,
1711 276 1741 301 et
1772 281 1812 301 ex
1840 272 1963 303 semine
1992 282 2077 303 vena
2107 283 2188 304 cava
2215 275 2247 306 in

1253 323 1255 350 4
1279 318 1384 350 epate,
1407 312 1526 342 deinde
1549 321 1606 342 cor
1629 322 1669 342 ex
1693 311 1848 344 calidiore
1871 315 2041 356 sanguine,
2065 320 2095 345 81
2114 316 2247 356 spiritus

348 346 436 376 Sicut
473 353 578 375 antem
613 344 742 377 laudavi
776 347 920 387 politiam
955 350 1167 380 nnmdanam.
1202 357 1231 381 et
1254 356 1255 372 ³
1278 352 1404 391 vitalis,
1434 361 1463 384 et
1495 364 1533 384 ex
1558 355 1681 385 semine
1703 356 1854 393 arteriae,
1878 356 1994 388 deinde
2018 367 2058 387 ex
2082 364 2248 397 praestan-

260 389 322 417 dixi
348 385 619 417 assuefaciendus
640 399 716 418 esse
737 391 874 427 animos,
898 398 930 420 ut
955 392 996 422 de
1019 401 1055 421 ea
1081 401 1232 423 reveren—
1254 408 1256 436 2
1277 396 1402 426 tissima
1431 397 1563 427 seminis
1592 403 1684 437 parte
1714 398 1886 428 cerebrum
1909 408 1949 429 ac
1972 401 2081 437 nervi,
2113 409 2152 430 ex
2175 410 2248 431 san·

261 437 308 459 ter
332 431 471 459 sentiant
497 439 633 470 eamque
653 440 757 461 ament
779 438 808 462 et
830 443 948 463 ornare
971 444 1010 463 ac
1034 443 1232 466 conservare
1277 438 1386 478 guine,
1409 440 1463 479 qui
1485 438 1667 477 attrahitur,
1691 449 1780 469 caro.

259 473 345 501 (1111111
370 470 466 501 oflicii
492 482 614 512 genere
637 474 807 505 studeant.
831 476 874 505 ita
898 481 928 505 et
952 475 1094 515 politiam
1118 476 1232 507 Eccle—
1254 495 1257 524 Ι
1364 480 1445 511 sum
1474 482 1572 522 igitur
1602 491 1706 512 venae
1736 480 1825 512 alant
1859 479 1997 520 foetum,
2031 483 2139 524 imago
2173 490 2249 515 sunt

259 514 427 544 siasticnm
462 523 500 543 ex
535 515 642 544 animo
677 523 707 546 et
741 526 865 549 summa
900 518 1019 557 pietate
1053 528 1162 549 amare
1192 530 1232 550 ac
1255 539 1256 543 =
1277 523 1448 553 ministerii
1473 523 1625 554 divinitus
1651 523 1799 554 ordinati.
1845 523 1927 554 Nam
1950 524 2132 566 Evangelio
2156 536 2248 568 rege·

259 557 409 586 venerari
430 556 595 587 debemus.
631 556 725 588 Duae
745 566 850 589 autem
870 566 944 590 sunt
969 567 1079 600 partes
1102 560 1233 601 politiae
1278 571 1435 596 nei-antur
1457 572 1487 595 et
1510 565 1640 596 aluntur
1662 567 1714 606 pii.
1756 565 1782 596 C
1786 565 1899 597 borion
1925 567 2085 607 significat
2102 567 2248 607 politiam

428 254 485 283 DF.
510 254 680 284 POLlTlA
705 253 1059 287 EchEslAsTwA.

260 596 525 628 Ecclesiasticne.
562 597 674 629 Altera
699 608 746 631 est
772 602 982 633 ministerium
1007 604 1158 634 divinitus
1183 614 1233 634 or-

261 641 421 671 dinatum:
445 639 546 671 altera
571 648 619 671 est
644 642 761 680 ειῖπιξία
782 645 957 675 constituta
980 644 1154 676 Ecclesiae
1177 657 1233 677 au—

260 683 400 712 toritate.
448 682 499 713 De
527 684 706 714 ministerio
730 686 883 716 divinitus
913 687 1061 717 ordinato
1093 689 1157 719 dixi
1181 699 1233 719 su-

261 735 328 764 pra.
373 725 424 755 Ad
456 725 487 755 id
517 727 677 765 pertinent
707 726 806 758 haec:
839 729 926 768 quod
956 728 1105 760 Ecclesia
1135 731 1231 761 habet

259 767 445 797 mandatum
482 769 620 799 vocandi
655 778 713 799 seu
748 770 917 801 ordinandi
952 772 1137 809 ministros,
1179 774 1232 814 qui

260 808 390 849 publice
413 810 552 839 doceant
578 809 792 852 Evangelinm
816 819 845 842 et
870 813 1094 844 administrent
1115 814 1233 846 Sacra-

259 858 386 882 menta.
413 852 464 891 qni
487 853 677 883 annuntient
699 854 921 885 remissionem
942 863 1151 896 peccatorum
1169 859 1233 888 sin-

260 893 346 934 gulis
375 901 428 924 aut
454 893 580 924 multis:
616 895 704 931 item,
728 897 813 936 quod
837 896 990 928 Ecclesia
1014 898 1111 929 habet
1140 900 1234 930 iuris-

260 936 444 972 dictionem.
470 942 501 966 ut
527 946 546 966 a
570 939 795 969 communione
814 945 924 970 arceat
943 950 1014 978 eos,
1038 942 1091 982 qui
1114 942 1145 972 in
1169 952 1234 972 ma-

260 977 387 1008 nifestis
413 977 543 1019 flagitiis
566 986 750 1011 versantur.
797 980 934 1014 Constat
958 989 1064 1014 antem
1089 991 1120 1014 et
1144 985 1234 1015 mini-

259 1021 395 1051 sterium
414 1019 579 1061 publicum
600 1023 752 1053 divinitus
772 1024 953 1055 ordinatum
973 1035 1060 1063 esse,
1079 1033 1113 1056 ut
1126 1025 1233 1057 Evan-

260 1061 380 1104 gelium
416 1064 446 1093 in
476 1064 570 1093 terris
600 1073 832 1103 conservetur,
867 1073 897 1097 et
932 1077 991 1107 per
1020 1067 1233 1110 Evangelium

259 1105 356 1136 nobis
392 1105 536 1136 exhiberi
571 1113 704 1137 aeterna
740 1109 841 1145 bona.
876 1110 1046 1148 iustitiam,
1081 1112 1233 1151 Spiritum

260 1155 410 1178 sanctum
436 1155 466 1178 et
491 1149 589 1179 vitam
614 1156 797 1182 aeternam:
826 1152 908 1183 sicut
932 1159 962 1183 et
987 1152 1110 1184 Paulus
1134 1154 1234 1195 inquit

261 1189 370 1228 [Rom.
402 1190 430 1227 l,
469 1191 551 1228 163:
584 1189 799 1233 Evangelium
834 1201 882 1225 est
917 1196 1062 1235 potentia
1097 1195 1158 1227 Dei
1193 1196 1234 1227 ad

261 1230 400 1262 salutem
424 1234 509 1263 omni
534 1234 688 1265 credenti.
724 1235 764 1266 Et
783 1236 899 1267 1111100
923 1238 1134 1269 ministerium
1159 1249 1234 1269 con-

261 1284 443 1312 servemus,
468 1274 622 1306 coelestis
644 1288 708 1308 vox
734 1279 867 1320 imperat
893 1280 933 1310 de
950 1279 1081 1311 Christo
1106 1280 1233 1318 matth.

263 1318 313 1355 17,
336 1317 398 1354 5.1:
428 1317 489 1348 Hic
513 1325 560 1348 est
588 1318 674 1350 filius
698 1331 789 1351 meus
814 1321 971 1360 dilectus,
1004 1321 1091 1353 hunc
1116 1324 1233 1354 audite.

262 1359 371 1395 Quare
401 1370 514 1391 omnes
538 1361 685 1393 homines
709 1373 833 1394 summa
857 1365 976 1405 pietate
999 1367 1147 1396 venerari
1170 1365 1234 1397 hoc

261 1403 474 1433 ministerium
499 1405 628 1442 debent,
653 1412 683 1435 et
704 1406 782 1436 dare
799 1417 942 1447 operam,
965 1414 998 1437 ut
1020 1415 1236 1439 conservetur

262 1452 292 1476 et
318 1452 462 1476 ornetur.
508 1445 658 1477 Psalmus
682 1449 783 1489 inquit
807 1449 878 1487 [Ps.
898 1449 970 1487 117,
995 1450 1075 1488 19.]:
1100 1451 1235 1491 Aperite

262 1495 391 1528 portas,
415 1489 598 1529 principes.
624 1497 771 1529 vestras,
795 1498 824 1521 et
847 1492 990 1522 introibit
1014 1503 1072 1523 rex
1097 1492 1234 1535 gloriae.

262 1530 423 1571 Praecipit
442 1532 592 1562 omnibus
613 1534 764 1574 gentibus
787 1540 887 1575 atque
909 1533 1106 1573 hominibus,
1124 1542 1156 1567 ut
1179 1536 1235 1566 mi-

262 1574 430 1604 nisterium
454 1573 625 1616 Evangelii
653 1576 821 1606 admittant
845 1583 875 1607 et
900 1585 1117 1614 conservent,
1147 1579 1235 1619 quod

262 1617 322 1647 etsi
346 1617 484 1647 maxima
508 1627 585 1657 pars
609 1617 773 1649 hominum
794 1617 912 1649 leviter
935 1626 1038 1658 curat,
1062 1619 1116 1651 vel
1139 1621 1235 1651 etiam

263 1660 455 1696 contemnit,
485 1666 590 1690 tamen
621 1661 760 1691 docendi
788 1668 862 1692 sunt
889 1662 951 1702 pii,
979 1661 1087 1693 Deum
1110 1662 1234 1694 nullum

262 1700 405 1732 officium
441 1702 545 1743 magis
583 1704 767 1744 requirere,
807 1715 904 1745 quam
939 1704 1034 1735 huius
1068 1706 1236 1736 ministerii

264 1745 561 1775 conservationem.
596 1745 668 1777 Hoc
692 1748 905 1788 margaritum
929 1753 990 1784 est,
1014 1749 1102 1788 quod
1126 1748 1236 1779 vendi-

263 1788 302 1817 tis
327 1787 477 1817 omnibus
502 1788 601 1818 rebus
625 1798 816 1829 comparare
839 1790 934 1820 nobis
959 1790 1128 1821 debemus.

349 1828 587 1861 conservanda
616 1837 665 1861 est
689 1838 795 1862 autem
825 1839 855 1862 et
879 1831 981 1863 altera
1003 1843 1098 1873 pars,
1126 1831 1237 1863 videli-

265 1879 315 1903 cet
347 1872 465 1910 εὐταξία
493 1874 683 1904 necessaria
706 1873 879 1905 Ecclesiae
908 1875 949 1905 ad
978 1874 1183 1916 disciplinam
1208 1881 1237 1906 et

263 1914 544 1956 tranquillitatem:
568 1917 654 1956 quia,
679 1927 752 1947 cum
775 1918 987 1948 ministerium
1011 1918 1163 1948 divinitus
1187 1928 1237 1948 or-

266 1958 408 1988 dinatum
440 1958 556 1988 debeat
586 1968 661 1988 esse
682 1958 849 1999 publicum
877 1966 907 1990 et
937 1966 1119 1998 externum,
1154 1970 1237 2001 opus

266 2006 315 2030 est
352 1998 514 2041 aliquibus
548 2001 700 2031 humanis
730 2002 1001 2033 ordinationibus.
1046 2002 1133 2041 Has,
1164 2003 1238 2044 quia

266 2043 410 2073 serviunt
433 2044 615 2074 ministerio
639 2044 792 2075 divinitus
816 2045 961 2076 instituto
986 2052 1017 2076 et
1039 2052 1175 2086 prosunt
1197 2045 1238 2075 ad

267 2084 471 2126 disciplinam
492 2092 523 2116 et
542 2085 816 2127 tranquillitatem,
841 2088 933 2118 etiam
953 2088 1110 2119 debemus
1128 2097 1238 2118 amare

267 2135 298 2159 et
328 2138 537 2159 conservare.
584 2128 624 2159 Et
654 2130 807 2169 quoniam
831 2130 966 2170 perinde
991 2141 1052 2161 nos
1075 2130 1238 2167 Ecclesia,

266 2177 301 2202 ut
325 2170 420 2201 alvus
443 2169 565 2201 foetum
591 2172 734 2202 continet
756 2182 795 2203 ac
819 2171 923 2210 fovet,
948 2183 1048 2214 saepe
1071 2173 1154 2204 enim
1176 2171 1240 2203 1138

269 2213 476 2244 similitudine
505 2213 692 2254 Prophetae
720 2220 867 2251 utuntur,
902 2215 983 2246 haec
1014 2216 1085 2256 ipsa
1113 2215 1239 2256 pictura

268 2255 377 2286 multis
401 2256 441 2286 de
465 2257 564 2286 rebus
589 2267 650 2286 nos
674 2257 835 2288 admonet.
880 2257 987 2288 Alvus
1010 2257 1100 2289 velut
1123 2257 1240 2289 Eccle-

269 2299 317 2329 sia
349 2304 416 2335 est,
452 2308 555 2328 venae
587 2299 729 2340 undique
759 2300 790 2330 in
819 2298 927 2331 alvum
962 2301 1121 2331 deductae
1155 2306 1241 2337 sunt,

1279 606 1546 637 Ecclesiasticam
1578 617 1636 638 seu
1664 608 1798 645 εὐταξίαν
1821 610 1861 638 ab
1884 608 2035 639 Ecclesia
2058 610 2247 640 institutam.

1279 648 1347 679 Etsi
1367 650 1450 679 enim
1470 657 1646 680 nascentes
1666 650 1742 680 1111111
1763 652 1920 681 sumimus
1943 651 1984 681 ab
2004 650 2065 681 hac
2082 650 2248 692 pellicula,

1278 696 1385 722 tamen
1407 691 1490 722 haec
1508 691 1584 723 alvo
1608 699 1638 722 et
1662 691 1902 734 cotylidonibus
1930 692 2045 734 alligat
2068 692 2193 725 foetum
2216 700 2248 725 et

1279 734 1413 770 retinet,
1444 744 1485 763 ne
1508 735 1672 765 eiiciatur:
1695 746 1734 765 ac
1758 742 1852 775 rupto
1877 734 1988 765 chorio
2011 734 2119 766 foetus
2143 745 2248 777 neque

1279 774 1321 805 ali
1346 785 1452 816 neque
1479 786 1612 806 manere
1639 777 1671 807 in
1693 775 1769 807 alvo
1792 783 1910 818 potest.
1956 777 2002 807 lta
2026 779 2248 809 ordinationes

1278 817 1440 848 humanae
1463 818 1597 855 dierum.
1620 817 1780 857 locorum,
1805 826 1835 849 et
1854 818 1989 856 similes,
2011 821 2070 850 etsi
2090 830 2156 850 non
2175 826 2249 851 511111

1278 859 1340 889 1138
1364 860 1492 900 quidem
1510 861 1628 900 pietas,
1651 867 1757 891 tamen
1779 860 1906 892 vincula
1926 866 2012 898 sunt,
2037 872 2120 903 quae
2137 863 2249 893 adiun-

1280 908 1359 943 gunt
1384 912 1444 932 nos
1466 903 1622 933 ministris
1645 902 1829 944 Evangelii,
1852 913 1910 943 per
1932 902 1993 933 has
2016 904 2249 941 ordinationes,

1278 943 1369 974 velut
1398 943 1544 982 cotulae,
1579 944 1820 986 amplectuntur
1847 955 1908 976 nos
1932 945 2097 976 doctores.
2143 945 2251 977 Habet

1279 996 1372 1017 suum
1404 988 1541 1028 quisque
1565 998 1719 1030 gregem:
1751 987 1913 1018 Tenemus
1937 993 2027 1018 certa
2049 986 2143 1024 loca,
2171 994 2250 1019 tem-

1278 1038 1359 1069 pora
1382 1030 1533 1060 audiendi
1555 1029 1736 1072 Evangelii.
1782 1030 1841 1060 His
1866 1028 2004 1062 vinculis
2028 1031 2131 1070 ruptis
2155 1030 2249 1061 dissi-

1279 1076 1374 1111 patur
1403 1081 1442 1102 38
1466 1071 1662 1103 dilaceratur
1683 1071 1854 1110 Ecclesia,
1884 1083 1946 1103 1188
1970 1071 2013 1103 ali
2034 1071 2172 1113 amplius
2193 1082 2250 1113 po-

1279 1119 1359 1149 test3
1388 1124 1454 1144 non
1474 1115 1558 1145 enim
1582 1116 1741 1156 attingunt
1765 1113 1885 1146 alumni
1909 1124 2028 1151 venas,
2051 1115 2169 1155 quibus
2191 1125 2250 1146 nu-

1279 1156 1429 1193 triuntur,
1452 1156 1516 1187 hoc
1540 1164 1602 1194 est,
1625 1168 1691 1188 non
1714 1163 1789 1188 sunt
1814 1158 1904 1194 certi,
1927 1157 1987 1187 rite
2010 1157 2119 1187 vocati
2138 1157 2251 1188 docto—

1279 1208 1344 1235 res,
1368 1197 1459 1230 nulla
1481 1200 1639 1230 autoritas
1663 1205 1714 1230 est
1737 1200 1934 1236 docentium,
1960 1197 2051 1229 nulla
2068 1199 2252 1230 auditorum

1280 1239 1468 1280 disciplina;
1492 1251 1553 1272 nec
1576 1243 1646 1283 regi
1666 1252 1725 1272 nec
1746 1241 1913 1272 coherceri
1932 1241 2081 1272 homines
2100 1246 2251 1282 possunt.

1279 1282 1319 1313 Et
1342 1284 1426 1323 parit
1449 1282 1580 1314 licentia
1608 1284 1733 1314 infinita
1756 1282 1930 1320 scandala,
1959 1284 2107 1314 oriuntur
2129 1289 2252 1321 sectae,

1279 1324 1456 1358 factiones.
1481 1326 1555 1366 quia
1577 1336 1596 1356 a
1620 1327 1706 1357 veris
1731 1327 1840 1362 venis,
1863 1324 1927 1357 hoc
1950 1330 2019 1362 est,
2041 1335 2061 1355 a
2083 1325 2171 1357 veris
2195 1325 2252 1355 do-

1281 1368 1425 1398 ctoribus
1458 1366 1599 1408 populus
1633 1367 1729 1399 facile
1757 1367 1854 1399 avelli
1883 1377 1920 1398 se
1950 1367 2034 1397 sinit.
2083 1366 2129 1398 Ut
2153 1367 2253 1409 igitur

1280 1409 1393 1440 salvus
1417 1420 1492 1441 esse
1515 1409 1623 1441 foetus
1647 1421 1712 1441 non
1735 1416 1859 1451 potest,
1882 1415 1957 1440 ante
1979 1415 2124 1449 tempus,
2155 1415 2253 1449 rupto

1281 1452 1413 1488 chori03
1436 1454 1479 1483 ita
1503 1454 1646 1483 sciamus
1671 1453 1837 1492 dissipatis
1862 1451 2118 1482 ordinationibus
2136 1449 2253 1482 Eccle-

1281 1495 1422 1525 siasticis
1450 1493 1627 1534 periclitari
1662 1495 1758 1525 etiam
1790 1493 1985 1525 Ecclesiam.
2037 1493 2254 1524 Verissimum

1282 1543 1332 1567 est
1361 1538 1462 1574 enim,
1497 1538 1585 1579 quod
1615 1538 1657 1567 ait
1688 1537 1821 1576 sapiens
1855 1542 1953 1576 poeta
1987 1534 2173 1576 Sophocles
2188 1536 2253 1576 ⁶⁷³)

1282 1579 1354 1618 αἰάρ
1356 1584 1425 1618 χίας
1436 1579 1492 1621 γὰρ
1503 1580 1602 1617 μεῖζον
1615 1579 1666 1609 οὐκ
1677 1581 1754 1610 ἔστιν
1766 1579 1863 1609 κακόν.
1886 1578 1927 1609 Et
1939 1588 2004 1619 quo
2012 1577 2087 1618 plus
2099 1578 2254 1608 momenti

1282 1628 1332 1653 est
1349 1622 1381 1652 in
1398 1621 1450 1652 his
1471 1622 1742 1659 ordinationibuS,
1767 1632 1807 1652 eo
1824 1621 1929 1662 magis
1943 1630 2062 1651 cavere
2074 1619 2252 1650 Pontifices

1282 1665 1435 1705 oportuit,
1460 1675 1501 1695 ne
1520 1665 1659 1695 iniustae
1679 1664 1770 1705 leges
1790 1669 1844 1694 aut
1863 1664 1950 1704 impii
1969 1661 2076 1694 cultus
2095 1662 2253 1693 adderen-

1281 1713 1333 1737 tur
1356 1708 1521 1738 veteribus
1546 1712 1576 1737 et
1601 1707 1695 1737 bonis
1721 1707 1845 1739 ritibus.
1890 1705 1974 1736 Nam
1996 1705 2138 1736 iniustae
2158 1703 2252 1745 leges

1281 1759 1346 1779 non
1370 1755 1445 1780 sunt
1469 1748 1652 1787 durabiles,
1683 1756 1713 1779 et
1741 1754 1849 1780 motae
1871 1746 2073 1779 labefactant
2096 1745 2253 1787 reliquam

1280 1790 1437 1831 politiam,
1461 1792 1544 1822 sicut
1562 1797 1765 1832 apostemata
1783 1790 1929 1822 lacerant
1949 1790 2105 1821 chorium.
2135 1788 2252 1819 Emen-

1283 1835 1364 1865 datis
1388 1835 1486 1875 igitur
1508 1835 1613 1872 vitiis,
1638 1835 1719 1865 ritus
1741 1833 1838 1866 utiles
1861 1842 2006 1864 amemus
2026 1838 2057 1862 et
2075 1840 2252 1862 conserve-

1281 1886 1365 1913 mus.
1388 1877 1581 1917 praesertim
1605 1887 1676 1908 cnm
1700 1875 1822 1907 Paulus
1854 1876 1895 1912 11.
1920 1874 1996 1905 Cor.
2026 1874 2075 1904 14.
2107 1872 2180 1904 Gal.
2207 1872 2252 1912 3.]

1281 1919 1499 1960 praeceperit,
1532 1925 1567 1950 ut
1595 1920 1627 1949 in
1650 1918 1802 1950 Ecclesia
1832 1918 1939 1949 omnia
1969 1917 2047 1947 fiant
2077 1916 2191 1947 ordine
2221 1920 2254 1946 et

1283 1962 1446 1992 decenter.
1492 1961 1532 1992 Et
1560 1962 1765 2003 paedagogia
1793 1961 1865 2001 ipsa
1898 1960 2051 2000 prodest,
2084 1964 2120 1990 ut
2153 1967 2254 1998 saepe

1282 2004 1401 2035 dictum
1425 2010 1486 2034 est.

1367 2046 1451 2077 Nam
1480 2056 1552 2076 cum
1581 2046 1729 2076 audimus
1759 2051 1789 2075 et
1818 2051 1997 2075 tractamus
2025 2041 2253 2084 Evangelium,

1283 2095 1381 2119 vocat
1405 2088 1496 2119 Deus
1525 2087 1649 2119 dociles
1673 2088 1809 2125 animos,
1833 2093 1863 2117 et
1886 2093 1936 2118 est
1960 2085 2078 2117 efficax
2099 2095 2160 2127 per
2181 2095 2253 2115 ver-

1282 2132 1377 2166 bum;
1400 2131 1445 2161 lta
1465 2132 1663 2161 conveniunt
1683 2136 1712 2160 81
1734 2136 1874 2161 8381813.
1904 2129 1949 2159 Ut
1966 2128 2069 2160 fibrae
2087 2127 2253 2159 attrahunt

1282 2173 1523 2210 nutrimentum.
1547 2183 1605 2213 per
1629 2173 1775 2204 chorium
1795 2171 1914 2203 affixae
1932 2170 2187 2213 cotylidonibus,
2208 2170 2252 2200 ita

1283 2225 1346 2246 nos
1374 2225 1504 2257 quoque
1533 2216 1703 2253 docemur,
1739 2222 1768 2246 et
1798 2216 1936 2256 primum
1966 2224 2045 2254 epar
2066 2217 2252 2255 generatur,

1283 2258 1348 2288 hoc
1371 2264 1431 2296 est,
1459 2259 1713 2289 ceremoniarum
1738 2258 1886 2289 doctrina
1909 2262 1940 2287 et
1961 2255 2167 2298 paedagogia
2188 2260 2251 2287 tra-

1285 2300 1384 2336 diturg
1425 2300 1516 2331 Haec
1551 2301 1634 2331 enim
1668 2301 1848 2331 rudimenta
1882 2305 1972 2336 sunt,
2012 2297 2100 2329 velut
2133 2296 2187 2329 lac
2216 2302 2252 2326 >et

270 2351 407 2382 quarum
432 2340 572 2375 orificia.
605 2348 636 2371 (11
668 2341 817 2382 amplecti
841 2341 963 2373 foetum
986 2344 1133 2384 possint,
1167 2340 1262 2373 sunt‘
1284 2344 1423 2384 primum
1451 2343 1679 2373 nutrimentum
1706 2343 1851 2383 pietatis;
1884 2341 2005 2372 Postea
2027 2341 2198 2372 cerebrum
2220 2344 2252 2370 et

272 2382 358 2413 velut
390 2382 501 2424 polypi
531 2383 746 2424 cotylidones.

790 2384 927 2415 Foetum
954 2392 1061 2416 autem
1090 2369 1263 2425 pellicula*

1286 2395 1355 2422 cor,
1378 2384 1441 2416 hoc
1466 2391 1526 2422 est,
1552 2385 1700 2416 doctrina
1722 2385 1797 2416 fidei
1821 2390 1851 2415 et
1868 2394 1953 2415 nova
1971 2384 2037 2414 vita
2055 2389 2087 2414 et
2103 2382 2251 2424 spiritua-

272 2426 463 2462 circumdat,
486 2436 569 2466 quae
592 2426 690 2465 χίριον
712 2433 861 2465 vocatur,
885 2438 981 2468 quam
1005 2425 1263 2468 amplectuntur}
1284 2426 1324 2458 lis
1356 2428 1492 2458 accedit.
1532 2428 1648 2469 Neque
1676 2427 1758 2458 haec
1787 2428 1906 2459 debent
1930 2436 2006 2457 esse
2035 2426 2160 2463 otiosa,
2190 2424 2250 2455 sed

272 2467 497 2505 cotvlidones,
527 2475 559 2498 ut
585 2469 715 2499 retineri
738 2468 846 2500 foetus
871 2471 901 2500 in
925 2477 1019 2501 utero
1040 2471 1156 2511 possit.

1201 2469 1243 2500 Et

272 2503 374 2541 fibrae
403 2520 442 2541 ex
472 2509 626 2541 umbilico
656 2517 747 2541 ortae
770 2522 829 2552 per
853 2512 988 2543 chol-ion
1018 2514 1059 2543 ad
1088 2523 1243 2543 venarum
1285 2524 1331 2551 67)
1358 2523 1394 2553 fit}
1416 2523 1486 2547 Editt.
1509 2523 1545 2545 12.
1568 2522 1605 2545 13.
1624 2524 1674 2553 typ.
1692 2527 1791 2546 errore:
1812 2522 1844 2546 sit

273 2552 397 2583 orificia
417 2553 564 2590 tendunt,
584 2563 667 2593 quae
686 2553 849 2584 attrahunt
870 2556 1061 2596 sanguinem
1081 2565 1121 2586 ex
1140 2557 1244 2593 veniS,
1284 2566 1315 2589 67
1328 2565 1351 2594 a)
1373 2566 1446 2595 soph,
1466 2565 1544 2594 Antig.
1564 2566 1619 2589 572.
1640 2565 1678 2589 ed.
1697 2565 1802 2589 31111101(-
