2358 2933
255 128 318 154 68.»

603 304 887 336 Antithesis.

346 387 410 418 iam
444 387 690 418 consideremus
727 388 855 420 humani
896 391 1026 431 generis
1064 397 1230 422 conturna-

259 430 339 459 ‹iam
363 429 524 459 adversus
543 431 678 467 primum
701 439 930 472 praeceptum,
954 439 987 463 ut
1011 439 1044 464 et
1066 433 1230 464 infirmita-

258 477 320 500 tem
355 477 500 501 nostram
529 482 766 513 agnoscamus,
801 481 832 505 et
855 473 964 515 aliquo
987 475 1085 506 modo
1109 476 1230 506 discer-

258 522 335 543 nere
369 513 491 554 gradus
521 522 736 554 peccatorum
774 523 888 547 contra
923 516 986 548 hoc
1019 523 1228 559 praeceptum

257 555 433 585 discamus.
480 555 607 587 Primus
637 565 686 588 est
710 558 945 598 Epicureorum
968 566 1002 590 et
1014 560 1229 592 Academico-

258 607 337 628 rum.
361 600 414 638 qui
438 605 559 640 negant
581 607 634 630 aut
659 601 817 638 dubitant,
836 612 878 632 an
901 603 943 632 sit
966 601 1076 640 Deus,
1109 612 1151 633 an
1175 613 1229 633 cu-

257 647 305 669 ret
325 638 481 677 humana,
509 651 550 671 an
575 641 638 673 hoc
662 644 815 680 verbum,
845 645 931 685 quod
954 643 1228 682 habetEcclesia.

257 682 296 711 sit
322 683 473 713 traditum
496 694 515 714 a
539 683 622 714 Deo.
668 684 756 715 Talis
779 693 828 716 est
853 692 961 717 autem
983 688 1121 717 maxima
1148 686 1228 718 mul-

257 724 358 755 titudo
382 725 547 756 hominum
566 727 696 767 ubique,
720 738 805 768 quae
827 739 965 768 prorsus
990 739 1031 759 ex
1049 730 1155 759 animo
1175 730 1228 759 de-

257 765 332 797 levit
357 777 483 798 omnem
507 770 732 800 assensionem
763 770 803 800 de
826 770 910 808 Deo,
935 770 1082 812 indulget
1105 771 1228 802 dubita-

257 809 333 839 tioni
364 817 394 840 et
433 819 503 840 eam
538 811 719 842 confirmat.
764 812 907 854 Magnae
942 813 1040 854 igittu·
1073 814 1228 844 tenebrae

257 858 391 882 secutae
425 859 497 882 sunt
534 852 660 893 lapsum
694 854 870 894 primorum
892 862 1079 895 parentum,
1114 861 1147 886 et
1168 854 1228 886 has

258 895 409 925 tenebras
434 901 549 934 postea
574 895 745 926 confirmat
775 895 895 927 malitia
931 897 1096 928 hominum
1119 904 1148 928 et
1173 898 1229 928 ad-

257 938 341 966 iuvat
367 935 540 967 Diabolus„

343 978 513 1009 Secundus
537 980 659 1021 gradus
684 986 733 1011 est
756 991 887 1019 eorum,
917 982 970 1022 qui
994 980 1083 1012 idola
1106 981 1228 1019 colunt,

257 1021 320 1051 hoc
343 1027 405 1057 est,
429 1023 482 1062 qui
506 1021 631 1064 fingunt
657 1022 775 1053 multos
798 1023 907 1061 Deos,
932 1031 963 1054 et
986 1025 1151 1055 diversam
1171 1034 1228 1065 po-

256 1064 388 1094 tentiam
410 1063 549 1105 singulis
574 1066 769 1103 attribuunt,
792 1072 827 1096 ut
846 1065 985 1103 Ethnici,
1009 1073 1063 1097 aut
1086 1067 1228 1097 tribuunt

257 1105 397 1136 divinum
415 1105 584 1137 honorem.
610 1108 639 1137 id
659 1115 721 1145 est,
740 1109 981 1139 invocationem
1001 1110 1173 1147 creatun's,
1194 1115 1229 1139 ut

257 1149 310 1189 qui
335 1149 486 1179 invocant
511 1156 646 1179 sanctos
675 1157 831 1181 mortuos.
877 1150 1044 1182 Invocatio
1068 1152 1152 1182 enim
1176 1152 1229 1182 tri-

259 1192 323 1222 buit
359 1192 641 1231 omnipotentiam,
676 1200 729 1222 aut
759 1191 895 1234 alligant
920 1192 1026 1224 Deum
1056 1194 1097 1224 ad
1122 1200 1227 1224 certas

258 1240 404 1270 statuas,
440 1244 512 1264 cum
547 1235 618 1264 sine
651 1236 754 1265 verbo
788 1246 849 1266 suo
873 1246 938 1266 non
961 1235 1040 1266 velit
1063 1237 1107 1266 ad
1128 1235 1229 1267 ullam

257 1286 326 1307 rem
349 1274 489 1316 alligari.
535 1275 673 1307 Constat
696 1284 812 1317 autem,
832 1278 985 1309 mundum
1009 1287 1139 1319 semper
1161 1277 1228 1318 ple-

258 1329 333 1350 num
367 1316 470 1348 fuisse
510 1325 541 1349 et
575 1329 650 1349 esse
684 1318 854 1350 idolorum.
899 1320 968 1350 Nec
1003 1320 1153 1351 differunt
1187 1321 1227 1350 ab

258 1360 404 1391 Ethnicis
427 1361 572 1392 moribus
595 1362 758 1393 invocatio
782 1368 972 1394 sanctorum
995 1370 1027 1394 et
1048 1369 1229 1394 statuarum

259 1402 377 1434 cultus.

344 1445 473 1476 Tertius
496 1447 618 1487 gradus
643 1454 691 1476 est
711 1446 894 1488 Magorum,
915 1447 969 1488 qui
991 1454 1087 1488 pacta
1106 1446 1228 1478 faciunt

259 1499 331 1520 cum
353 1487 507 1518 Diabolis
529 1487 680 1519 hostibus
706 1487 787 1526 Dei,
819 1495 851 1520 et
874 1499 1000 1527 eorum,
1035 1490 1089 1530 qui
1110 1489 1229 1530 Magos

260 1529 444 1567 consulunt,
468 1537 499 1560 et
524 1540 646 1568 eorum,
661 1531 714 1572 qui
731 1530 802 1561 aliis
817 1532 1055 1572 superstitiosis
1075 1532 1229 1562 observa-

260 1573 400 1604 tionibus
423 1573 521 1603 dediti
545 1581 638 1611 sunt,
679 1574 797 1614 quibus
819 1574 971 1604 tribuitur
992 1575 1138 1613 potentia
1158 1575 1229 1604 sine

261 1616 464 1646 ordinatione
486 1614 565 1651 Dei3
606 1616 715 1650 Quare
741 1616 770 1646 si
799 1617 853 1657 qui
876 1615 1013 1647 effectus
1037 1622 1229 1657 sequuntur,

261 1657 421 1688 Diabolus
460 1664 555 1688 autor
594 1665 661 1695 est,
705 1666 737 1688 et
771 1658 890 1689 fiducia
925 1659 1034 1689 nititur
1067 1658 1227 1690 Diabolis.

262 1700 349 1730 Haec
374 1700 481 1729 onmia
504 1699 718 1739 prohibentur
740 1700 844 1731 Levit.
867 1701 918 1731 20.
944 1704 1006 1739 [vs.
1030 1700 1074 1738 6.]
1098 1701 1227 1738 Anima,

261 1752 344 1790 quae
367 1741 579 1772 declinaverit
603 1743 643 1773 ad
668 1743 788 1784 Magos
812 1749 844 1773 et
867 1742 1003 1781 ariolos,
1023 1750 1054 1774 et
1070 1742 1230 1774 fornicata

261 1785 355 1814 tuerit
379 1795 451 1815 cum
474 1785 531 1821 eis,
556 1795 674 1825 ponam
696 1784 811 1815 faciem
834 1795 937 1816 meam
962 1793 1076 1817 contra
1099 1796 1181 1823 eam,
1200 1792 1231 1816 et

261 1826 450 1857 interficiam
476 1825 565 1858 illam
588 1828 628 1858 de
650 1828 754 1858 medio
778 1827 890 1867 populi
912 1828 973 1858 sui.

347 1868 491 1903 Quartus
511 1875 562 1899 est
575 1869 776 1907 Iudaeorum,
798 1869 1087 1910 Philosophorum,
1110 1870 1231 1900 Haere-

262 1912 397 1942 ticorum
420 1917 449 1941 et
467 1910 780 1948 mahometis-tarum,
805 1913 859 1952 qui
882 1922 996 1943 omnes
1020 1913 1081 1943 sibi
1104 1912 1229 1953 fingunt

263 1963 341 1984 suos
365 1952 467 1989 Deos,
491 1963 552 1984 nec
575 1953 688 1984 volunt
711 1964 892 1995 agnoscere
914 1954 1001 1986 hunc
1025 1965 1100 1985 esse
1112 1954 1230 1992 Deum,

263 1996 316 2036 qui
340 2006 376 2025 se
399 1997 431 2025 in
454 1994 517 2026 hoc
540 1998 642 2027 verbo
665 2006 725 2026 suo
748 2007 806 2037 per
828 1995 927 2027 filium
952 1996 1119 2028 Christum
1141 2003 1230 2038 pate-

263 2037 349 2074 fecit,
374 2048 447 2068 cum
466 2039 513 2068 sic
536 2044 658 2069 tantum
682 2037 761 2069 velit
783 2040 919 2079 agnosci
943 2046 974 2070 et
985 2039 1142 2070 invocari.
1172 2039 1230 2069 Er-

264 2090 305 2118 go
330 2079 550 2119 u‘olabantso)
574 2081 713 2120 primum
735 2087 944 2121 praeceptum
956 2081 1154 2119 Manichaei,
1177 2082 1231 2122 qui

264 2114 428 2163 lingebant
453 2122 534 2152 duos
559 2122 666 2159 Deos,
698 2123 817 2154 bonum
840 2129 871 2153 et
894 2123 1012 2154 malum
1034 2125 1156 2164 pariter
1178 2134 1230 2154 ae—

265 2171 387 2194 ternos.
432 2163 510 2194 Item
534 2164 782 2203 samosatenus,
806 2166 860 2206 qui
883 2164 1060 2197 affirmavit
1082 2167 1115 2196 in
1138 2165 1231 2196 Chri-

265 2212 316 2236 sto
351 2212 473 2236 tantum
507 2216 582 2237 esse
605 2206 778 2238 humanam
801 2215 958 2239 naturam.
1006 2208 1099 2239 Sicut
1119 2207 1233 2238 Maho-

264 2249 411 2278 metistae
433 2249 529 2287 impie
553 2250 703 2279 sentiunt.
738 2249 911 2281 Violarunt
934 2250 998 2281 hoc
1020 2256 1233 2291 praeceptum

266 2298 295 2319 et
319 2291 447 2325 Ariani,
482 2291 534 2330 qui
558 2298 760 2332 negaverunt
783 2291 880 2323 filium
904 2291 966 2323 Dei
995 2303 1071 2323 esse
1094 2293 1134 2323 de
1157 2293 1233 2323 sub-

266 2333 384 2362 stantia
415 2331 530 2362 Patris.
577 2333 653 2364 Item
689 2333 760 2371 alii,
791 2336 845 2375 qui
879 2335 1046 2372 dixerunt,
1081 2335 1233 2375 Spiritum

267 2381 413 2405 sanctum
437 2380 559 2404 tantum
584 2386 658 2405 esse
682 2382 801 2406 motuni
825 2377 856 2406 in
875 2376 1059 2408 hominibus
1078 2382 1233 2408 creatum.

351 2416 490 2450 Quintus
525 2418 645 2456 gradus
671 2426 718 2447 est
750 2428 877 2456 eorum,
903 2420 955 2460 qui
985 2430 1048 2449 non
1081 2420 1233 2450 invocant

270 2551 312 2580 v⁴0)
333 2550 469 2580 violabam]
493 2552 564 2577 Ediu.
590 2554 657 2576 1-4.
679 2555 699 2577 (3.
723 2554 744 2576 7.
764 2555 786 2578 9.
808 2555 899 2580 violant

884 132 989 163 PfflL.
1021 133 1122 164 MEL.
1146 133 1333 164 SCRIPTA
1349 134 1622 165 nuuMA'rtcA.

2180 138 2243 169 696

1274 224 1382 255 Deum
1402 234 1462 265 per
1485 225 1701 256 Mediatorem
1723 225 1901 263 Christum,
1921 227 1984 258 imo
2009 226 2135 269 fingunt
2157 227 2241 259 alios

1273 267 1470 298 mediatores
1504 272 1638 297 sanctos
1673 273 1729 298 aut
1762 268 1882 299 missas
1911 274 1967 300 aut
1988 267 2242 307 satisfactiones,

1273 315 1327 339 aut
1351 308 1413 340 alia
1437 319 1555 349 opera3
1601 309 1691 347 Item,
1715 310 1770 350 qui
1793 310 1913 347 dicunt,
1938 311 2149 342 dubitandum
2167 321 2243 343 esse

1274 351 1314 381 de
1340 352 1446 392 gratia
1469 351 1541 382 Dei.

1358 393 1478 424 Sextus
1513 400 1563 424 est
1598 393 1818 431 desertorum,
1852 395 1906 434 qui
1940 394 2092 426 deficiunt
2122 406 2142 426 a
2164 405 2243 427 vera

1273 435 1422 466 doctrina
1442 434 1613 477 Evangelii
1643 442 1731 467 metu
1755 435 1808 466 vel
1830 437 1922 473 odio,
1943 443 1979 468 ut
2001 437 2118 475 ludas,
2151 437 2242 469 lulia-

1274 487 1336 508 nus
1359 484 1422 508 etc.
2164 492 2165 495 ¹

1359 519 1524 560 Septimus
1548 526 1597 550 est
1620 520 1875 560 desperantium,
1897 527 1932 552 ut
1944 520 2035 558 Saul,
2060 527 2092 552 ct
2113 521 2242 553 inhanc

1275 561 1536 601 desperationem
1567 572 1662 593 ruere
1697 572 1810 593 omnes
1838 572 1978 593 necesse
2000 569 2066 600 est,
2100 565 2154 604 qui
2177 574 2241 595 non

1274 609 1391 634 norunt
1414 603 1628 644 Evangelium
1651 605 1692 635 de
1716 604 1780 634 fide
1797 605 1834 635 -in
1858 604 2033 635 Christum.
2071 634 2073 638 Α
2104 631 2107 634 .

1360 646 1506 676 Octavus
1530 652 1592 683 est,
1614 656 1681 677 non
1704 647 1832 677 discere
1848 646 2075 688 Evangelium,
2099 657 2165 678 non
2189 658 2242 679 ex-

1275 688 1376 718 citare
1409 698 1446 718 se
1480 688 1521 718 ad
1551 689 1744 719 audiendam
1778 694 1810 719 et
1839 690 2243 730 cognoscendaindoctri-

1274 740 1349 760 nam
1382 729 1526 766 Christi,
1573 740 1645 761 cum
1684 730 1782 761 Pater
1834 730 1987 762 coelestis
2034 733 2242 773 ‘praeceperit

1275 771 1402 809 [Matth.
1429 772 1479 808 17,
1502 771 1565 810 5.]:
1590 772 1684 802 Hunc
1707 773 1824 803 audite.

1359 813 1474 844 Nonus
1499 820 1548 844 est
1571 813 1842 855 llypocritarum,
1866 816 1936 855 qui,
1959 817 2021 846 etsi
2045 826 2123 847 vera
2144 816 2243 857 profi—

1274 861 1397 893 tentur,
1427 866 1489 886 nec
1522 862 1599 886 sunt
1628 855 1743 896 polluti
1765 858 1908 887 externis
1932 856 2048 895 Idolis,
2082 864 2188 889 tamen
2211 860 2243 889 in

1275 899 1374 928 corde
1407 904 1484 929 sunt
1516 898 1587 928 sine
1621 899 1736 929 timore
1765 897 1844 935 Dei,
1879 899 1950 929 sine
1973 898 2052 937 fide,
2082 906 2114 930 et
2139 901 2244 942 magis

1274 946 1382 970 amant
1412 939 1598 980 voluptates
1628 950 1706 971 suas
1737 946 1793 971 aut
1816 950 1912 980 opes,
1935 952 2032 982 quam
2054 941 2178 980 Deum,
2210 949 2243 974 ut

1273 981 1389 1012 Nabal.
1435 981 1524 1013 Talis
1559 992 1688 1023 semper
1720 992 1840 1024 mag-na
1863 982 2033 1014 multitudo
2054 989 2106 1014 est
2128 985 2161 1015 in
2182 984 2244 1015 Eo-

1274 1022 1374 1055 clesia
1407 1025 1503 1055 etiam
1537 1023 1679 1055 habente
1712 1035 1826 1065 puram
1859 1026 2057 1064 doctrinam,
2079 1032 2113 1057 ut
2135 1034 2243 1058 monet

1272 1065 1432 1107 parabola
1456 1068 1496 1097 de
1518 1068 1641 1098 semine
1666 1066 1795 1105 [Matth.
1821 1067 1872 1104 13,
1895 1069 1938 1099 24
1958 1070 2058 1109 sqq.].

1360 1108 1516 1140 Decimus
1540 1115 1589 1140 est
1613 1110 1779 1150 superbia,
1803 1110 1834 1140 id
1857 1116 1918 1147 est,
1941 1111 2110 1142 admiratio
2122 1117 2154 1141 et
2165 1110 2244 1142 fidu-

1275 1152 1325 1182 cia
1355 1152 1505 1191 propriae
1530 1153 1712 1192 potentiae,
1745 1152 1940 1191 sapientiae,
1973 1153 2144 1189 virtutum,
2173 1154 2244 1184 sine

1273 1195 1439 1234 agnitione
1471 1195 1626 1234 propriae
1648 1193 1896 1232 imbecillitatis,
1931 1195 2002 1225 siue
2025 1196 2190 1236 agnitione
2213 1201 2243 1226 et

1272 1236 1426 1276 petitione
1449 1235 1560 1267 auxilii
1583 1237 1692 1273 divini,
1714 1242 1749 1267 ut
1766 1235 1957 1268 Alexander
1978 1238 2125 1268 maximis
2144 1238 2244 1268 rebus

1274 1279 1378 1320 gestis
1412 1278 1533 1309 iudicat
1566 1278 1631 1309 hoc
1663 1277 1915 1318 pulcherrimum
1949 1289 2085 1320 regnum
2117 1285 2244 1320 partum

1274 1331 1349 1352 esse
1373 1319 1519 1351 consiliis
1544 1327 1575 1351 et
1599 1321 1857 1351 dimicationibus
1881 1321 1962 1358 suis,
1987 1321 2169 1353 delectatur
2179 1320 2243 1352 hac

1273 1373 1333 1393 sua
1356 1364 1527 1402 sapientia,
1550 1373 1609 1393 sua
1633 1362 1833 1399 fortitudine,
1852 1363 1963 1403 incipit
1985 1370 2195 1394 contemnere
2211 1371 2242 1394 et

1273 1415 1422 1445 premere
1445 1404 1628 1442 inferiores,
1651 1414 1712 1434 nec
1736 1405 1886 1445 agnoscit
1905 1404 1967 1435 has
1989 1411 2098 1436 tantas
2121 1415 2244 1447 resge-

1273 1453 1342 1477 stas
1365 1456 1442 1477 esse
1454 1447 1516 1477 Dei
1538 1446 1670 1483 auxilio,
1693 1447 1747 1487 qui
1760 1446 1871 1476 Persis
1895 1447 2054 1487 eripiebat
2066 1448 2244 1488 imperium,

1272 1496 1308 1520 ut
1338 1499 1395 1520 eos
1425 1490 1570 1529 puniret,
1607 1489 1690 1519 sicut
1726 1494 1757 1519 et
1785 1494 1903 1528 postea
1924 1489 2115 1520 Alexander
2136 1488 2243 1520 factus

1273 1532 1408 1572 nequior
1441 1532 1580 1571 punitur.
1632 1529 1721 1561 Talis
1755 1531 1950 1562 describitur
1973 1537 2005 1562 et
2026 1531 2243 1563 Nabuchodo-

1274 1574 1440 1611 nosor,³¹)
1463 1574 1518 1614 qui
1540 1573 1720 1613 castigatus
1743 1574 1896 1614 agnoscit
1917 1573 2001 1604 hanc
2024 1574 2244 1616 arrogantiam

1274 1622 1306 1647 et
1328 1626 1366 1647 se
1389 1616 1557 1651 emendam
1601 1615 1668 1646 Sed
1691 1614 1893 1646 Sennaherib
1918 1615 2013 1647 simili
2036 1615 2140 1647 elatus
2163 1615 2244 1647 fidu-

1275 1660 1326 1690 cia
1359 1660 1409 1690 sui
1432 1668 1497 1688 non
1521 1658 1723 1695 emendatur,
1757 1658 1816 1688 sed
1838 1658 2038 1690 interficitur.
2082 1657 2123 1689 Et
2142 1657 2242 1689 histo-

1274 1702 1342 1732 riae
1374 1701 1549 1731 ostendunt
1582 1699 1770 1741 plerumque
1804 1699 1957 1731 heroicos
1991 1702 2080 1731 viros
2113 1701 2244 1732 tandem

1275 1744 1411 1784 opprimi
1444 1743 1638 1774 tristissimis
1674 1742 1817 1773 casibus.
1862 1742 1897 1773 ld
1931 1753 1971 1773 eo
1995 1743 2048 1780 fit,
2082 1743 2157 1784 quia
2178 1742 2242 1773 hoc

1275 1787 1371 1816 modo
1401 1791 1555 1826 peccant,
1589 1785 1791 1815 admirantur
1826 1795 1900 1815 sese
1925 1791 1955 1816 et
1980 1784 2145 1816 confidunt
2173 1785 2242 1815 suis

1275 1829 1369 1859 donis
1393 1829 1463 1858 sine
1481 1828 1646 1868 agnitione
1668 1825 1829 1857 humanae
1845 1826 2049 1864 infirmitatis,
2071 1827 2142 1857 sine
2153 1827 2242 1868 agni-

1274 1872 1362 1901 tione
1396 1877 1426 1901 et
1460 1870 1616 1910 petitione
1648 1867 1758 1899 ainzilii
1786 1869 1900 1906 divini,
1935 1875 1967 1899 et
1989 1878 2089 1909 saepe
2112 1875 2243 1900 movent

1274 1924 1329 1943 res
1363 1911 1567 1953 periculosas
1591 1918 1646 1942 aut
1669 1911 1764 1941 etiam
1787 1912 1924 1942 iniustas
1947 1921 2001 1942 ex.
2009 1912 2143 1952 privatis
2163 1910 2243 1942 affe-

1275 1956 1381 1986 ctibus
1410 1954 1529 1985 fiducia
1551 1964 1631 1985 suae
1652 1953 1830 1993 potentiae,
1854 1958 1886 1983 ut
1908 1952 2094 1994 Pompeius
2139 1953 2243 1984 Acce-

1275 1998 1355 2028 dunt
1384 2003 1415 2028 et
1448 1995 1514 2027 alia
1548 1997 1642 2032 vitia,
1676 1994 1789 2031 limis,
1826 1995 1992 2035 despectio
2017 2001 2050 2026 et
2072 1996 2244 2036 oppressio

1275 2039 1424 2077 aliorum,
1446 2044 1480 2069 ut
1502 2037 1691 2068 Alexander
1714 2046 1852 2067 securus
1875 2035 2102 2075 helluabatur,
2124 2037 2244 2069 interfi-

1275 2083 1383 2113 ciebat
1417 2081 1536 2121 optime
1563 2080 1696 2110 meritos
1716 2079 1836 2116 duces,
1871 2080 1944 2110 ideo
1967 2086 2147 2120 sequuntur
2169 2089 2245 2120 poe·

1274 2135 1346 2155 nae.
1392 2123 1464 2153 Hoc
1496 2123 1600 2162 ipsum
1633 2126 1784 2162 poemata
1818 2122 1914 2152 etiam
1947 2120 2173 2162 sfgnificarunt
2205 2121 2246 2153 de

1275 2167 1394 2202 Aiace,
1428 2174 1525 2205 quem
1555 2163 1669 2194 scribit
1691 2162 1876 2203 Sophocles
1907 2164 1980 2195 ideo
2002 2164 2148 2204 punitum
2171 2173 2247 2194 esse

1275 2207 1403 2244 surore,
1438 2207 1515 2247 quia
1549 2216 1622 2236 cum
1650 2211 1744 2246 pater
1766 2204 1922 2236 Telamon
1944 2206 2076 2236 abeunti
2099 2206 2246 2243 dixisset,

1275 2257 1311 2282 ut
1344 2254 1506 2291 pugnaret
1530 2249 1658 2289 quidem
1682 2253 1830 2285 strenue,
1859 2249 1919 2279 sed
1941 2258 1960 2278 a
1982 2247 2056 2280 Deo
2078 2248 2247 2279 victoriam

1277 2298 1421 2333 peteret,
1450 2290 1618 2330 respondit
1651 2289 1754 2326 Aiax,
1788 2291 1885 2320 etiam
1922 2289 2065 2331 Ignavos
2099 2290 2248 2321 adiutore

1276 2335 1350 2365 Deo
1384 2343 1485 2374 posse
1519 2333 1667 2369 vincere,
1701 2342 1738 2362 se
1772 2342 1850 2362 vero
1879 2331 1931 2363 vel
1966 2333 2036 2363 sine
2068 2331 2153 2364 Deo.
2196 2331 2247 2362 Ex

1277 2377 1328 2408 his
1363 2373 1519 2415 exemplis
1554 2373 1650 2405 facile
1679 2372 1816 2415 intelligi
1839 2379 1967 2414 potest,
2003 2384 2104 2416 quare
2125 2373 2248 2405 heroici

1280 2420 1339 2450 viri
1362 2419 1491 2449 tandem
1515 2417 1624 2447 saevis
1649 2417 1780 2447 casibus
1794 2417 2025 2457 opprimantur,
2049 2417 2248 2456 etscriptuni

1261 2572 1263 2584 Α,
1283 2554 1327 2583 81)
1347 2552 1594 2582 Nabuchodonosor.]
1616 2552 1687 2577 Editt.
1711 2553 1781 2577 1-3-
1803 2554 1825 2576 6.
1846 2553 1867 2576 7.
1886 2553 1908 2576 9.
1928 2551 2147 2577 Nabuchdonosnr.
