2358 2933
81 121 144 154 333

82 215 253 247 mistiones,
285 214 313 242 in
334 212 444 251 quibus
464 212 541 240 haec
560 211 763 240 additamenta
781 211 978 243 inveniuntur,
1003 210 1031 238 in
1051 211 1182 247 margine
1202 210 1337 238 indicans

526 118 549 148 1.
573 117 675 149 LOCI
696 116 972 148 THEOLOGICI:
1008 116 1045 147 C.
1069 115 1280 148 SECUNDA
1302 114 1459 146 EORUM
1482 113 1638 145 AETAS.

2023 110 2088 142 334

1390 207 1463 237 Item
1483 208 1656 246 Scripturae
1675 216 1780 235 sacrae
1800 206 1886 234 locos
1906 206 1943 234 ab
1967 209 2087 234 auctore

83 259 112 287 in
137 257 185 285 his
205 255 299 285 Editt.
319 255 429 284 allatos
449 255 619 283 accuratius
644 255 672 282 iu
692 254 769 292 ipsis
789 253 939 282 contextis
959 252 1127 290 designabo
1147 262 1289 281 versuum
1309 255 1374 290 (aut
1399 251 1529 289 capitum
1554 252 1771 287 versuumque)
1791 249 1923 277 numeris
1944 250 2019 277 intra
2039 259 2088 277 un-

83 301 168 329 cinos
188 299 309 328 additis.

83 552 215 594 LOCI
258 549 570 593 COMMUNES
617 547 964 589 THEOLOGICI
1008 547 1221 588 RECENS
1267 546 1543 588 COLLECTI
1588 546 1657 585 ΕΤ
1704 544 2010 587 RECOGNITI
2050 545 2094 584 A

730 641 993 681 PHILIPPO

1036 639 1442 680 MELANTHONE.

84 768 366 800 SERENISSIMO
386 766 569 798 PRINCIPI
588 766 628 795 D.
648 764 837 795 HENRICO
857 764 1046 799 OCTAVO,
1066 763 1254 793 ANGLIAE
1273 763 1327 793 ΕΤ
1347 762 1562 793 FRANCIAE
1581 763 1698 798 REGI,
1726 761 1955 792 HlBERNIAE
1975 761 2094 791 DOMI-

589 843 661 880 No,
680 841 880 871 WALLlAE
899 841 952 873 ET
973 840 1221 870 CORNUBIAE
1241 840 1433 870 PRINCIPI.
1454 841 1487 869 S.
1509 840 1545 869 D.
1572 843 1595 878 ¹)

172 954 255 985 Cum
292 955 325 984 in
362 953 513 984 docendo
544 962 746 993 magnopere
787 952 910 992 prosit,
952 957 1066 981 tenere

85 1007 231 1028 summas
249 1006 359 1027 rerum
382 996 496 1026 ordine
521 1000 552 1025 et
578 995 707 1025 ratione
733 994 942 1031 distributas,
977 999 1008 1023 et.
1035 994 1066 1023 in
1087 1009 1088 1022 i

86 1038 276 1071 methodum
296 1043 503 1074 contractas,
523 1035 645 1078 collegi
666 1042 697 1066 et
717 1046 780 1077 ego
799 1037 998 1076 praecipuos
1018 1035 1066 1065 lo·
1087 1032 1089 1044 '

85 1091 145 1113 cos
177 1081 347 1111 doctrinae
367 1079 594 1116 Christianae,
625 1088 751 1119 eosque
776 1088 860 1118 quos
881 1079 1065 1109 arbitrabar

84 1124 225 1155 maxime
248 1123 291 1153 ad
317 1123 471 1162 pietatem
494 1120 647 1151 alendam
673 1121 871 1157 conducere,
896 1126 927 1150 et
947 1122 980 1150 in
999 1121 1067 1151 vita

87 1171 120 1197 et
138 1166 171 1196 in
190 1165 355 1196 exercitiis
374 1165 504 1204 piorum
522 1174 617 1194 usum
636 1163 771 1200 habere,
791 1164 931 1203 (lenique
944 1164 999 1203 qui
1013 1173 1066 1193 ex-

85 1214 158 1239 tare
176 1208 209 1238 in
227 1206 390 1237 Ecclesiis
411 1212 442 1236 et
461 1207 494 1236 in
516 1206 765 1245 concionibus2)
786 1204 945 1235 inculcari
964 1206 1066 1235 inaxi-

85 1261 138 1281 me
157 1250 289 1280 debent.
309 1249 360 1279 Ac
378 1258 445 1278 non
465 1246 572 1278 solum
592 1249 743 1278 curiosas
764 1253 796 1278 et
814 1246 946 1278 inutiles
969 1257 1067 1288 quae-

87 1293 212 1323 stiones
231 1291 375 1332 praecidi
400 1300 439 1320 ac
458 1289 545 1331 fugi,
570 1290 629 1320 sed
649 1291 745 1320 etiam
764 1290 796 1320 in
816 1289 951 1330 reliquis
970 1289 1067 1327 locis,
1088 1313 1090 1329 ,

87 1343 171 1376 quos
191 1332 409 1373 explicandos
429 1342 505 1363 esse
524 1333 647 1372 putavi,
667 1333 789 1372 optima
808 1332 873 1362 fide
892 1343 932 1362 ac
945 1331 1067 1372 simpli-

88 1377 187 1407 citate
207 1377 279 1406 sine
298 1374 499 1415 Sophistica,
519 1384 572 1404 res
592 1375 695 1415 ipsaS,
715 1380 871 1415 quantlun
889 1376 991 1415 potui,
1010 1384 1066 1405 ex-

86 1418 192 1459 posui.
212 1418 297 1448 Nam
316 1423 348 1448 et
366 1418 438 1458 ipse
456 1416 633 1454 abhorreo,
653 1423 687 1447 ut
711 1417 765 1457 qui
784 1418 923 1448 maxime
942 1427 1067 1457 aprae-

87 1460 194 1501 stigiis
213 1459 278 1490 illis
298 1460 566 1500 disputationum,
586 1469 670 1500 quae
691 1469 763 1489 cum
782 1458 886 1490 multa
906 1459 1068 1500 colligunt

86 1501 328 1533 inextricabilia
340 1525 349 1539 ,
373 1501 547 1542 perplexa,
566 1502 751 1542 paradoxa,
770 1503 933 1539 absurda,
957 1502 1067 1542 prodi-

93 1545 199 1586 giosa,
218 1549 343 1574 tantum
361 1545 555 1584 perturbant
575 1545 813 1581 conscientias,
842 1555 909 1575 non
935 1545 1066 1575 docent.

174 1602 247 1633 Etsi
270 1608 380 1633 autem
405 1601 469 1632 hoc
494 1612 593 1633 unum
619 1601 678 1633 fuit
700 1612 808 1633 meum
828 1602 1014 1640 consilium,
1032 1609 1068 1633 ut

88 1646 130 1676 de
154 1646 253 1676 rebus
283 1645 484 1675 necessariis
510 1643 702 1685 colligerem
727 1645 910 1676 doctrinam
931 1644 1067 1676 catholi-

89 1697 148 1718 cae
172 1686 347 1717 Ecclesiae
374 1687 515 1724 Christi,
547 1686 716 1724 videlicet,
750 1698 835 1728 quae
865 1689 1002 1718 traditur
1034 1688 1067 1718 in

88 1728 292 1770 Apostolicis
311 1728 415 1759 literis
436 1735 468 1759 et
492 1730 633 1769 receptis
652 1730 871 1769 scriptoribus
897 1729 1066 1761 Ecclesia-

89 1772 193 1809 sticis,
219 1778 329 1802 tamen
354 1771 407 1801 hic
430 1770 645 1812 praefandum
663 1772 751 1809 duxi,
778 1783 830 1802 ine
848 1772 988 1803 libenter
1006 1772 1068 1802 Ec-

90 1813 212 1845 clesiae
237 1813 437 1851 catholicae,
462 1813 526 1844 hoc
551 1819 617 1851 est,
641 1815 720 1854 piis,
745 1815 870 1852 doctis,
894 1821 926 1845 et
954 1815 1067 1855 peritis

91 1857 240 1887 omnibus
270 1857 458 1896 permittere
481 1857 634 1887 iudicium
662 1858 704 1887 de
732 1858 884 1888 omnibus
915 1855 1068 1888 lucubra-

89 1899 233 1930 tionibus
252 1899 344 1929 meis.
391 1898 671 1934 Quemadmodum
695 1899 780 1930 enirn
798 1898 922 1930 Paulus
941 1900 1068 1939 praeci-

89 1942 146 1981 pit,
165 1946 201 1971 ut
219 1941 445 1982 unusquisque
468 1943 555 1972 norit
582 1942 715 1972 modum
739 1942 814 1972 fidei
838 1943 900 1973 sibi
920 1942 1029 1972 datum
1049 1952 1068 1972 a

89 1983 182 2021 Deo,
209 1984 270 2021 ita,
300 1994 373 2014 cum
403 1994 475 2015 mea
498 1984 574 2015 mihi
601 1983 805 2015 imbecillitas
824 1995 891 2015 non
909 1983 1007 2025 plane
1026 1985 1069 2014 sit

90 2027 214 2067 ignota,
234 2036 341 2066 neque
360 2032 457 2056 antea
476 2027 547 2057 sine
567 2027 736 2057 autoribus
758 2028 798 2058 de
821 2026 888 2059 ullo
915 2028 1069 2068 dogmate

91 2069 312 2108 pronuntiavi,
364 2078 471 2109 neque
517 2068 688 2100 Ecclesiae
724 2070 878 2102 iudicium
922 2080 1067 2110 unquam

92 2111 306 2151 aspernabor.

177 2169 247 2199 Nec
273 2179 350 2199 vero
379 2180 499 2201 novum
525 2176 577 2200 est
600 2170 798 2212 exemplum,
818 2171 992 2202 methodos
1013 2172 1069 2202 do-

93 2212 216 2241 ctrinae
236 2211 443 2242 Christianae
470 2211 656 2244 informare
704 2214 788 2244 Nam
808 2220 838 2244 et
863 2215 950 2254 apud
974 2224 1069 2255 grae-

92 2263 152 2283 cos
175 2253 417 2285 Damascenus.
439 2260 470 2285 et
488 2256 575 2296 apud
593 2261 727 2286 nostros
747 2257 990 2298 Longobardns
1010 2256 1069 2288 hu-

112 2398 138 2428 1)
159 2399 205 2422 Pro
224 2398 272 2422 hat·
296 2398 458 2428 inscriptione
486 2399 557 2423 Editt.
594 2401 629 2423 tt.
662 2401 698 2424 12.
732 2403 756 2423 et
784 2402 843 2430 opp.
868 2401 928 2426 Bas.
955 2403 1069 2427 habent:

161 2432 318 2457 PHILIPPUS
346 2433 525 2458 MELANTHON
556 2433 686 2458 LECTORI.
717 2435 740 2458 S.
767 2435 793 2459 D.
821 2436 860 2464 (D.
881 2436 905 2459 in
925 2436 990 2466 Opp.
1010 2437 1068 2461 Bas

162 2466 233 2495 om.)
254 2479 286 2482 —
305 2466 346 2490 Ed.
371 2467 407 2490 13.
426 2473 491 2491 nora
509 2467 666 2497 praefatione
687 2471 725 2492 est
744 2469 880 2497 instructa,
909 2476 983 2500 quam
1003 2470 1069 2495 infra

162 2501 218 2528 post
237 2500 302 2523 hanc
321 2500 468 2525 afferemus.

111 2550 139 2580 2)
159 2549 332 2580 concionibus]
353 2550 425 2574 Editt.
447 2552 467 2575 l.
488 2552 511 2576 2.
533 2551 701 2576 contionibus.

1109 951 1280 985 iusmodiss)
1301 951 1424 991 scripta
1442 949 1656 991 reliquerunt,
1681 951 1800 991 quibus
1820 951 1960 991 gratiam
1988 958 2020 982 et
2042 962 2096 983 ce-

1110 993 1294 1024 lebritatem
1313 1003 1473 1024 summam
1490 992 1557 1023 hoc
1575 1004 1674 1024 unum
1692 993 1837 1033 peperit,
1857 995 1946 1034 quod
1964 994 2095 1025 metho-

1110 1037 1141 1066 di
1166 1046 1288 1076 magno
1315 1036 1425 1066 studio
1451 1041 1660 1076 expetuntur.
1711 1036 1825 1076 ltaque
1854 1037 2005 1067 videmus
2036 1047 2096 1067 eos

1109 1077 1164 1109 vcl
1188 1079 1313 1118 primae
1342 1077 1463 1108 classis
1497 1079 1716 1118 scriptoribus
1747 1084 1982 1109 annumeratos
2009 1089 2095 1110 esse.

1109 1120 1296 1151 Extiterunt
1319 1126 1351 1151 et.
1370 1126 1446 1151 ante
1465 1120 1528 1151 hos
1547 1120 1643 1151 huius
1664 1121 1798 1162 generis
1817 1119 1934 1159 libelli,
1953 1122 2096 1153 Enarra-

1111 1164 1220 1194 tiones
1230 1162 1385 1204 Cypriani
1409 1169 1439 1193 et
1459 1162 1599 1194 alioruin
1617 1164 1648 1194 in
1669 1162 1865 1205 symbolum.
1885 1163 1925 1194 Et
1946 1164 2096 1196 nonnulli

1110 1216 1176 1236 non
1201 1206 1398 1237 inconcinne
1417 1205 1596 1246 Augustini
1620 1207 1800 1237 sententias
1822 1208 1851 1239 ⁴)
1888 1206 2096 1248 collegerunt

1111 1249 1152 1279 de
1170 1247 1311 1289 singulis
1330 1247 1490 1286 articulis,
1510 1249 1542 1278 in
1562 1247 1686 1286 libello,
1708 1250 1760 1279 cui
1773 1247 1886 1279 titulus
1901 1256 1962 1287 est,
1977 1251 2019 1281 de
2031 1250 2096 1281 fide

1111 1291 1153 1321 ad
1176 1290 1320 1321 Petrum.
1365 1290 1464 1321 Extat
1483 1297 1515 1321 et
1538 1297 1633 1321 vetus
1658 1293 1816 1332 scriptum
1847 1291 2001 1333 origenis
2027 1296 2096 1335 περὶ

1111 1332 1222 1373 ιῖρχῶν,
1248 1334 1300 1364 cui
1322 1332 1412 1364 hunc
1438 1333 1567 1364 titulum
1585 1333 1675 1372 fecit,
1699 1340 1875 1375 propterea
1894 1337 1985 1376 quod
2003 1346 2097 1377 prae-

1111 1376 1226 1415 cipuos
1240 1375 1336 1406 locos
1350 1375 1560 1407 Christianae
1583 1377 1764 1415 doctrinae,
1784 1378 1826 1408 ibi
1846 1379 1934 1408 serie
1953 1379 2095 1419 quadam

1112 1419 1255 1458 disponit
1273 1424 1306 1448 et
1330 1417 1495 1459 explicare
1515 1425 1663 1450 conatur.
1696 1420 1747 1450 Ad
1768 1420 1850 1451 haec
1870 1420 1995 1452 Paulus
2016 1432 2096 1462 qua-

1111 1461 1139 1490 si
1170 1460 1359 1492 methodum
1385 1462 1549 1502 quandam
1574 1461 1730 1493 informat
1749 1463 1781 1492 in
1806 1463 1976 1502 Romanis,
1997 1474 2096 1495 accu-

1111 1503 1274 1533 ratissime
1298 1504 1470 1544 disputans
1490 1504 1531 1534 de
1555 1514 1679 1535 caussa
1697 1507 1834 1545 peccati.
1855 1506 1895 1536 de
1920 1517 1981 1538 usu
1998 1506 2096 1549 legis,

1112 1551 1143 1575 ct
1167 1546 1208 1576 de
1238 1546 1401 1577 beneficio
1425 1545 1568 1585 Christi,
1595 1548 1685 1588 qnod
1714 1549 1757 1579 sit
1780 1549 1949 1589 proprium
1973 1549 2097 1581 Christi

1111 1587 1317 1626 beneficium,
1359 1590 1527 1630 quomodo
1575 1600 1818 1631 consequamur
1866 1593 2096 1624 remissionem

1112 1636 1326 1670 peccatorum
1366 1638 1398 1661 et
1440 1631 1754 1663 reconciliationem.
1822 1634 1906 1664 Sunt
1939 1636 2029 1666 initio
2065 1641 2097 1666 et

1111 1672 1265 1713 symbola
1298 1673 1362 1704 hoc
1403 1673 1542 1704 consilio
1577 1676 1725 1713 condita,
1759 1682 1795 1706 ut
1824 1683 1949 1708 extaret
1984 1679 2096 1709 brevis

1112 1716 1275 1755 quaedam
1296 1726 1424 1746 summa
1454 1717 1624 1747 doctrinae
1650 1718 1867 1756 Christianae,
1894 1721 1926 1750 in
1958 1731 2023 1761 qua
2049 1720 2096 1751 lo-

1112 1767 1170 1786 cos
1201 1758 1243 1787 ad
1268 1758 1423 1798 pietatem
1444 1761 1658 1790 necessarios
1682 1766 1836 1802 tanquam
1856 1761 1952 1792 simul
1978 1763 2009 1793 in
2029 1774 2096 1794 una

1112 1798 1224 1830 tabula
1248 1801 1437 1840 propositos
1468 1803 1662 1842 conspicere
1687 1809 1717 1833 et
1747 1803 1921 1844 complecti
1945 1804 2096 1836 homines

1112 1848 1262 1882 possent.
1308 1843 1392 1873 Nam
1420 1843 1503 1873 haec
1522 1855 1586 1875 una
1619 1850 1669 1875 est
1693 1847 1774 1876 ratio
1799 1846 1922 1877 utiliter
1942 1848 2094 1879 docendi.

1113 1884 1224 1918 Quare
1248 1895 1313 1915 non
1337 1895 1409 1915 sum
1428 1892 1524 1916 autor
1546 1888 1623 1917 novi
1649 1887 1788 1929 exempli
1807 1890 1838 1919 in
1849 1888 2014 1929 Ecclesia,
2034 1892 2095 1921 sed

1114 1925 1192 1957 illud
1227 1926 1325 1958 valde
1346 1929 1372 1963 ⁵)
1413 1930 1505 1970 angit
1535 1930 1678 1960 animum
1707 1942 1823 1962 meum.
1878 1931 1951 1966 Quo
1988 1934 2093 1975 magis

1114 1979 1197 2009 opus
1217 1975 1268 2000 est
1290 1970 1458 2009 methodo,
1483 1981 1547 2012 quo
1567 1973 1695 2003 avidius
1711 1984 1825 2004 omnes
1840 1975 1979 2005 studiosi
1994 1977 2095 2006 onmi-

1112 2013 1175 2042 bus
1205 2013 1366 2043 aetatibus
1404 2013 1465 2044 has
1490 2015 1654 2053 εἰςαγωγιὶς
1678 2021 1709 2046 et
1734 2018 1963 2056 expetiverunt
1987 2024 2019 2049 et
2040 2029 2095 2048 ex-

1115 2060 1284 2094 ceperunt,
1309 2065 1348 2085 eo
1373 2057 1496 2086 maiore
1516 2056 1654 2087 consilio
1679 2064 1709 2088 et
1734 2059 1894 2101 religione
1919 2061 2018 2091 scribi
2040 2072 2094 2092 ⁸e-

1115 2098 1246 2127 bebant.
1294 2097 1379 2131 Quid
1403 2099 1487 2129 enim
1514 2097 1679 2130 difficilius
1704 2107 1772 2139 est,
1807 2112 1904 2142 quam
1928 2102 2094 2144 explicare

1115 2138 1257 2170 dilucide
1292 2141 1506 2180 gravissimas
1536 2141 1707 2184 religionis
1732 2146 1992 2183 controversias,
2017 2148 2094 2187 quid

1114 2181 1346 2222 periculosius,
1370 2194 1465 2224 quam
1485 2185 1517 2214 in
1542 2190 1631 2215 tanta
1651 2186 1844 2217 iudiciorum
1858 2189 2019 2219 varietate
2043 2200 2093 2220 re-

1115 2225 1261 2255 ctissima
1285 2223 1454 2266 deligere?
1479 2226 1564 2261 Quid
1583 2227 1776 2267 proclivius,
1797 2229 1882 2263 Quid
1905 2235 1971 2261 tam
1990 2231 2093 2262 honi-

1114 2268 1145 2297 ni
1165 2268 1344 2307 proprium,
1368 2278 1465 2309 quarn
1487 2268 1554 2299 labi
1574 2275 1606 2299 et
1628 2269 1840 2308 hallucinari,
1871 2278 1902 2302 et
1925 2284 1992 2303 non
2016 2285 2092 2305 raro

1114 2311 1225 2350 specie
1252 2311 1334 2341 recti
1361 2312 1495 2351 decipi?
1536 2312 1620 2346 Quid
1647 2314 1735 2353 quod
1759 2324 1860 2355 saepe
1884 2316 1980 2347 etiam
2002 2322 2093 2347 recte

1132 2454 1160 2484 3)
1182 2455 1336 2486 huiusmodi]
1358 2455 1401 2479 Ed.
1425 2457 1462 2480 12.
1484 2456 1659 2482 huiuscemodi

1132 2505 1160 2535 4)
1181 2505 1332 2536 sententias]
1356 2506 1397 2530 Ed.
1418 2508 1458 2531 12.
1479 2508 1598 2533 scientias

1132 2556 1162 2583 5)
1181 2556 1268 2587 valde]
1297 2557 1341 2581 Ed.
1362 2558 1385 2581 5.
1407 2558 1490 2582 valdo.
