2358 2933
117 95 181 127 609

117 188 245 219 biscum
281 185 475 227 colloquens
509 188 641 217 tradidit
670 187 804 228 aliquod
832 189 969 219 verbum
997 200 1038 219 ac
1054 192 1094 226 ¹⁹)

116 230 352 267 testimonium,
392 229 434 259 ad
468 230 557 269 quod
590 229 737 271 alligavit
770 236 895 261 mentes
929 230 1095 262 hominum

116 273 176 309 ita,
205 278 238 303 ut
260 272 349 303 hunc
371 281 448 302 vere
471 282 547 302 esse
570 272 679 303 Deum
700 279 868 304 aeternum
890 274 1094 304 conditorem

116 320 308 352 statuerent,
325 315 378 354 qui
391 324 429 344 se
440 312 643 354 patefecerat
656 315 719 345 hac
731 325 815 346 voce
828 321 858 346 et
871 315 935 346 hoc
948 317 1093 346 testimo-

116 359 180 388 nio.
215 357 272 387 Sic
291 358 323 387 in
339 357 443 396 primo
464 364 642 398 praecepto
659 356 775 398 alligat
789 356 946 398 populum
962 358 1004 388 ad
1020 369 1092 389 ver-

117 401 203 436 bum,
221 400 310 439 quod
322 400 432 429 sonuit
444 401 476 429 in
489 406 599 430 monte
618 400 708 436 Sina,
731 406 763 430 et
777 401 820 430 ad
832 401 1038 431 eductionem
1051 411 1092 431 ex

114 442 269 483 Aegypto
295 441 366 479 [EX.
383 442 436 479 20,
454 442 514 479 24:
538 442 610 483 Ego
630 453 702 473 sum
715 441 876 473 Dominus
889 442 983 474 Deus
1004 449 1090 480 tuus,

114 485 170 525 qui
193 485 288 514 eduxi
311 490 343 514 te
367 485 407 515 de
430 490 518 515 terra
535 485 688 525 Aegypti.
724 483 960 525 Complectitur
983 486 1092 516 omnia

113 528 259 557 miranda
284 526 372 557 facta
395 527 427 556 in
445 528 628 564 eductione,
652 537 736 566 quae
752 526 884 558 fuerunt
903 529 1091 558 testimonia

114 570 321 610 praesentiae
343 569 416 600 Dei.
463 569 524 600 Hic
552 570 637 600 idem
661 569 755 599 Deus
784 570 872 599 dedit
900 570 1091 610 promissio-

114 622 173 642 nes
190 613 231 642 de
243 612 435 648 Mediatore,
451 618 587 652 propter
604 622 701 652 quem
719 612 795 642 inde
814 622 921 652 usque
939 613 980 642 ab
1000 613 1089 643 initio

114 654 231 685 Patres
249 655 394 685 exaudiri
409 664 447 684 se
461 655 621 684 sciebant.
652 654 699 684 lta
722 653 860 695 alligata
883 660 952 685 erat
976 664 1090 684 eorum

113 698 278 727 invocatio
306 697 348 727 ad
376 696 463 727 hunc
487 696 611 733 Dean,
641 697 695 737 qui
724 707 761 727 se
790 698 823 727 in
852 697 1026 727 eductione
1049 706 1089 726 ex

112 739 268 779 Aegypto
288 737 489 777 patefecerat
508 745 541 769 et
560 739 696 769 dederat
712 740 950 779 promissiones
969 739 1089 770 (16016-

112 781 249 818 diatore‚
270 787 304 811 ut
317 780 425 812 David
444 781 546 821 inquit
568 781 637 819 [Ps.
653 781 724 819 109,
740 782 799 820 l.]:
823 782 913 812 Dixit
927 782 1088 813 Dominus

112 823 253 854 Domino
272 834 358 860 meo,
377 824 457 854 sede
475 834 495 854 a
514 824 635 854 dextris
650 825 741 861 meis,
759 824 809 855 Tu
821 836 856 855 65
871 824 1036 855 Sacerdos
1056 825 1088 854 in

112 872 281 896 aeternum
299 872 360 896 etc.
395 866 442 896 lta
463 876 524 896 nos
546 868 607 897 iam
629 867 784 904 exhibito,
807 867 965 898 crucifixo
984 873 1015 897 et
1038 877 1088 897 re-

112 909 273 939 suscitato
289 908 421 939 Christo
439 914 470 939 et
482 908 654 949 Evangelii
672 908 747 941 luce
767 912 879 951 agnita
898 910 961 940 hoc
981 911 1088 949 ipsum

112 952 330 981 testimonium
340 952 436 982 nobis
446 962 680 991 proponamus,
694 954 724 982 in
738 953 824 983 hunc
838 951 954 983 Filium
966 953 1088 983 intuea-

112 1004 194 1031 mur,
217 1004 257 1024 ac
281 994 446 1024 discamus
470 994 552 1025 haec
572 995 648 1025 duo.
673 996 755 1029 Quis
778 996 819 1025 sit
830 995 924 1025 Deus
948 1001 979 1025 et
1003 1005 1087 1035 quae

110 1037 152 1065 sit
174 1035 328 1066 voluntas
352 1037 434 1073 eius.
458 1043 490 1067 et
512 1043 656 1067 nostram
680 1038 920 1068 invocationem
944 1038 985 1067 ab
1010 1037 1088 1067 Eth-

108 1078 194 1115 nica,
217 1077 365 1115 Turcica‚
396 1079 527 1111 Iudaica
549 1080 725 1120 prudenter
748 1086 781 1110 et
803 1081 958 1110 ardenter
980 1080 1087 1110 seiun-

109 1130 236 1161 gamus.
281 1120 464 1162 Praecipue
492 1123 577 1152 enim
607 1123 733 1153 duabus
759 1123 964 1163 gravissimis
988 1132 1086 1162 quae-

108 1163 271 1194 stionibus
296 1163 403 1194 differt
426 1175 505 1195 vera
528 1165 692 1195 invocatio
716 1176 736 1195 a
758 1164 859 1195 falsa:
890 1165 1086 1205 quaestione

107 1206 148 1235 de
171 1207 316 1236 essentia
339 1212 370 1236 et
393 1208 588 1247 quaestione
612 1208 652 1237 de
676 1207 856 1238 voluntate.
900 1207 999 1237 Turci
1024 1208 1085 1237 etsi

107 1248 218 1279 dicunt
247 1258 284 1278 se
306 1250 463 1279 invocare
486 1260 584 1279 unum
607 1249 734 1287 Deum,
765 1250 968 1280 conditorem
993 1249 1084 1280 Coeli

106 1296 138 1320 et
150 1289 283 1327 Terrae,
307 1296 414 1320 tamen
438 1301 458 1321 a
481 1301 560 1321 vero
575 1290 648 1322 Deo
673 1293 839 1328 aberrant,
864 1293 939 1332 quia
962 1298 1084 1333 negant

104 1331 191 1363 hunc
215 1342 291 1362 esse
310 1332 429 1370 Deum,
453 1334 507 1374 qui
532 1334 618 1364 misit
637 1334 755 1365 Filium
768 1334 993 1370 Mediatorc1113
1016 1345 1083 1365 non

104 1374 202 1415 igitur
225 1381 317 1406 recte
340 1375 505 1407 invocant.
548 1376 608 1407 Est
632 1377 716 1408 enim
740 1383 874 1408 aeterna
897 1383 928 1408 et
950 1378 1083 1408 immota

104 1415 219 1457 regula
242 1417 331 1448 loan.
354 1418 385 1448 5.
411 1422 475 1456 [vs.
499 1419 583 1457 23.]:
614 1421 676 1454 Qui
699 1430 765 1450 non
788 1420 930 1450 honorat
954 1420 1081 1458 Filium,

103 1469 170 1489 non
190 1459 330 1490 honorat
342 1460 484 1491 Patrem.
518 1461 661 1493 Primum
679 1463 778 1503 igitur
791 1462 890 1493 Turci
909 1463 949 1493 de
968 1473 1081 1494 essen-

103 1503 147 1532 tia
170 1502 233 1532 Dei
256 1509 383 1540 errant,
414 1505 489 1543 quia
512 1504 640 1545 fingunt
663 1506 725 1535 sibi
748 1515 843 1536 suum
866 1505 992 1543 Deum,
1027 1506 1081 1547 qui

102 1555 168 1575 non
191 1545 234 1575 sit
257 1544 356 1575 Pater
377 1546 451 1576 lesu
474 1545 606 1577 Christi.

188 1604 342 1635 Secundo
367 1611 477 1636 errant
493 1607 533 1636 de
546 1605 728 1644 voluntate,
752 1618 824 1638 cum
843 1608 1078 1648 promissiones

100 1647 254 1687 ignorent
277 1653 308 1678 et
331 1654 451 1690 negent
471 1648 587 1680 Filium
611 1659 686 1680 esse
699 1649 924 1687 Mediatorem,
948 1656 1079 1681 manent

100 1690 131 1719 in
162 1697 321 1730 perpetua
352 1692 571 1729 dubitatione,
605 1703 666 1723 nec
695 1698 835 1733 possunt
863 1699 1010 1724 statuere
1041 1704 1078 1724 se

100 1733 202 1773 recipi
233 1743 251 1763 a
274 1732 347 1764 Deo
377 1740 408 1764 et
432 1735 587 1765 exaudiri.
634 1735 696 1770 Qui
726 1746 806 1766 vero
830 1742 959 1766 manent
983 1737 1016 1766 111
1040 1747 1078 1767 ea

100 1775 317 1809 dubitatione,
353 1787 419 1807 11011
453 1778 624 1816 invocant,
659 1778 720 1808 sed
749 1777 878 1820 fugiunt
908 1778 1014 1810 Deum
1046 1785 1078 1810 et

99 1823 196 1848 ruunt.
212 1817 265 1849 vel
280 1819 313 1848 111
333 1826 555 1860 contemptum
567 1820 630 1852 Dei
653 1820 707 1852 vel
728 1822 761 1852 in
785 1827 937 1852 aeternas
961 1822 1077 1862 despe-

98 1861 242 1892 rationes
267 1868 297 1892 61
312 1863 359 1903 ⁴²⁰)
382 1863 414 1893 in
439 1863 672 1904 blasphemias.

183 1919 389 1962 Econtra'21)
424 1922 576 1954 Ecclesia
605 1923 668 1955 Dei
703 1922 843 1955 affirmat
876 1923 964 1955 hunc
998 1935 1075 1955 esse

97 1962 205 1994 Deum
239 1965 441 1995 conditorem
476 1977 603 2003 rerum,
634 1967 687 2007 qui
721 1978 758 1998 se
786 1965 940 2007 patefecit
970 1968 1074 1998 misso

97 2004 162 2035 hoc
181 2005 262 2037 Filio
280 2013 312 2037 et
332 2008 407 2038 dato
426 2008 608 2051 Evangelio
635 2015 667 2040 et
693 2011 788 2041 editis
811 2011 1006 2041 testimoniis
1028 2011 1073 2041 in-

98 2049 270 2089 gentibus,
300 2061 385 2090 quae
414 2058 629 2083 recensentur
658 2054 688 2083 in
716 2052 851 2084 historia
875 2052 1073 2094 Prophetica

97 2097 127 2121 et
150 2091 362 2132 Evangelica.
404 2094 451 2124 lta
473 2096 610 2135 primum
634 2096 674 2126 de
697 2097 843 2127 essentia
865 2095 927 2126 Dei
951 2097 1073 2127 iudicat

95 2144 162 2164 non
186 2144 227 2164 ex
249 2134 399 2166 humanis
423 2138 720 2178 imaginationibus,
744 2140 804 2170 sed
827 2149 867 2169 ex
891 2140 992 2170 verbo
1008 2139 1072 2170 Dei

97 2178 194 2207 certis
209 2178 402 2209 testimoniis
425 2181 554 2210 tradito.
589 2180 717 2212 Deinde
735 2182 774 2212 de
797 2181 965 2212 voluntate
979 2188 1070 2213 certo

95 2220 216 2250 scimus
231 2219 346 2251 Filium
358 2221 420 2252 Dei
432 2222 649 2254 mediatorem
662 2227 873 2256 constitutum
889 2235 965 2255 esse
976 2226 1070 2256 mira-

96 2261 151 2292 bili
181 2269 211 2293 et
244 2264 451 2295 inenarrabili
480 2265 636 2304 consilio,
665 2274 697 2298 et
720 2274 811 2299 certo
835 2268 936 2308 recipi
959 2274 991 2298 et
1014 2278 1069 2298 ex-

94 2306 197 2336 audiri
219 2316 281 2336 nos
304 2313 452 2347 petentes
476 2315 610 2350 propter
632 2309 718 2341 hunc
740 2310 967 2342 Mediatorem.
1008 2311 1068 2341 His

94 2433 137 2461 19)
156 2434 194 2465 ac]
216 2435 289 2460 Editt.
311 2437 400 2460 1—10.
424 2438 460 2460 12.
481 2440 505 2462 61

92 2484 136 2513 20)
157 2488 181 2509 et
200 2486 280 2511 abest
297 2493 316 2512 a
335 2488 406 2517 Coi-p.
427 2489 449 2511 2.
469 2489 492 2512 4.

92 2535 135 2565 21)
156 2537 271 2568 Econtra]
293 2539 365 2563 Editt.
389 2541 408 2561 1.
428 2540 450 2562 3.
471 2541 574 2565 [contra
594 2547 654 2567 vero

242 2596 361 2617 1111111111.
377 2598 443 2618 orm
458 2599 507 2619 voi.
522 2600 570 2619 xxi.

584 94 608 124 1.
631 93 733 125 LOCI
756 94 1032 128 THEOLOGICI:
1056 96 1098 128 D.
1122 97 1284 130 TERTIA
1305 98 1464 131 EORUM
1486 100 1643 133 AETAS.

2060 105 2126 136 610

1139 191 1382 223 discriminibus
1416 194 1507 225 initio
1543 196 1781 232 consideratis,
1815 206 1900 236 quae
1929 198 2061 238 quidem
2089 199 2122 229 in

1138 233 1348 265 invocatione
1371 237 1518 276 quotidie
1541 238 1718 278 cogitanda
1741 244 1834 275 sunt,
1858 240 1980 270 rectius
2004 239 2123 272 intelli-

1138 281 1245 316 getur,
1270 278 1437 317 quomodo
1462 280 1689 319 quaerenduS‚
1713 282 1947 320 agnoscendus
1973 288 2004 312 et
2028 284 2121 314 invo-

1138 319 1265 349 candus
1289 320 1331 349 sit
1354 320 1467 357 Deus,
1498 332 1596 362 quam
1620 332 1660 352 ex
1685 323 1799 352 otiosis
1823 323 2120 364 speculationibus,

1136 369 1220 399 quas
1249 360 1340 391 multi
1369 362 1575 394 cumularunt
1605 364 1676 394 sine
1698 365 1796 395 modo
1820 366 1853 396 in
1878 369 2121 399 commentariis

1134 401 1361 443 Longobardi.

1222 444 1263 475 Ut
1287 452 1396 476 autem
1420 447 1674 487 descriptionem
1697 448 1837 490 aliquam
1849 450 1912 480 Dei
1935 457 2119 491 teneamus,

1134 485 1303 517 conferam
1327 489 1426 519 duas:
1450 489 1589 520 alteram
1617 490 1760 521 mutilam
1783 491 1949 531 Platonis,
1978 494 2117 527 alteram

1134 529 1303 569 integram,
1324 541 1409 571 quae
1429 532 1460 561 in
1476 531 1629 562 Ecclesia
1647 534 1766 564 tradita
1786 540 1835 564 est
1853 541 1884 565 et
1903 546 1943 566 ex
1964 538 2116 578 baptismi

1134 572 1243 601 verbis
1278 572 1426 603 discitur.
1472 573 1644 604 Platonica
1673 574 1755 606 haec
1786 582 1849 606 est:
1885 578 2003 610 DEUS
2033 580 2116 611 EST

1132 611 1253 643 MENS
1277 614 1499 653 AETERNA,
1524 616 1700 647 CAUssA
1721 618 1827 648 BONI
1850 619 1894 649 IN
1917 621 2116 660 NATURA,

1133 653 1329 695 Quanquam
1367 664 1475 687 autem
1509 657 1591 689 haec
1621 658 1792 691 Platonica
1823 662 2001 703 descriptio
2032 666 2114 696 adeo

1132 698 1258 727 erudite
1282 700 1466 738 composita
1490 706 1559 738 est,
1588 712 1624 731 111
1652 701 1785 733 difficile
1813 705 1855 733 sit
1885 705 2029 737 iudicare
2058 719 2114 748 pa-

1132 749 1203 769 rum
1227 741 1426 778 exercitatis,
1452 743 1529 782 quid
1553 744 1649 781 desit,
1673 751 1779 775 tamen
1804 747 1879 787 quia
1902 749 2046 780 nondum
2069 751 2114 781 ita

1132 781 1289 813 describit
1312 782 1430 821 Deum,
1454 790 1489 815 ut
1511 795 1549 816 se
1563 788 1607 819 22)
1631 787 1786 826 patefecit
1809 790 1892 829 ipse,
1917 793 2114 831 requirenda

1133 830 1182 854 est
1211 824 1276 855 alia
1304 824 1464 857 illustrior
1492 834 1522 858 et
1546 830 1681 869 propior
1705 831 1893 871 descriptiO.
1941 833 2052 865 Verba
2067 838 2110 871 ¹³3)

1131 872 1207 897 sunt
1235 866 1335 898 haec:
1372 868 1480 900 Deum
1507 880 1583 901 esse
1612 878 1753 904 mentem
1777 881 1961 913 aeternam,
1990 877 2023 907 id
2046 884 2110 916 est,

1131 911 1310 941 essentiam
1322 911 1538 951 spiritualem,
1556 913 1802 955 intelligentem,
1818 923 1996 956 aeternam,
2018 931 2113 958 caus-¹

1132 962 1202 982 53111
1221 953 1296 982 boni
1312 953 1484 992 1111131013,
1508 956 1539 986 id
1552 962 1614 993 est,
1638 967 1800 996 veracem,
1826 961 1957 998 bonam,
1981 963 2112 1001 iustam,

1132 995 1388 1034 omnipotentem
1418 998 1631 1029 conditricem
1656 1001 1814 1032 bonarum
1838 1013 1947 1034 rerum
1970 1006 2112 1037 onmium

1131 1042 1162 1066 et
1186 1038 1286 1068 totius
1314 1039 1437 1069 ordinis
1470 1041 1501 1070 in
1531 1048 1649 1072 natura
1671 1049 1703 1073 et
1727 1043 1887 1075 humanae
1910 1053 2047 1078 naturae
2070 1049 2112 1079 ad

1131 1085 1256 1109 certum
1287 1080 1450 1118 ordinem,
1485 1083 1518 1113 id
1547 1090 1614 1122 est,
1648 1086 1688 1115 ad
1725 1093 1847 1117 certam
1882 1089 2111 1121 obedientiam.

1129 1121 1220 1152 Haec
1245 1124 1354 1153 omnia
1378 1124 1570 1165 complexus
1594 1133 1644 1157 est
1664 1126 1770 1159 Plato.
1802 1129 1866 1160 Sed
1892 1129 2008 1166 113624)
2033 1140 2111 1164 511111

1128 1164 1237 1194 adhuc
1256 1164 1417 1196 humanae
1434 1169 1552 1198 mentis
1572 1170 1804 1210 cogitationes,
1829 1182 1913 1212 quae
1932 1176 1993 1205 etsi
2010 1186 2110 1207 verae

1128 1212 1160 1236 et
1177 1207 1324 1237 eruditae
1341 1214 1418 1238 sunt
1438 1216 1469 1239 et
1482 1221 1523 1240 ex
1535 1210 1637 1241 firmis
1651 1213 1987 1247 demonstrationibus
2001 1225 2109 1257 natae,

1129 1256 1235 1279 tamen
1259 1250 1445 1282 addendum
1468 1260 1537 1290 est,
1561 1253 1689 1294 qualem
1713 1266 1750 1286 se
1774 1256 1867 1288 Deus
1891 1259 1962 1298 ipse
1986 1261 2109 1300 patefe-

1129 1293 1220 1322 cerit.
1266 1292 1315 1322 Sit
1338 1294 1438 1334 igitur
1460 1294 1542 1326 haec
1566 1295 1670 1328 altera
1694 1299 1890 1340 descriptio:

1213 1334 1306 1365 Deus
1335 1342 1386 1366 est
1414 1339 1560 1368 essentia
1583 1340 1780 1379 spiritualis,
1814 1342 2020 1385 intelligens,
2055 1357 2108 1377 ae-

1127 1383 1234 1414 terna,
1269 1388 1388 1417 verax,
1431 1381 1534 1418 bona,
1572 1393 1672 1422 pura,
1708 1384 1794 1415 iusta
1808 1387 1871 1426 ²5),
1906 1388 2106 1427 misericors,

1124 1419 1306 1459 liberrima,
1334 1421 1513 1454 immensae
1535 1426 1701 1464 potentiae
1724 1433 1754 1457 et
1777 1429 1976 1468 sapientiae,
2007 1431 2106 1463 Pater

1125 1468 1297 1503 aeternus,
1332 1466 1385 1504 qui
1416 1465 1531 1496 Filium
1561 1467 1736 1509 imaginem
1770 1480 1862 1501 suam
1896 1473 1937 1502 ab
1971 1480 2105 1506 aeterno

1123 1506 1246 1546 genuit,
1271 1512 1301 1536 et
1324 1505 1427 1538 Filius
1451 1509 1559 1550 imago
1576 1510 1685 1541 Patris
1706 1519 1893 1551 coaeterna,
1918 1521 1948 1545 et
1963 1516 2104 1556 Spiritus

1123 1554 1259 1579 sanctus
1282 1551 1470 1589 procedens
1493 1562 1513 1582 a
1535 1551 1634 1583 Patre
1659 1560 1690 1584 et
1713 1554 1806 1593 Filio,
1833 1557 1917 1587 sicut
1940 1558 2104 1598 patefacta

1124 1597 1173 1621 cst
1189 1592 1233 1628 26)
1264 1592 1415 1623 divinitas
1446 1601 1536 1624 certo
1565 1597 1683 1634 verbo,
1715 1599 1803 1638 quod
1827 1598 1926 1630 Pater
1947 1608 2102 1634 aeternus

1123 1643 1197 1663 cum
1226 1632 1308 1664 Filio
1344 1641 1375 1665 et
1404 1636 1528 1677 Spiritu
1562 1644 1678 1670 sancto
1714 1642 1899 1673 condiderit
1930 1649 1962 1674 et
1991 1652 2103 1677 servet

1122 1674 1248 1706 coelum
1273 1682 1303 1707 et
1326 1684 1448 1709 terram
1467 1686 1499 1710 et
1523 1690 1637 1712 omnes
1663 1689 1845 1722 creaturas,
1870 1691 1900 1716 et
1923 1686 1955 1716 in
1979 1697 2102 1729 genere

1120 1718 1262 1749 humano
1287 1721 1419 1751 condito
1443 1723 1484 1752 ad
1505 1723 1679 1765 imaginem
1702 1735 1795 1756 5113111
1820 1734 1851 1758 et
1875 1735 1998 1760 certam
2023 1732 2102 1761 obe-

1120 1761 1272 1792 dientiam
1296 1761 1433 1804 elegerit
1451 1765 1513 1795 sibi
1526 1765 1721 1804 Ecclesiam,
1745 1774 1779 1799 ut
1801 1771 1841 1800 ab
1867 1781 1905 1801 ea
1930 1770 2013 1804 haec
2036 1784 2103 1805 una

1121 1810 1151 1834 et
1174 1814 1254 1835 vera
1277 1806 1428 1837 divinitas
1453 1806 1620 1847 patefacta
1643 1811 1742 1840 certis
1767 1813 1961 1844 testimoniis
1986 1822 2017 1846 et
2040 1827 2102 1857 per

1120 1847 1256 1878 verbum
1279 1849 1431 1880 traditam
1443 1849 1618 1890 Prophetis
1643 1858 1674 1882 et
1688 1852 1860 1893 Apostolis
1884 1865 2100 1898 agnoscatur,

1118 1890 1291 1921 invocetur
1320 1897 1352 1922 et
1381 1891 1509 1924 colatur
1541 1894 1628 1924 iuxta
1658 1896 1795 1927 verbum
1828 1896 1908 1930 illud
1943 1901 2098 1932 divinitus

1118 1933 1285 1970 traditum,
1317 1939 1348 1964 et
1378 1935 1571 1967 damnentur
1599 1947 1713 1968 omnes
1738 1938 1862 1978 cultus,
1893 1943 1947 1982 qui
1971 1943 2099 1986 fingunt

1117 1973 1200 2005 alios
1214 1975 1318 2013 Deos,
1343 1983 1374 2007 et
1393 1977 1475 2009 haec
1490 1989 1567 2010 vera
1582 1980 1733 2011 divinitas
1749 1984 1793 2016 ¹27)
1817 1983 1849 2013 in
1873 1985 1939 2015 vita
1961 1993 2098 2018 aeterna

1117 2016 1309 2049 celebretur.

1203 2061 1293 2092 11366
1317 2063 1494 2103 descriptio
1517 2066 1652 2105 propius
1676 2067 1805 2105 recitat,
1829 2070 1902 2109 quis
1924 2071 1967 2101 sit
1990 2071 2095 2110 Deus,

1117 2109 1149 2133 et
1179 2104 1310 2135 deducit
1333 2116 1394 2135 nos
1418 2107 1459 2137 ad
1483 2107 1736 2146 patefactionem
1760 2111 1918 2150 divinam,
1948 2114 2033 2145 sicut
2062 2117 2094 2146 in

1115 2146 1268 2177 Ecclesia
1291 2157 1422 2188 semper
1445 2149 1529 2180 haec
1553 2151 1702 2182 doctrina
1716 2153 1834 2184 tradita
1849 2161 1911 2186 est.
1949 2156 2094 2190 Primum

1113 2293 1158 2321 22)
1178 2293 1219 2322 se]
1238 2293 1310 2318 Editt.
1333 2295 1353 2317 1.
1374 2294 1397 2317 3.
1419 2295 1441 2318 6.
1465 2295 1487 2318 7.
1508 2302 1567 2320 sese

1112 2344 1158 2374 23)
1178 2344 1271 2374 Verba]
1292 2345 1362 2370 Editt.
1385 2348 1405 2368 1.
1426 2346 1449 2369 3.
1469 2349 1566 2376 miogr.
1588 2353 1691 2372 errore:
1712 2349 1775 2373 Vera

1112 2395 1156 2426 24)
1176 2395 1235 2427 hae]
1258 2396 1300 2420 Ed.
1321 2396 1360 2420 22.
1382 2397 1445 2421 haec

1111 2446 1155 2477 25)
1176 2447 1250 2477 iusta,
1269 2448 1349 2472 abest
1366 2449 1401 2473 ab
1419 2449 1490 2474 Editt.
1512 2450 1532 2472 1.
1554 2449 1576 2473 3.

1109 2498 1154 2524 26)
1173 2498 1301 2528 patefacta
1322 2500 1371 2529 est]
1391 2500 1461 2524 Editt.
1484 2502 1504 2522 1.
1525 2500 1548 2523 3.
1569 2501 1591 2525 6.
1612 2502 1634 2525 7.
1655 2506 1695 2527 est
1713 2503 1842 2533 patefacta

1109 2549 1154 2578 27)
1175 2550 1303 2581 divinitas]
1326 2551 1397 2575 Editt.
1422 2552 1440 2575 1.
1461 2551 1483 2574 3.
1506 2552 1587 2576 male:
1607 2552 1724 2579 divinitus

1905 2611 1937 2634 39
