2358 2933
108 112 189 144 1005

106 205 220 236 edistis
253 209 286 234 et
318 203 463 239 bibistis,
498 202 593 233 vobis
617 202 804 233 comedistis
823 206 883 232 etc.
919 200 1011 230 Haec
1035 201 1080 231 di-

106 248 150 278 cit
171 245 350 277 Dominus:
373 244 531 276 Iudicium
554 254 668 275 verum
690 244 844 281 iudicate,
862 243 1004 280 viduam,
1022 253 1081 282 pu-

105 285 230 329 pillum,
253 288 412 320 advenam
427 292 458 317 et
471 295 647 327 pauperem
657 285 761 319 nolite
774 285 963 316 calumniari
980 290 1041 315 etc.

136 329 306 365 2>Decus
336 328 452 360 horum
493 339 630 369 operum
652 329 696 360 ita
729 328 836 369 magis
869 325 1081 368 intelligetur,

107 383 180 404 cum
214 373 284 412 ipse
318 371 400 402 ordo
434 369 587 411 politicus
608 376 640 402 et
663 379 803 401 caussae
826 370 950 400 ordinis
975 370 1081 400 consi-

107 415 271 447 derantur.
317 412 412 444 Deus
447 413 592 444 condidit
626 422 731 454 genus
764 412 942 443 humanum
964 412 1006 442 ad
1029 422 1081 442 so-

106 459 255 488 cietatem
279 462 311 486 et
332 455 428 486 huius
452 455 623 486 societatis
646 452 779 485 vincula
802 463 878 484 esse
900 452 1004 484 voluit
1026 464 1081 495 ge-

105 499 319 536 nerationem,
332 498 572 534 educationem,
585 496 867 538 gubernationem,
880 502 1081 534 contractus,

105 547 203 572 artes.
250 540 320 572 Nec
349 538 443 570 solus
470 540 522 571 vir
544 539 648 580 gignit
669 548 733 569 nec
756 537 829 569 sola
852 537 986 575 mulier,
1020 549 1082 569 nec

105 584 215 624 genita
241 581 376 614 soboles
398 582 469 612 sine
498 580 605 612 aliena
627 590 690 621 ope
712 581 813 612 vitam
835 582 961 612 retinet.
1007 580 1082 612 Col-

105 625 208 667 ligata
242 631 293 656 est
327 634 409 666 ergo
437 624 602 655 hominum
623 630 742 654 natura
764 624 907 654 aeternis
930 623 1082 655 vinculis.

106 667 173 698 Sed
207 668 249 698 ad
273 677 370 708 quem
392 666 490 697 finem
512 666 746 706 praecipuum?
767 665 821 697 Ad
843 665 947 697 hunc:
982 672 1017 697 ut
1041 667 1083 697 ad

107 710 353 750 generationem
387 714 420 738 et
453 708 682 739 educationem
716 718 801 749 opus
835 714 885 738 est
911 709 1082 746 societate,

106 753 151 783 ita
174 757 271 783 coetu
294 761 377 792 opus
401 758 449 782 est
474 751 516 781 ad
539 751 731 781 docendum.
761 749 841 781 Vult
864 750 957 781 Deus
981 761 1082 792 agno-

105 795 155 825 sci
188 800 220 825 et
254 792 433 830 celebrari,
467 799 501 824 ut
524 793 622 833 igitur
644 792 699 824 alii
722 791 805 823 alios
828 794 869 823 de
890 793 963 824 Deo
987 799 1017 824 et
1042 794 1082 824 tle

105 836 178 867 aliis
202 837 301 867 rebus
325 837 421 867 bonis
441 836 593 873 doceant,
625 835 745 866 conditi
768 841 845 866 sunt
868 834 1017 866 homines
1040 836 1082 866 ad

105 879 308 915 societatem,
331 878 424 909 cuius
449 877 581 909 vincula
604 884 679 909 sunt
702 877 938 919 Magistratus,
960 878 1082 919 Leges,

105 920 243 952 Politica
266 918 386 951 officia.

189 963 333 994 Primum
366 973 446 1003 ergo
480 962 512 992 in
545 961 596 993 his
620 961 737 993 officiis
761 963 945 994 obedientia
968 969 1082 994 nostra

105 1015 185 1048 erga
206 1004 314 1036 Deum
338 1004 538 1036 declaranda
562 1011 623 1035 est.

191 1047 345 1079 Secundo
374 1047 484 1078 luceat
517 1048 549 1077 in
584 1048 744 1078 societate
768 1047 934 1078 confessio
958 1054 1081 1079 nostra.

105 1091 181 1121 Ideo
216 1092 300 1121 enim
324 1091 498 1130 praecipue
521 1090 563 1120 ad
588 1091 781 1120 societatem
810 1090 931 1121 conditi
956 1100 1082 1128 sumus,

105 1139 137 1163 ut
160 1132 225 1164 late
246 1138 450 1174 propagetur
472 1133 588 1162 notitia
609 1132 672 1163 Dei
695 1138 726 1163 et
749 1132 820 1163 Filii
843 1133 925 1170 eius,
950 1133 1082 1164 Domini

104 1176 221 1212 nostri,
244 1175 318 1206 Iesu
341 1175 472 1206 Christi.
509 1175 667 1212 Ostende,
692 1175 769 1215 quid
792 1176 918 1206 sentias
942 1176 983 1206 de
994 1175 1080 1212 Deo,

104 1229 144 1249 ac
179 1218 311 1249 testeris
349 1224 382 1248 te
414 1223 549 1258 propter
578 1217 731 1248 iudicium
753 1217 815 1248 Dei
836 1228 914 1248 vera
936 1218 1082 1257 profiteri

105 1267 136 1291 et
159 1261 245 1292 iusta
269 1258 391 1290 facere.

189 1302 300 1333 Tertio
325 1312 398 1332 cum
421 1301 539 1341 plenae
562 1302 628 1332 sint
649 1311 877 1332 aerumnarum
900 1308 932 1332 et
953 1302 1082 1342 pericu-

105 1344 210 1376 lorum
244 1344 423 1385 ingentium
456 1344 670 1374 oeconomiae
700 1350 731 1373 et
752 1342 901 1383 politiae,
937 1344 1081 1383 (ferreus

105 1393 155 1418 est
190 1388 286 1424 euim,
309 1388 353 1420 73)
386 1387 440 1426 qui
463 1386 685 1426 generationis
710 1391 743 1416 et
766 1387 973 1417 educationis
997 1388 1080 1427 peri-

105 1428 180 1460 cula
202 1439 269 1459 non
292 1429 497 1464 consideran
530 1428 658 1458 Deinde
681 1434 803 1468 quanta
826 1428 930 1459 moles
954 1436 1003 1460 est
1028 1440 1082 1461 cu-

105 1482 214 1502 rarum
236 1472 269 1502 in
293 1471 393 1507 curia,
415 1471 448 1500 in
472 1471 623 1505 castrisl)
647 1470 682 1500 In
706 1470 757 1500 his
781 1472 920 1502 miseriis
944 1478 976 1502 et
999 1473 1081 1511 peri-

105 1513 189 1545 culis
223 1512 356 1544 luceant
379 1512 476 1543 Fides
509 1518 541 1543 et
565 1512 745 1543 InvocatiO.
800 1513 878 1544 Ideo
913 1515 997 1545 enim
1030 1514 1081 1545 his

105 1555 355 1588 difficultatibus
379 1561 516 1585 onerata
539 1561 591 1585 est
613 1554 741 1585 infirma
763 1554 929 1587 hominum
953 1563 1081 1593 natura,

105 1605 139 1629 ut
161 1598 318 1629 admoniti
341 1598 382 1628 de
395 1598 474 1628 Fide
495 1603 527 1628 et
546 1598 586 1628 de
601 1599 643 1631 ⁷⁴)
662 1596 877 1629 Invocatione
899 1597 965 1630 late
989 1609 1081 1640 spar-

104 1650 220 1682 gamus
244 1640 307 1671 Dei
340 1640 497 1670 notitiam.
543 1640 638 1670 Fiunt
667 1649 747 1680 ergo
771 1639 880 1672 cultus
904 1640 966 1672 Dei
989 1640 1080 1673 labo-

105 1693 160 1714 res
190 1683 395 1714 oeconomici
426 1689 457 1713 et
479 1681 619 1723 politici,
654 1688 687 1713 et
710 1683 786 1722 quia
808 1684 850 1714 ad
873 1683 960 1715 hunc
984 1683 1081 1715 finem

106 1724 309 1763 reseruntur,
342 1731 378 1756 ut
400 1724 474 1755 Deo
509 1730 698 1765 praestetur
715 1726 918 1763 obedientia,
952 1732 983 1757 et
1006 1728 1082 1768 quia

105 1768 155 1798 his
190 1768 271 1808 ipsis
305 1766 473 1799 laboribus
509 1767 640 1797 misceri
675 1773 804 1808 oportet
838 1768 1081 1800 invocationem

104 1809 178 1841 Dei.
214 1810 306 1841 Sicut
330 1810 439 1841 David
462 1808 683 1850 proeliaturus
708 1816 740 1841 et
763 1809 921 1842 Salomon
944 1822 1080 1853 regnum

104 1863 198 1884 suum
233 1852 393 1883 inchoans
416 1851 523 1883 Deum
545 1853 718 1889 invocant,
742 1859 773 1894 et
802 1853 834 1883 in
856 1852 990 1884 Psalmo
1015 1854 1080 1892 119,

104 1895 150 1933 S.]
175 1895 307 1925 dicitur:
332 1893 380 1924 llli
404 1895 436 1924 in
461 1896 613 1926 curribus
638 1900 669 1924 et
691 1895 724 1925 in
747 1896 855 1935 equis,
885 1906 948 1927 nos
971 1903 1081 1928 autem

104 1938 135 1967 iu
159 1938 289 1967 nomine
312 1937 444 1967 Domini
466 1936 530 1968 Dei
553 1938 657 1967 nostri
668 1938 712 1971 ⁷⁵)
734 1939 972 1969 invocabimus.

190 1979 316 2014 Quarto
339 1985 536 2010 exercentur
557 1980 589 2009 in
611 1978 663 2009 his
686 1978 857 2011 laboribus
881 1981 1012 2013 dilectio
1032 1992 1080 2013 er-

104 2032 147 2062 ga
168 2022 362 2062 proximum,
388 2020 561 2053 tolerantia
585 2027 616 2052 et
637 2021 741 2061 pietas
766 2022 799 2053 in
822 2024 992 2056 retinenda
1004 2035 1080 2065 pos-

104 2064 256 2094 sessione
285 2064 454 2095 doctrinae
481 2064 523 2094 de
545 2064 631 2095 Deo.
676 2064 857 2097 Miscentur
879 2067 977 2107 igitur
999 2067 1080 2098 mul-

103 2112 156 2137 tae
178 2106 316 2137 virtutes
338 2105 509 2139 laboribus
533 2107 757 2138 oeconomicis
780 2115 812 2138 et
828 2108 983 2149 politiciS‚
1005 2121 1080 2150 pro-

103 2154 177 2189 pter
209 2158 292 2189 quas
326 2148 407 2180 fiunt
441 2149 605 2180 sacrificia
640 2159 700 2180 seu
724 2149 831 2182 cultus
852 2151 928 2189 Dei,
963 2153 994 2183 id
1017 2158 1079 2190 est,

104 2200 216 2231 opera,
240 2192 359 2232 quibus
382 2190 474 2223 Deus
497 2192 617 2222 iudicat
640 2201 677 2222 se
699 2192 826 2224 honore
849 2193 948 2225 affici.

258 2277 343 2312 Quid
366 2278 436 2319 agit
454 2277 564 2308 David
587 2276 778 2318 proelians?

190 2344 332 2377 Primum
366 2347 518 2388 agnoscit
550 2355 587 2376 se
621 2345 838 2378 obedientiam
861 2347 934 2379 Deo
959 2349 990 2379 in
1014 2348 1079 2380 hae

105 2439 149 2469 73)
170 2439 245 2468 enim,
265 2439 344 2464 abest
363 2440 399 2465 ab
417 2439 489 2464 Editt.
509 2439 547 2464 26.
568 2440 617 2469 27„
639 2441 710 2471 corp.
732 2443 803 2466 1—8.

105 2489 149 2520 74)
169 2490 200 2514 de
219 2490 298 2515 abest
314 2490 350 2515 ab
367 2490 441 2515 Editt.
461 2491 502 2516 20⁴
522 2491 640 2521 25—27.‚
659 2492 730 2522 Corp.
753 2493 825 2516 1—8.

105 2540 149 2567 75)
168 2541 246 2565 nostri
265 2541 344 2566 abest
361 2541 396 2566 ab
415 2541 487 2566 Editt.
507 2542 547 2564 22.
568 2543 606 2567 24.
626 2543 665 2566 28.
687 2543 727 2567 29.
747 2543 867 2573 δι’-33η
885 2545 945 2575 opp.
969 2546 988 2570 l.
1008 2546 1030 2568 ⁴2.

584 110 606 140 1.
630 109 730 140 LOCI
752 106 1027 140 THEOLOGICI:
1050 107 1091 141 D.
1115 106 1275 141 TERTIA
1297 104 1453 137 EORUM
1476 105 1631 137 AETAS.

2022 109 2103 139 1006

1124 200 1298 230 vocatione
1331 198 1463 235 debere,
1497 198 1562 228 hoc
1586 204 1648 235 est,
1684 198 1717 229 in
1740 197 1804 229 hoc
1827 201 1933 240 gradu
1956 200 2102 241 politico,

1123 242 1157 272 in
1185 251 1284 282 quem
1306 239 1490 271 collocatus
1514 246 1573 271 est.
1622 240 1777 272 Secundo
1801 241 1973 281 profitetur
1996 253 2034 273 se
2058 244 2101 273 ci-

1124 293 1199 314 vem
1222 292 1298 314 esse
1320 282 1434 323 populi
1447 281 1551 313 lsrael
1574 288 1607 313 et
1630 283 1788 314 invocare
1800 283 1908 316 Deum
1922 291 2102 322 aeternum,

1125 326 1180 367 qui
1214 336 1252 356 se
1283 324 1438 366 patefecit
1460 331 1492 356 et
1515 326 1650 355 verbum
1674 336 1770 356 suum
1788 326 1947 359 Israelitis
1971 327 2102 359 tradidit

1126 369 1225 399 certis
1260 368 1465 398 testimoniis.
1511 367 1621 398 Tertio
1651 368 1683 398 in
1706 368 1862 408 periculis
1887 370 1984 401 fidem
2009 381 2102 401 suain

1126 416 1258 441 exercet
1281 417 1312 440 et
1335 409 1442 441 Deum
1464 410 1606 441 invocat.
1653 410 1778 444 Quarto
1798 413 1900 443 servit
1923 412 1987 444 hoc
2010 411 2101 443 labo-

1126 463 1163 483 re
1185 454 1255 484 suis
1279 453 1418 490 civibus,
1437 453 1501 483 imo
1525 452 1656 482 dimicat
1678 463 1738 492 pro
1762 452 2034 495 illis'parietibus,
2058 456 2102 485 in-

1126 501 1177 526 tra
1199 505 1283 535 quos
1302 496 1417 525 sedent
1439 494 1533 534 pueri
1556 500 1587 524 et
1609 494 1739 534 puellae
1755 496 1920 527 discentes
1931 495 2103 528 lectionem

1127 537 1365 577 Prophetarum
1388 543 1421 567 ut
1446 542 1663 567 conservetur
1686 542 1718 568 et
1740 540 2103 580 propageturdoctrina

1128 579 1295 611 coelestis.
1340 579 1471 609 Interim
1505 589 1602 619 quam
1635 578 1758 611 multae
1781 580 1865 612 aliae
1888 582 2026 613 virtutes
2049 592 2102 613 ac-

1129 624 1261 660 cedunt,
1286 622 1418 659 iustitia,
1441 619 1625 658 tolerantia,
1649 624 1866 654 mansuetudo
1890 630 1921 654 et
1945 623 2029 655 aliae
2040 625 2103 655 vir-

1127 671 1216 696 tutes
1240 664 1453 706 gubernatori
1475 665 1706 695 necessariae!
1742 664 1862 700 Quinto
1885 667 1927 697 ad
1948 666 2010 697 has
2034 667 2102 699 vir—

1128 713 1227 745 tutes,
1251 707 1326 747 quia
1348 707 1518 744 recensui,
1541 707 1670 738 accedit
1690 707 1724 737 in
1748 707 1799 738 his
1822 707 1992 740 laboribus
2013 708 2103 740 aliud

1128 751 1244 791 ingens
1268 750 1399 787 bonum,
1423 748 1552 780 scilicet
1574 749 1792 781 testimonium
1810 752 2016 791 praesentiae
2027 751 2103 789 Dei,

1128 803 1193 833 quo
1228 793 1324 823 timor
1357 797 1389 823 et
1422 792 1504 822 fides
1529 791 1772 824 confirmantur.
1818 793 1975 825 Videmus
1996 795 2104 835 puniri

1128 834 1275 865 latrones
1310 840 1342 865 et
1374 840 1551 876 tyrannos,
1586 836 1771 874 experimur
1793 835 1900 867 Deum
1935 837 2102 868 custodire

1127 877 1277 917 politias,
1301 887 1385 918 quae
1407 883 1484 908 sunt
1505 877 1648 917 hospitia
1670 877 1859 916 Ecclesiae,
1893 880 2103 919 experiuntur

1128 920 1250 950 lesaias
1282 926 1314 950 et
1336 919 1498 950 Ezechias
1527 921 1673 951 exaudiri
1697 931 1774 951 suas
1798 931 1915 961 preces
1939 932 1998 962 pro
2022 920 2103 962 poli—

1127 963 1188 999 tia,
1223 973 1321 1003 quam
1345 963 1583 1003 gubernabant.
1628 962 1670 993 Et
1692 962 1802 995 David
1823 969 1962 995 testatur
1983 966 2103 995 adesse

1128 1004 1234 1035 Deum
1259 1005 1517 1046 gubernantibus
1541 1005 1691 1046 inquiens
1717 1005 1850 1043 [Psalm.
1866 1007 1916 1044 17,
1936 1006 2017 1045 35.];
2039 1007 2103 1038 Be-

1129 1047 1278 1077 nedictus
1298 1047 1408 1084 Deus,
1436 1048 1490 1088 qui
1514 1048 1624 1079 docuit
1646 1058 1762 1079 manus
1785 1059 1876 1080 meas
1899 1050 1941 1080 ad
1965 1048 2103 1085 belluim

1128 1089 1206 1120 Item
1232 1089 1302 1128 [Ps.
1328 1090 1400 1128 143,
1425 1090 1501 1128 104,
1526 1091 1581 1130 qui
1599 1092 1655 1121 dat
1677 1090 1819 1123 salutem
1841 1092 1986 1133 regibus.

1215 1149 1285 1179 Hae
1320 1159 1461 1180 caussae
1486 1156 1517 1180 et
1540 1149 1573 1180 hi
1596 1149 1680 1180 fines
1704 1149 1853 1182 laborum
1876 1153 2105 1183 oeconomico·

1129 1201 1199 1222 rum
1223 1197 1255 1221 et
1278 1190 1487 1232 politicorum
1510 1201 1611 1233 saepe
1636 1194 1802 1234 cogitandi
1826 1200 1901 1225 sunt
1923 1195 1998 1235 piis,
2017 1200 2048 1224 et
2059 1193 2104 1225 fa-

1129 1234 1265 1264 ciendae
1296 1232 1490 1265 collationes
1524 1235 1679 1275 politicae
1712 1237 1799 1267 vitae
1831 1243 1865 1268 et
1887 1236 2104 1268 Monasticae.

1128 1275 1208 1306 Item
1226 1276 1269 1316 pii
1293 1277 1525 1317 gubernatoris
1550 1284 1581 1308 et
1605 1278 1702 1319 impii.

1214 1335 1344 1367 Caussa
1366 1337 1525 1367 mandans
1550 1338 1767 1369 obedientiam
1791 1339 1822 1368 in
1846 1349 1981 1371 munere
1998 1339 2103 1380 politi-

1128 1388 1168 1408 co
1203 1384 1252 1408 est
1276 1378 1380 1409 Deus.
1426 1379 1487 1409 Hic
1521 1379 1555 1410 fit
1588 1382 1709 1410 mentio
1745 1391 1886 1412 caussae
1920 1381 2102 1414 efficientis.

1128 1420 1256 1451 Caussa
1290 1420 1421 1459 finalis,
1464 1428 1499 1452 ut.
1532 1421 1641 1453 luceat
1676 1422 1843 1454 confessio
1866 1425 1898 1454 in
1933 1426 2102 1457 societate.

1127 1464 1282 1493 Συιναίτιοιν
1316 1464 1398 1494 fides
1429 1470 1546 1504 petens
1581 1466 1852 1505 gubernationem
1879 1468 1911 1497 in
1934 1466 2103 1499 laboribus

1128 1511 1158 1535 et
1181 1505 1350 1546 periculi&
1397 1506 1546 1537 Caussae
1570 1507 1687 1538 finales
1709 1508 1895 1546 ulteriores,
1924 1516 1958 1540 ut
1981 1511 2103 1541 servia-

1127 1554 1178 1578 tur
1200 1548 1360 1588 proximo,
1385 1548 1474 1586 Item,
1487 1555 1521 1579 ut,
1540 1549 1734 1582 defendatur
1745 1553 1921 1591 possessio
1935 1552 2103 1583 doctrinae

1128 1589 1295 1621 coelestis.
1358 1591 1504 1622 Effectus
1549 1593 1734 1624 testimonia
1778 1595 1985 1634 praesentiae
2029 1595 2103 1632 Dei,

1128 1643 1212 1674 quae
1235 1634 1381 1664 timorem
1405 1640 1436 1664 et
1460 1634 1557 1665 fidem
1579 1642 1711 1676 augent.
1764 1636 1886 1667 Harum
1911 1647 2102 1668 caussarum

1127 1682 1158 1706 et
1182 1675 1357 1706 effectuum
1381 1677 1538 1717 cogitatio
1563 1684 1658 1708 ornat
1681 1679 1778 1709 eitam
1801 1677 1967 1719 politicam
1981 1685 2013 1710 et
2030 1680 2101 1720 pios

1128 1717 1319 1748 consolatur
1341 1719 1373 1748 in
1395 1718 1458 1749 hac
1481 1721 1702 1762 magnitudine
1725 1720 1875 1752 laborum
1898 1728 1930 1753 et
1952 1723 2102 1753 accendit

1127 1761 1275 1791 timorem
1298 1759 1361 1791 Dei
1385 1767 1416 1792 et
1439 1761 1535 1792 fidem
1559 1763 1591 1792 in
1613 1763 1787 1794 mentibus.

1212 1812 1278 1842 lam
1313 1811 1427 1843 confer
1460 1812 1623 1845 Davidem
1658 1822 1688 1845 et
1728 1814 1914 1846 Eremitam.
1957 1816 2101 1847 Eremita

1126 1859 1281 1894 tanquam
1305 1865 1345 1885 ex
1368 1856 1440 1886 acie
1460 1855 1543 1897 sugit
1566 1867 1606 1887 ex
1630 1858 1744 1888 ordine
1765 1857 1900 1898 politico
1924 1868 1986 1889 nec
2008 1869 2101 1899 prae·

1126 1902 1190 1927 stat
1213 1897 1285 1927 Deo
1310 1898 1545 1936 obedientiam,
1570 1910 1666 1940 qua-m
1691 1901 1853 1931 communi
1876 1902 2026 1932 societati
2048 1902 2102 1932 de-

1128 1940 1192 1969 bet.
1237 1940 1333 1981 Fugit
1362 1946 1470 1971 autem
1492 1942 1566 1972 ideo
1585 1943 1618 1972 in
1640 1942 1867 1980 solitudinem,
1901 1950 1936 1974 ut
1957 1942 2102 1982 labores,

1126 1981 1283 2021 pericula,
1306 1984 1452 2013 incertos
1477 1990 1616 2015 eventus
1635 1986 1859 2026 negotiorum,
1882 1987 2031 2023 iniurias,
2055 1987 2101 2018 in-

1126 2025 1353 2065 gratitudines,
1377 2026 1516 2067 denique
1538 2033 1573 2057 ut
1595 2026 1715 2058 molem
1739 2038 1889 2058 cmm-um
1909 2034 1940 2058 et.
1952 2027 2101 2060 dolorum

1125 2067 1215 2097 vitet.
1262 2066 1366 2099 Simul
1388 2069 1488 2109 igitur
1510 2068 1595 2111 fugit
1613 2070 1705 2107 fidei,
1728 2071 1946 2101 invocationis
1969 2077 2001 2102 et
2025 2082 2101 2102 con-

1124 2107 1280 2140 fessionis
1304 2112 1471 2148 exercitia,
1496 2121 1558 2142 nec
1580 2114 1682 2143 servit
1703 2113 1881 2153 proximis,
1903 2124 1970 2144 non
1993 2115 2100 2152 docet,

1124 2162 1191 2182 non
1214 2150 1343 2183 confert
1361 2163 1494 2193 operam
1508 2154 1548 2184 ad
1562 2155 1763 2185 retinendam
1781 2157 2033 2196 possessionem
2044 2157 2101 2187 do-

1125 2195 1258 2225 ctrinae.
1306 2195 1420 2230 Qualis
1443 2202 1552 2227 autem
1575 2203 1663 2228 esset
1688 2198 1766 2235 vita,
1789 2199 1954 2238 quomodo
1973 2199 2101 2230 excole-

1127 2243 1236 2267 rentur
1259 2244 1315 2268 aut.
1337 2245 1603 2279 propagarentur
1625 2246 1714 2270 artes
1722 2262 1732 2277 ,
1756 2239 1863 2281 qualis
1888 2248 1978 2272 esset
2002 2252 2100 2283 gene·

1124 2280 1227 2317 ratio,
1262 2290 1346 2321 quae
1377 2279 1526 2311 defensio
1549 2292 1785 2322 puerperarum
1809 2288 1840 2313 et
1861 2282 2038 2322 infantum,
2073 2286 2099 2315 si

1125 2332 1237 2353 omnes
1261 2323 1338 2353 boni
1362 2322 1482 2354 vellent
1506 2333 1582 2354 esse
1604 2324 1790 2355 Ercmitae'?
1830 2324 2026 2357 Reiiciamus
2051 2338 2099 2357 er-

1125 2375 1167 2406 go
1192 2366 1277 2395 vitae
1301 2375 1418 2406 genuS,
1455 2367 1541 2406 quod
1567 2367 1783 2397 obedientiam
1806 2367 1881 2399 Deo
1906 2369 2045 2399 debitam
2067 2370 2098 2399 in

1125 2408 1287 2438 communi
1311 2409 1469 2438 societate
1492 2409 1634 2439 iuvanda
1657 2416 1686 2440 et
1712 2411 1832 2441 tuenda
1856 2410 2002 2452 negligit.

1209 2449 1271 2480 Hic
1305 2450 1402 2481 etiam
1436 2449 1568 2482 militem
1601 2452 1689 2492 pinni
1724 2458 1755 2483 et
1777 2452 1950 2493 profanum
1974 2454 2097 2485 confer.

1125 2492 1206 2523 Cum
1220 2491 1340 2523 Celsus
1365 2491 1618 2524 calumniaretur
1641 2494 1856 2536 Evangelium
1887 2496 1927 2526 de
1957 2496 2097 2536 prohibi-

1123 2536 1209 2566 tione
1243 2536 1405 2567 vindictae
1428 2546 1467 2567 ac
1492 2537 1631 2574 diceret,
1667 2536 1810 2568 militiam
1833 2538 2015 2577 prohiberi.
2048 2549 2097 2568 re—
