2358 2933
82 111 146 144 557

83 210 115 235 et
137 203 287 235 doctrina
315 206 347 234 et
368 209 455 232 nova
479 199 543 230 vita
567 198 728 236 exerceri,
753 207 905 228 crescere
930 203 963 228 et
985 208 1060 238 pro-

82 246 198 288 pagari
238 245 374 281 debent,
412 243 498 273 sicut
537 252 577 272 ex
616 241 716 272 corde
750 245 976 280 propagantur
1010 250 1061 270 ar-

83 289 185 320 teriae
214 297 254 318 ac
277 286 430 326 spiritus,
461 294 502 315 ex
526 285 664 314 cerebro
687 283 790 313 nervi.
835 282 876 312 Et
897 280 981 312 haec
1005 292 1062 312 ve—

83 330 213 361 stienda
242 334 319 360 sunt
343 337 454 363 carne,
477 327 509 357 id
533 332 600 363 est,
631 325 784 356 exteriori
809 325 1062 355 conversatione

83 372 232 404 honesta.

527 105 551 136 1.
580 104 682 136 LOCI
703 103 980 136 THEOLOGICI:
1009 103 1046 136 C.
1070 104 1281 136 SECUNDA
1303 105 1459 137 EORUM
1482 106 1639 137 AETAS.
2025 108 2089 140 558

1108 200 1150 236 [2.
1171 198 1246 227 Tim.
1262 200 1289 234 2,
1305 200 1385 237 26.]:
1410 199 1507 228 Tenet
1526 201 1660 239 captivas
1680 204 1797 229 mentes
1817 199 1980 230 hominum.
2013 201 2086 230 Inde

1106 251 1213 270 nomen
1233 241 1326 270 habet
1343 240 1482 276 Diaboli,
1515 242 1592 278 Quia
1616 242 1810 272 calumniatur
1836 244 1959 272 verbum
1979 243 2037 272 Dei
2058 248 2089 275 et

1107 284 1180 312 serit
1206 284 1313 322 impias
1343 285 1515 323 opiniones:
1546 285 1631 313 Sicut
1658 286 1759 314 statim
1786 286 1868 314 initio
1893 286 1972 324 apud
1991 286 2086 316 Evam

1107 325 1306 355 calumniatus
1332 330 1380 355 est
1402 327 1524 355 verbum
1545 326 1602 356 Dei
1623 332 1653 356 et
1671 329 1843 357 extenuavit
1862 328 1929 357 91115
1949 330 2085 358 311101113-

284 370 351 401 Sed
385 369 511 400 omissa
543 367 718 399 collatione
751 368 855 407 ipsam
889 367 988 397 w'tain
1023 377 1062 397 ac
1106 371 1176 401 tem,
1197 372 1227 396 et
1246 369 1356 397 exemit
1374 368 1458 398 Evae
1478 371 1672 399 reverentiam
1693 380 1763 408 erga
1787 370 1908 399 verbum
1929 370 1997 401 Dei.
2028 371 2086 401 Ex-

83 420 232 445 naturam
250 413 416 443 hominum
434 412 626 447 intueamur,
644 419 729 450 quae
745 419 810 439 non
823 414 935 449 potest
947 418 1062 439 carere
1108 411 1175 439 citat
1196 411 1284 448 igitur
1303 412 1330 439 in
1344 411 1487 440 Ecclesia
1500 415 1528 440 et
1541 416 1630 450 auget
1645 412 1722 440 salsa
1735 413 1874 451 dogmata
1887 417 1916 442 et
1930 413 2085 444 haereses.

85 456 281 487 ceremoniis
295 461 326 486 et
340 455 468 491 ritibuS‚
486 459 521 484 ut
535 462 636 493 saepe
651 453 713 482 iam
725 452 846 481 dictum
860 457 928 486 est3
952 450 1062 485 Quare

85 509 125 529 ex
144 499 251 528 animo
271 506 417 528 amemus
440 501 471 526 et
489 494 702 526 defendamus
726 499 757 523 et
769 494 811 530 68)
835 492 921 523 hanc
938 499 1063 533 partem

83 539 340 571 Ecclesiasticae
369 537 521 579 politiae,
556 537 718 576 nobisque
748 533 950 566 inculcemus
985 534 1063 566 illos

85 581 337 614 honestissimos
367 586 399 611 et
421 579 637 621 gravissimos
662 587 780 608 versus
801 583 922 618 poetae
937 579 1013 613 ⁶3³„

216 641 303 679 σώζει
324 639 360 670 τοὶ
383 639 481 669 πολλὰ
503 636 627 676 σώμαθ’
641 639 685 671 ⁶⁹)
709 636 724 674 ἡ
747 640 915 678 πειθαρχία

214 681 305 717 οῧτως
328 681 455 719 ἅμυντέα
478 682 541 710 ἐστὶ
562 683 623 714 τοῖς
645 683 864 717 κοσμουμένοις.

398 763 458 795 DE
485 763 690 794 ANGELIS.
706 764 750 803 70)

172 834 223 863 Ad
240 833 377 863 Ebraeos
396 833 490 871 primo
516 835 577 870 [vs.
600 833 663 868 14.]
692 831 847 860 scribitur:
886 831 963 860 Sunt
981 831 1062 860 mini-

86 877 140 907 stri
159 877 283 915 spiritus
304 876 341 904 ad
359 875 555 904 ministerium
580 874 668 902 missi
686 877 807 912 propter
826 883 895 910 eos,
922 874 972 912 qui
993 878 1064 902 sunt

87 919 236 948 haeredes
257 918 355 948 futuri.
401 918 458 946 Hic
476 917 563 945 locus
584 916 641 945 duo
662 916 765 945 docet:
802 915 951 949 Primum,
984 926 1063 954 quae

87 963 129 991 sit
162 962 334 990 substantia
363 959 564 998 Angelorum,
595 958 713 992 deinde,
740 959 821 996 quod
851 959 892 987 sit
921 958 1062 987 officium.

86 1004 266 1033 Substantia
285 1007 333 1032 est
352 1002 529 1041 spiritualis,
553 1002 621 1039 quia
641 1003 729 1029 vocat
748 1011 803 1029 eos
823 1001 956 1039 spiritns.
993 1000 1062 1029 Dis-

87 1046 182 1075 cernit
199 1049 298 1074 autem
318 1045 466 1083 scriptura
484 1045 608 1082 spiritus
628 1053 645 1071 a
664 1043 849 1081 corporibus,
870 1053 936 1071 cum
949 1043 1061 1081 inquit:

87 1088 211 1127 spiritus
232 1097 349 1116 carnem
369 1090 400 1116 et
418 1096 491 1115 ossa
510 1096 567 1114 non
588 1086 688 1114 habet.

172 1130 251 1159 Sunt
269 1133 368 1158 autem
393 1129 531 1167 duplices
551 1129 689 1167 spiritus:
713 1127 790 1156 Boni
816 1130 846 1155 et
863 1127 943 1155 mali.
988 1127 1063 1156 Mali

86 1183 144 1209 non
165 1176 236 1201 sunt
254 1171 366 1200 conditi
386 1172 414 1200 in
434 1170 563 1204 malitia;
588 1170 645 1199 sed
667 1180 684 1198 a
703 1169 770 1198 Deo
790 1170 881 1198 creati
902 1172 973 1198 sunt
995 1170 1062 1198 sine

84 1215 167 1244 vitio.
218 1213 334 1243 Postea
363 1224 433 1242 vero
463 1213 646 1245 defecerunt,
678 1212 757 1240 sicut
794 1212 889 1249 inquit
919 1210 1062 1241 Christus

86 1257 164 1295 [loh.
186 1259 213 1291 8,
239 1259 321 1294 44.]:
352 1255 544 1284 Mendacium
576 1265 612 1283 ex
638 1254 766 1292 propriis
793 1253 941 1291 loquitur:
982 1254 1062 1292 Ergo

86 1309 143 1328 non
168 1299 285 1336 accepit
303 1307 319 1325 a
341 1296 418 1325 Deo.
463 1296 537 1325 Item
556 1296 716 1335 Epistolae
740 1295 820 1325 Petri
848 1300 877 1325 et
902 1295 994 1325 Iudae
1021 1303 1061 1325 te-

85 1343 202 1370 stantur
224 1339 362 1378 Angelos
389 1339 544 1368 defecisse
569 1343 599 1368 et
624 1342 744 1377 propter
770 1342 925 1377 peccatum
945 1339 1061 1367 damna-

84 1387 134 1412 tos
154 1393 237 1412 esse.
268 1382 308 1411 Et
319 1381 460 1421 Epistola
472 1381 563 1410 Iudae
583 1381 696 1410 diserte
717 1381 821 1419 inquit,
845 1381 983 1419 Angelos
1003 1391 1060 1410 non

85 1435 289 1454 conservasse
308 1434 394 1453 5113111
415 1425 568 1463 originem,
588 1424 618 1452 id
641 1428 699 1457 951,
721 1434 778 1452 000
797 1425 951 1453 mansisse
971 1424 1061 1458 tales,

85 1467 193 1506 quales
213 1467 321 1496 conditi
342 1470 422 1496 sunt.

387 1550 426 1569 DE
441 1550 555 1569 OFFICIO
570 1550 744 1569 ANGELORUM
749 1564 753 1568 .

171 1601 311 1641 Epistola
331 1602 368 1630 ad
391 1601 528 1630 Ebraeos
557 1604 600 1639 [1,
625 1604 688 1639 14.]
716 1605 804 1630 vocat
828 1612 883 1629 eos
908 1602 1061 1630 ministros

85 1645 219 1684 spiritus,
241 1648 270 1673 et
289 1644 371 1673 addit
394 1648 513 1682 propter
532 1654 598 1677 eos,
624 1645 673 1681 qui
694 1647 765 1672 sunt
789 1643 876 1672 futuri
899 1643 1059 1673 haeredes.

85 1687 169 1716 Haec
199 1687 348 1716 sententia
379 1690 507 1715 testatur
533 1686 670 1724 Angelos
700 1690 864 1724 occupatos
891 1696 964 1714 esse
992 1696 1061 1715 cura

84 1729 246 1758 Ecclesiae
266 1729 482 1757 defendendae.
527 1728 579 1756 Sic
603 1732 700 1756 autem
722 1730 899 1766 cogitemus,
920 1729 999 1757 sicut
1017 1739 1059 1757 re-

85 1782 155 1800 vera
174 1772 211 1800 ad
230 1772 308 1800 hunc
327 1771 446 1800 modum
460 1781 495 1799 59
513 1770 603 1799 habet
615 1770 767 1804 Ecclesia,
788 1771 959 1800 Ecclesiam
979 1771 1061 1799 velut

85 1815 235 1843 civitatem
249 1815 285 1842 ab
299 1824 358 1842 una
370 1817 452 1852 parte
464 1813 586 1842 Diaboli
602 1813 743 1842 obsident
756 1816 786 1842 et
798 1817 969 1852 oppugnant
981 1824 1059 1842 acer-

84 1858 169 1892 rime3
193 1857 241 1885 Ab
266 1856 358 1885 altera
382 1856 544 1884 defendunt
564 1860 593 1884 et
616 1860 803 1894 propugnant
821 1856 941 1894 Angeli.
982 1856 1059 1885 Nam

84 1898 200 1928 Paulus
219 1898 311 1937 [Eph.
328 1900 354 1932 2,
371 1900 413 1936 2.]
433 1902 520 1927 vocat
536 1898 685 1927 Diabolos
703 1898 833 1937 Spiritus
855 1899 943 1927 aeris.
985 1899 1059 1928 Ver-

84 1945 187 1970 santur
203 1942 291 1979 igitur
308 1941 424 1979 utrique
439 1941 507 1969 boni
522 1945 551 1970 et
564 1941 633 1969 mali
647 1941 781 1979 spiritus.
796 1952 861 1970 cum
876 1941 1058 1970 hominibus.

170 1983 212 2013 Ut
234 1988 332 2013 autem
357 1983 454 2012 osticia
478 1984 620 2012 bonomm
640 1983 823 2021 Angelorum
848 1985 970 2022 agnosci
992 1994 1058 2022 pos-

85 2026 162 2063 sint·²
180 2025 310 2055 Primum
338 2026 581 2059 consideremus,
609 2036 696 2064 (1113111
721 2037 845 2055 saevum
871 2027 989 2055 hostem
1010 2027 1058 2055 ha-

84 2069 220 2097 beamus.
258 2068 447 2097 Describitur
466 2072 562 2097 autem
584 2067 744 2103 Diabolus,
769 2069 849 2107 quod
868 2070 909 2098 sit
927 2069 1059 2098 Mendax

84 2115 114 2139 et
132 2110 297 2140 Homicida.
341 2111 472 2140 Mendax
492 2117 551 2144 est,
576 2111 605 2139 id
625 2115 682 2145 est,
703 2112 820 2140 innnani
841 2112 968 2150 quodam
989 2112 1057 2140 odio

83 2153 143 2182 Dei
163 2158 284 2182 conatur
297 2154 423 2182 summis
436 2153 550 2182 viribus
564 2153 727 2182 deformare
740 2154 863 2192 gloriam
877 2154 944 2184 Dei.
986 2154 1057 2183 Ideo

84 2197 187 2226 incitat
198 2196 336 2224 homines
349 2195 387 2224 ad
399 2196 506 2234 impias
520 2196 676 2234 opiniones
689 2197 726 2225 de
739 2196 806 2225 Deo
825 2201 855 2225 et
867 2197 905 2225 ad
917 2197 1057 2236 blasphe-

85 2239 171 2272 mias,
196 2242 226 2267 et
245 2238 346 2272 efficit,
373 2242 403 2267 ut
423 2238 480 2267 hae
500 2242 706 2277 propagentur,
731 2240 809 2269 sicut
828 2239 943 2269 Paulus
963 2241 1058 2278 inquit

84 2342 130 2372 68)
155 2343 181 2366 91
200 2340 313 2365 excidit
332 2348 370 2365 ear
388 2341 460 2366 Editt.
481 2341 518 2363 12.
541 2340 580 2363 13.

84 2376 146 2406 689)
173 2376 290 2405 Sophoci.
309 2375 390 2404 Antig.
410 2376 458 2399 676
478 2381 516 2405 sq.
539 2375 578 2399 ed.
597 2375 702 2399 Brunck.
728 2375 800 2400 Conf.
823 2382 887 2406 quae
911 2377 1055 2401 Melanthon

152 2409 184 2433 de
209 2409 257 2434 hoc
275 2409 404 2439 Sophoclis
428 2409 482 2433 1060
508 2411 533 2433 91
558 2408 588 2432 de
612 2409 655 2433 illo
674 2409 785 2434 Platonis
804 2416 882 2440 supra
906 2416 930 2440 p.
948 2411 997 2435 547
1016 2417 1054 2441 sq.

152 2443 255 2468 laudato
279 2443 311 2467 ad
329 2443 503 2473 Theophilum,
530 2443 749 2472 gymnasiam-cham
770 2444 1004 2475 Hamburgensem,
1031 2452 1054 2470 a.

154 2478 226 2501 1536.
238 2472 353 2507 scripsit,
370 2478 395 2501 in
414 2478 488 2502 huius
508 2476 579 2507 corp.
597 2477 650 2501 Voi.
670 2477 708 2501 ΙΙΙ.
727 2483 750 2508 p.
768 2478 808 2502 51.

84 2510 130 2540 69)
155 2506 271 2542 σώμαθ’]
292 2511 364 2536 Editt.
386 2512 405 2536 1.
423 2512 447 2535 2.
466 2512 489 2535 6.
507 2510 593 2535 maie:⁴
611 2506 712 2542 σώμαθ’

85 2544 130 2574 70)
155 2542 242 2569 Hunc
261 2543 361 2569 locum
379 2543 492 2569 addunt
510 2545 582 2570 Editt.
602 2546 624 2568 7.
644 2545 668 2568 8.
683 2544 706 2568 9.
725 2546 763 2568 1¹..
780 2545 818 2569 12.
835 2545 873 2568 13.
896 2546 934 2568 14.
955 2549 980 2571 et
993 2547 1055 2577 Opp.

1194 452 1314 482 Deinde
1334 453 1484 482 homicida
1507 458 1564 487 est,
1586 455 1615 482 id
1634 458 1692 484 est.
1712 454 1832 483 molitur
1851 457 1972 484 exitium
1993 456 2085 485 homi-

1108 495 1206 523 nibus.
1254 495 1334 530 Quia
1358 497 1436 524 enim
1456 506 1574 524 summa
1597 500 1644 524 est
1664 497 1812 525 acerbitas
1838 497 1897 525 odii
1918 499 2017 536 ipsius
2037 499 2085 527 ad-

1108 547 1215 565 versus
1229 536 1337 571 Deum,
1358 536 1429 567 Ideo
1443 542 1565 567 conatur
1578 548 1685 566 nocere
1705 538 1877 568 hominibus
1899 550 1932 568 ac
1952 550 2085 578 praeser-

1108 580 1159 608 tim
1178 579 1351 613 Ecclesiae,
1377 584 1410 609 ut
1433 580 1553 619 expleat
1576 581 1675 609 odium
1700 591 1788 609 51111111
1808 582 1956 611 3(1ν915115
1975 581 2084 612 Deum.

1108 621 1232 651 Molitur
1255 623 1376 651 exitium
1395 624 1528 661 privatae
1547 623 1636 652 vitae.
1661 622 1767 661 affligit
1786 623 1997 658 valetudinem,
2026 626 2085 653 infi-

1109 665 1149 693 cit
1173 667 1289 698 ae'rem,
1321 666 1432 694 excitat
1457 664 1553 693 malas
1584 669 1798 703 tempestates,
1830 666 1925 694 adfert
1954 668 2086 699 morbos.

1107 707 1310 744 pestilentias,
1331 708 1490 746 corrumpit
1508 717 1557 735 res
1570 711 1744 737 nascentes.
1765 707 1890 746 impellit
1909 709 1947 737 ad
1966 709 2086 747 flagitia,

1108 748 1251 788 pertrahit
1276 751 1303 778 in
1329 759 1419 788 prava
1438 749 1587 778 sodalitia.
1633 749 1752 778 Deinde
1772 750 1860 779 etiarn
1881 751 1908 779 in
1934 752 1994 781 vita
2014 751 2086 790 poli-

1108 792 1168 820 tica
1187 796 1286 826 nocet,
1306 793 1416 821 excitat
1436 792 1642 821 crudelitatem
1661 792 1809 821 adversus
1829 792 2013 827 Ecclesiam,
2038 804 2085 823 ex-

1109 835 1179 863 citat
1198 834 1372 873 Tyrannos,
1398 838 1430 863 ut
1449 834 1613 863 dilacerent
1631 834 1831 873 respublicas,
1853 839 1884 864 ut
1903 836 2037 865 saeviant
2058 838 2086 865 in

1109 878 1294 911 innocentes,
1319 881 1351 906 ut
1370 881 1509 906 moveant
1528 887 1584 905 non
1604 878 1779 906 necessaria
1798 877 1894 915 bella;
1924 877 2089 909 Inflammat

1108 921 1242 957 inquieta
1267 920 1385 958 ingenia
1411 920 1448 949 ad
1471 919 1637 948 movendas
1668 920 1838 949 seditiones
1869 924 1898 949 et
1922 922 2085 951 turbandas

1108 962 1309 1001 respublicas.

1193 1004 1322 1033 Econtra
1341 1005 1485 1033 bonorum
1505 1004 1687 1042 Angelorum
1708 1004 1807 1033 officia
1826 1010 1904 1034 sunt.
1954 1005 2085 1035 Primum

1108 1057 1233 1075 veraces
1254 1051 1333 1081 sunt,
1358 1047 1415 1075 1106
1435 1050 1492 1080 951,
1519 1050 1617 1075 amant
1635 1047 1758 1085 gloriam
1777 1047 1847 1081 Dei,
1868 1051 1897 1076 et
1917 1059 2016 1077 veram
2037 1049 2085 1077 do-

1109 1090 1245 1125 ctrinam3
1264 1088 1336 1118 Ideo
1355 1093 1531 1128 promovent
1549 1090 1598 1128 pia
1617 1089 1727 1123 studia,
1749 1093 1779 1118 et
1798 1091 1960 1128 reprimunt
1974 1090 2085 1120 Diabo-

1108 1131 1168 1160 lum
1188 1135 1218 1160 et
1237 1132 1346 1170 impios
1366 1135 1504 1160 serentes
1522 1132 1600 1160 mala
1612 1132 1760 1170 dogmata,
1780 1133 1860 1161 sicut
1875 1133 2087 1163 interfecerunt

1109 1171 1294 1203 Cerinthum.
1333 1173 1407 1203 Item
1433 1177 1503 1202 sunt
1527 1175 1651 1203 ministri
1683 1174 1721 1202 ad
1752 1174 1970 1210 revelationes,
2006 1178 2086 1206 sicut

1110 1216 1232 1245 Gabriel
1262 1217 1387 1245 mittitur
1411 1216 1448 1245 ad
1477 1217 1621 1254 virginem
1644 1216 1779 1247 Mariam.
1826 1216 1900 1246 item
1927 1222 2009 1248 orant
2034 1230 2085 1258 pro

1108 1258 1266 1294 Ecclesia3
1298 1257 1383 1287 quta
1409 1258 1483 1287 illud
1514 1258 1636 1297 [Matth.
1665 1261 1712 1288 18.
1736 1262 1816 1298 10.]:
1848 1260 1957 1298 Angeli
1985 1272 2085 1290 90111111

1108 1301 1210 1330 vident
1222 1301 1328 1329 faciem
1342 1300 1440 1330 Patris
1455 1304 1510 1330 etc.
1544 1301 1662 1330 Deinde
1675 1306 1746 1331 sunt
1758 1303 1903 1331 custodes
1915 1303 2085 1334 Ecclesiae.

1195 1343 1326 1372 Primum
1347 1344 1511 1382 impediunt
1529 1343 1687 1382 Tyrannos
1707 1348 1737 1373 et
1755 1345 1883 1374 consilia
1902 1348 2084 1384 persecutio-

1107 1387 1155 1415 nis
1180 1390 1281 1415 contra
1299 1386 1487 1422 Eeclesiam;
1518 1387 1603 1416 Sicut
1628 1391 1775 1416 testantur
1799 1388 1910 1418 multae
1930 1389 2084 1421 historiae.

1107 1429 1256 1459 Heliseus
1269 1430 1363 1467 inquit
1376 1431 1419 1467 [2.
1430 1429 1508 1467 Reg.
1520 1432 1548 1463 6,
1561 1432 1641 1468 16.];
1656 1429 1764 1459 Ρ111195
1779 1435 1849 1459 sunt
1859 1433 1900 1469 7¹)
1915 1433 2083 1465 nobiscum.

1108 1470 1188 1500 Idem
1208 1476 1334 1501 testatur
1351 1472 1476 1501 historia
1488 1472 1648 1501 Ezechiae.
1679 1472 1751 1502 Item
1765 1473 1903 1512 Angelus
1917 1475 2018 1505 educit
2030 1476 2084 1505 Pe-

1108 1518 1183 1543 trum
1210 1525 1247 1544 ex
1272 1525 1399 1544 carcere.
1446 1514 1518 1544 Item
1539 1515 1703 1545 defendunt
1720 1526 1823 1554 pacem
1844 1517 2009 1556 publicam,
2035 1520 2086 1549 im-

1107 1557 1231 1596 pediunt
1250 1557 1377 1586 consilia
1396 1568 1507 1592 eorum,
1529 1559 1579 1596 qui
1592 1569 1712 1587 movere
1725 1559 1806 1587 bella
1825 1563 1980 1598 conantur;
2000 1563 2085 1592 Sicut

1107 1600 1185 1639 apud
1210 1599 1367 1628 Danielem
1393 1600 1530 1638 Angelus
1555 1601 1663 1639 inquit,
1692 1612 1727 1630 59
1752 1612 1960 1641 propugnasse
1984 1615 2083 1644 regem

1107 1642 1281 1677 Persarum3
1304 1641 1376 1671 Item
1390 1643 1468 1681 apud
1482 1643 1637 1672 Danielem
1653 1648 1794 1673 vocantur
1806 1646 1915 1684 vigiles
1929 1648 1956 1676 in
1970 1648 2084 1681 arbore,

1107 1696 1183 1723 quae
1203 1685 1354 1722 significat
1373 1695 1504 1723 regnum.
1549 1686 1706 1715 Excubant
1726 1688 1814 1725 igitur
1833 1699 1884 1727 pro
1905 1686 2005 1728 regno.

1192 1726 1332 1756 Privatim
1357 1727 1520 1757 defendunt
1545 1729 1650 1761 vitam,
1686 1730 1765 1758 sicut
1785 1735 1814 1758 et
1834 1730 1975 1761 Christus
1994 1737 2083 1762 testa-

1105 1775 1165 1800 tur,
1192 1771 1293 1808 pueris
1314 1780 1386 1798 esse
1412 1770 1530 1799 additos
1551 1771 1688 1809 Angelos
1708 1773 1864 1802 custodes.
1886 1785 1952 1803 cuin
1973 1776 2083 1813 inquit:

1105 1812 1214 1851 Angeli
1247 1823 1347 1841 eorum
1377 1813 1479 1841 vident
1508 1813 1614 1842 faciem
1645 1813 1754 1843 Patris.
1801 1815 1839 1844 Et
1869 1816 1960 1846 huius
1993 1818 2083 1847 officii

1105 1855 1195 1884 multa
1223 1859 1292 1884 sunt
1318 1855 1469 1893 exempla3
1495 1859 1525 1884 nt
1552 1857 1579 1884 in
1600 1856 1722 1885 historia
1743 1856 1842 1891 Iacob,
1869 1859 1994 1894 Tobiae,
2014 1860 2082 1900 Epi-

1104 1898 1221 1937 phanii3
1240 1899 1309 1926 item
1329 1898 1357 1926 in
1376 1908 1469 1936 puero
1489 1897 1626 1937 Cygneo.

1191 1940 1337 1969 Vicissim
1362 1944 1460 1969 autem
1488 1941 1657 1970 discamus.
1686 1943 1757 1980 quid
1782 1954 1798 1971 a
1826 1945 1913 1973 nobis
1933 1947 2084 1984 requirant

1104 1983 1229 2021 Angeli.
1272 1983 1415 2012 videlicet
1444 1984 1662 2021 gratitudinem.
1699 1985 1783 2014 Haec
1808 1991 1856 2015 est
1885 1992 1983 2017 autem
2015 2000 2084 2018 vcra

1104 2026 1266 2064 gratitudo,
1304 2030 1334 2054 ut
1362 2026 1493 2064 ipsorum
1522 2028 1647 2056 virtnfes
1675 2028 1837 2062 imitemur.
1874 2030 1931 2059 hoc
1963 2036 2020 2065 est,
2052 2037 2080 2062 ut

1104 2069 1201 2097 simus
1226 2078 1366 2102 veraceS,
1397 2069 1426 2096 id
1446 2072 1504 2103 est,
1525 2073 1554 2098 nt
1579 2080 1797 2107 agnoscamus.
1831 2082 1886 2101 nos
1906 2072 1973 2102 Deo
1994 2085 2081 2104 curae

1104 2122 1194 2146 esse;
1223 2112 1437 2149 Agnoscamus
1463 2113 1550 2141 nobis
1576 2112 1653 2141 tales
1679 2114 1823 2143 custodes
1851 2126 1925 2144 9559
1949 2117 2080 2151 additos,

1104 2158 1133 2183 et
1145 2164 1268 2192 agamus
1282 2153 1349 2182 Deo
1368 2154 1478 2192 gratias
1498 2165 1550 2193 pro
1570 2155 1627 2183 hoc
1640 2156 1751 2193 ingenti
1765 2157 1923 2186 beneficio.
1962 2158 2081 2189 Deinde

1103 2197 1287 2235 Angelorum
1308 2196 1445 2235 exemplo
1466 2198 1564 2226 simus
1585 2208 1639 2226 nos
1654 2208 1774 2236 quoque
1790 2199 1989 2241 φιλόστοργοι,
2009 2206 2080 2231 tem-

1102 2244 1259 2278 perantesss
1298 2240 1374 2268 casti
1408 2243 1465 2268 916.
1516 2240 1555 2268 Ε1
1588 2244 1619 2269 ut
1652 2242 1834 2270 retineamus
1865 2243 2002 2281 Angelos
2031 2256 2079 2273 no-

1101 2283 1230 2316 biscum.
1252 2283 1411 2310 invitemus
1432 2293 1486 2311 eos
1507 2287 1606 2312 nostra
1626 2284 1738 2321 pietate
1759 2288 1787 2313 et
1806 2285 1894 2314 bonis
1914 2288 2056 2316 moribus.

1188 2341 1342 2372 Christus
1375 2342 1535 2383 gubernet
1566 2349 1693 2373 mentes
1728 2350 1860 2374 nostras
1894 2345 1936 2375 ad
1966 2356 2078 2377 veram

1101 2384 1270 2424 pietatem,
1295 2390 1324 2414 et
1349 2385 1499 2414 restituat
1523 2383 1697 2415 Ecclesiae
1720 2386 1806 2427 piam
1830 2392 1860 2417 et
1886 2394 2078 2428 perpetuam

1101 2427 1329 2462 concordiam
1352 2427 1469 2457 Amen.

1522 2469 1610 2500 Laus
1633 2469 1716 2501 Deo.

1100 2547 1146 2576 71)
1172 2546 1241 2577 sunt]
1263 2546 1335 2571 Editt.
1355 2546 1394 2568 12.
1417 2545 1454 2569 13.
1475 2547 1524 2571 sint
