2358 2933
231 117 266 128 ’““
850 114 959 145 PHIL.
984 112 1084 145 MEL.
1108 112 1293 144 SCRIPTA
1314 112 1586 145 DOGMATICA.

229 117 291 148 009

229 218 301 239 sunt
317 207 463 238 collectis
478 208 666 238 testimoniis
680 208 720 236 de
728 206 868 236 Christo.
893 205 1194 245 Cutnenimproba-
1216 233 1217 239 ,

2150 119 2214 151 360

1239 215 1335 246 quem
1363 207 1471 236 onmia
1494 204 1582 237 facta
1604 213 1698 243 sunt,
1732 208 1786 247 qui
1810 214 1841 238 et
1865 218 1997 248 semper
2019 209 2133 240 aderat
2155 210 2212 242 hu-

230 260 294 281 tum
312 260 359 280 cst
374 252 403 280 in
418 250 548 279 sin-isto
563 250 701 279 divinam
715 255 860 278 naturam
875 257 961 283 esse,
984 257 1122 278 necesse
1135 248 1194 277 crit
1216 255 1218 277 ε
1239 257 1335 277 mano
1359 249 1489 289 generi,
1519 248 1606 279 hunc
1629 249 1818 279 novissimis
1841 251 2061 290 temporibuS,
2097 262 2211 284 secun-

229 292 312 323 illam
337 301 482 322 naturam
507 299 534 320 ct
561 300 750 330 personam.
785 297 815 319 et
839 296 955 320 natura
979 288 1085 320 Deum
1109 298 1194 319 esse.

229 336 396 373 Scriptura
428 340 563 363 testatur
593 333 676 370 Myon·
705 341 880 371 personant
909 341 1001 368 esse,
1035 332 1110 371 quia
1138 330 1195 361 ali—

228 378 355 416 quoties
376 376 448 405 dicit
470 384 528 414 per
541 373 638 404 tilium
658 374 764 403 omnia
784 373 914 404 condita
929 383 1014 404 esse.
1049 373 1196 404 Necesse
1217 383 1219 392 ⁴

227 427 274 448 est
300 419 396 458 igitur
420 418 449 447 in
470 416 600 445 stu-isto
623 415 763 455 aliquam
783 416 924 446 divinam
943 422 1089 446 naturam
1108 424 1196 452 esse,
1218 428 1219 448 ι

227 471 284 500 per
312 470 406 500 quum
438 460 542 488 omnia
566 459 629 488 sint
654 458 794 488 condita.
840 457 976 488 Constat
1000 458 1084 488 enim
1107 467 1196 488 mun-

228 503 301 532 dum
332 512 394 531 non
425 510 499 530 esse
527 510 584 539 per
607 499 780 530 humanam
803 507 951 530 naturam
975 499 1096 530 Christi
1121 510 1196 530 con-

229 544 337 574 ditum.
389 543 542 572 Iohannis
568 543 594 572 l.
626 546 689 580 [vs.
717 542 781 579 104
833 542 867 571 ln
896 542 1015 572 mundo
1045 548 1130 577 erat,
1164 548 1193 571 et

227 586 364 616 mundus
392 596 449 625 pcr
475 586 580 623 ipsum
602 583 708 614 sactus
733 590 792 613 est.
838 582 967 614 coloss.
991 584 1017 613 l.
1045 587 1108 621 [vs.
1130 582 1194 620 16.]

228 629 341 658 (nimia
372 638 430 667 per
452 629 555 667 ipsum
579 634 608 657 et
635 628 666 656 in
696 627 768 666 ipso
791 627 921 656 condita
944 632 1037 662 sunt,
1071 632 1100 656 et
1126 626 1196 664 ipse

227 677 275 699 est
309 677 383 699 ante
419 670 541 699 onmia.
577 670 736 700 omnia²⁵t
775 669 956 699 consistunt
992 678 1051 708 per
1080 668 1194 707 ipsum.

226 712 373 742 Ebracos
390 712 415 741 l.
439 715 502 749 [vs.
516 712 560 748 2.]
581 711 644 741 l'cr
663 709 772 747 filiunt,
792 721 888 750 quem
900 711 1007 751 posuit
1019 709 1195 740 haeredem

227 755 383 784 omnium.
414 764 473 793 per
495 764 591 794 quem
618 761 647 783 et
672 752 783 783 secula
808 752 900 789 fecit,
930 753 985 793 qui
1011 758 1061 782 est
1084 750 1195 792 fulgor

226 795 381 827 claritatis
412 805 439 825 ct
465 795 588 835 effigies
613 795 815 826 substantiae
839 796 926 830 eius,
954 793 1064 825 ferens
1088 794 1195 823 onmia

224 840 327 869 verbo
351 839 516 877 potentiae
545 848 635 868 suae.
671 836 740 867 liae
764 837 944 866 sententiae
967 835 1056 866 clare
1074 841 1194 866 testan-

226 888 277 911 tur
301 883 330 911 in
355 879 485 909 Flu-isto
510 887 538 909 et
564 890 638 909 esse
662 886 691 908 et
714 888 846 909 manere
868 879 1031 919 quandam
1055 878 1195 908 divinam

226 931 388 953 naturam.
413 932 472 962 per
495 932 590 961 quant
613 921 719 952 onmia
743 921 873 951 condita
895 921 970 951 sint.
982 922 1040 960 29).
1086 919 1195 954 Quare

225 966 308 1003 λόγος
337 974 401 994 non
431 963 590 1005 significat
622 963 842 1003 propositum,
875 973 934 993 seu
964 963 1195 1003 cogitationem

225 1015 315 1037 extra
349 1007 563 1036 substantiam
596 1005 735 1042 Christi,
778 1016 839 1035 nec
879 1005 1043 1046 significat
1078 1014 1194 1034 vocem

225 1056 458 1079 transeuntem.
495 1049 553 1078 sed
586 1056 735 1078 naturam
768 1054 950 1078 manentem
985 1048 1016 1077 in
1049 1045 1194 1083 Christo,

224 1101 308 1132 quac
337 1102 390 1121 res
421 1091 563 1120 condidit
598 1097 627 1121 et
661 1097 848 1120 conservat.
893 1089 951 1120 Est
983 1090 1080 1129 igitur
1110 1089 1194 1126 λόγος

224 1143 375 1173 persona.
423 1133 510 1163 Ilaec
544 1134 727 1163 testimonia
763 1130 841 1162 nihil
876 1132 996 1162 habent
1033 1131 1194 1172 ambigui;

223 1176 350 1206 ttunetsi
371 1186 434 1205 non
455 1176 582 1215 ignoro,
607 1175 771 1215 quomodo
796 1175 893 1204 astuti
913 1175 1042 1214 quidam
1062 1172 1192 1203 eludant

223 1228 278 1248 ea:
307 1218 364 1247 sed
389 1216 432 1247 illi
453 1228 525 1247 cum
543 1216 705 1258 affingunt
723 1227 802 1247 suas
820 1217 1116 1256 interpretationes,
1140 1226 1193 1245 ca-

222 1259 418 1290 lumniantur
441 1267 471 1290 et
496 1266 704 1299 corrumpunt
729 1258 894 1298 simplices
919 1266 947 1289 et
974 1257 1090 1299 planas
1113 1258 1192 1288 scri-

222 1309 338 1343 pturae
363 1302 577 1343 Apostolicae
602 1302 792 1332 sententias.
845 1301 955 1332 Debet
978 1307 1086 1331 autem
1109 1299 1192 1330 haec

222 1354 321 1375 causa
340 1345 486 1382 iudicari,
513 1354 578 1374 non
598 1354 637 1374 ex
656 1343 804 1374 humanis
828 1344 1046 1383 opinionibuS,
1069 1343 1129 1373 sed
1153 1352 1191 1372 ex

222 1387 339 1417 divinis
359 1387 564 1417 testimoniis.
609 1386 738 1416 Addam
756 1385 821 1417 huc
845 1387 964 1416 dictum
988 1384 1141 1415 Iohannis
1160 1385 1192 1414 in

221 1428 369 1468 Epistola
390 1429 422 1467 [Ι.
447 1429 474 1466 l,
490 1429 517 1458 l.
530 1429 575 1466 2.]
611 1428 706 1463 Quod
726 1435 793 1458 erat
813 1429 853 1458 ab
872 1429 973 1465 initio,
997 1428 1085 1468 quod
1103 1427 1192 1457 audi-

222 1473 342 1507 vimus,
372 1472 460 1512 quod
480 1471 632 1507 vidimus,
663 1471 750 1511 quod
774 1480 888 1501 manus
907 1477 1040 1500 nostrae
1064 1476 1192 1500 contre-

222 1516 414 1544 ctarunt.³⁰t
439 1513 584 1544 Verbum
604 1514 700 1549 vitae,
720 1513 751 1542 id
777 1513 1048 1543 annuntiavimus.
1078 1511 1191 1543 Testa-

223 1564 273 1585 tur
291 1555 344 1585 hic
364 1566 493 1596 quoque
515 1557 545 1585 in
571 1556 642 1595 ipso
668 1554 800 1585 Christo
819 1565 893 1585 esse
912 1562 943 1585 et
966 1564 1097 1585 manere
1120 1564 1191 1584 ver-

223 1599 296 1629 bum
320 1597 410 1634 illud,
434 1598 520 1639 quod
546 1598 634 1627 initio
660 1595 729 1628 suit.

305 1641 461 1671 Servetus
498 1640 612 1670 lec-toti
653 1638 760 1670 suctnn
797 1638 891 1676 facit,
934 1639 1027 1680 quasi
1062 1639 1191 1678 probati

222 1684 401 1722 scriptores
436 1683 644 1713 vetustissimi
683 1692 742 1712 sen
764 1682 846 1711 erint
890 1682 974 1719 λόγω·
1013 1691 1079 1711 non
1116 1690 1191 1711 esse

222 1735 412 1765 personam,
439 1732 611 1765 antequam
634 1725 733 1754 induit
758 1723 928 1754 humanam
947 1730 1105 1754 naturam.
1150 1722 1192 1753 Et

221 1769 296 1798 citat
326 1768 493 1798 Irenaetun
526 1778 563 1796 :xc
587 1765 833 1801 Te1·tullianum;
868 1767 928 1796 sed
957 1767 1085 1806 utrique
1114 1764 1189 1795 facit

221 1811 376 1840 iniuriam.
410 1810 493 1840 Nam
504 1808 724 1839 Tertullianus
737 1809 898 1839 adversus
910 1808 1071 1839 Praxeam
1083 1806 1191 1847 palam

221 1860 327 1883 movet
349 1852 432 1882 hanc
452 1852 690 1892 quaestionem:
715 1851 767 1880 An
788 1851 871 1889 λόγος
890 1851 932 1881 sit
949 1857 1066 1881 natura
1085 1851 1191 1880 subsi-

221 1902 324 1924 stens.
346 1904 415 1931 seu,
440 1902 471 1924 ut
492 1904 577 1925 nunc
597 1894 743 1930 dicimus,
762 1894 925 1933 persona?
953 1893 993 1923 Et
1013 1893 1191 1933 respondet

221 1935 388 1967 affinnans
412 1946 487 1966 esse
514 1946 688 1976 personam
713 1946 772 1966 seu
795 1935 965 1966 ὑπόστασιν.
1010 1934 1128 1975 Deque
1152 1945 1192 1965 ea

222 1989 256 2009 re
289 1978 396 2009 multis
422 1979 531 2009 verbis
555 1979 713 2018 disputat,
749 1986 778 2008 et
803 1978 852 2007 sic
875 1979 934 2008 ait:
969 1977 1191 2017 Quaecunque

221 2030 299 2060 ergo
318 2022 499 2051 substantia
519 2021 680 2050 sermonis
702 2019 771 2057 fuit,
802 2019 890 2050 illam
910 2021 983 2050 dico
1002 2030 1191 2059 personam,

220 2070 249 2093 et
269 2062 312 2093 illi
333 2073 448 2093 nomen
468 2062 523 2093 filii
544 2063 749 2100 vindic-03³21)
773 2069 890 2093 etcum
910 2061 1010 2093 filium
1028 2072 1189 2104 agnosco,

220 2106 397 2136 secundum
420 2116 439 2135 a
463 2105 559 2135 l'atre
583 2104 721 2136 defendo
747 2112 809 2135 etc.

304 2147 456 2177 Irenaeus
495 2149 590 2178 etiam
629 2154 741 2187 aperte
781 2146 919 2177 affirmat
962 2148 1046 2186 λόγον
1086 2145 1189 2177 fuisse

219 2199 409 2230 personant,
433 2198 606 2231 antequam
630 2190 806 2230 assumpsit
830 2189 1004 2220 humanam
1029 2196 1187 2220 naturam.

219 2232 274 2262 Sic
308 2233 391 2262 enim
425 2233 468 2262 ait
505 2244 575 2272 cap.
599 2232 650 2262 20.
683 2231 738 2262 lib.
762 2232 792 2262 3.
828 2232 972 2262 Ostenso
1006 2230 1189 2269 manifeste,

219 2274 302 2313 quod
333 2275 363 2304 in
392 2275 548 2314 principio
578 2275 661 2313 λόγος
685 2275 829 2305 existens
860 2275 946 2314 apud
973 2274 1096 2312 Deum,
1130 2285 1190 2314 per

217 2385 262 2413 28)
288 2389 345 2408 ante
365 2385 457 2409 omnia.
476 2384 570 2414 omnia]
590 2385 633 2409 Ed.
655 2386 692 2407 11.
719 2389 742 2409 et
763 2385 839 2415 opu:
860 2390 918 2410 ante
938 2385 1037 2415 omnia,
1063 2388 1088 2410 et
1106 2386 1189 2410 onmia

218 2436 262 2464 20)
289 2436 348 2465 sint]
368 2436 438 2464 Opim
459 2439 515 2459 <unt

217 2484 261 2512 301

219 2537 263 2563 31)
292 2535 398 2565 vindico}
420 2538 491 2565 oppa
521 2536 625 2560 tendit-0

289 2486 486 2514 contra-tarum}
507 2486 579 2515 opit:
601 2491 786 2511 contractarum

1217 303 1218 306 ¹
1240 290 1313 320 dum
1332 290 1535 329 praefinitum
1559 297 1686 330 tempus
1714 301 1734 321 a
1757 291 1870 329 Patre,
1899 293 2023 323 unitum
2053 304 2114 325 suo
2143 295 2212 335 pla-

1218 363 1220 369 „
1239 332 1345 368 sinati,
1368 331 1558 370 passibilem
1581 332 1745 363 hominem
1767 332 1889 364 factum
1911 335 2007 365 misit.

1324 373 1475 404 Affirmat
1518 381 1549 405 et
1585 374 1748 416 Origenes
1787 378 1855 416 περὶ
1887 375 1987 416 ἀρχῶν
2001 379 2047 416 32')
2089 378 2211 410 diserte

1240 415 1324 453 λόγον
1347 426 1522 455 personam
1545 427 1632 447 esse.
1678 417 1782 448 Nemo
1808 423 1910 457 putet,
1932 420 2046 458 inquit,
2070 430 2131 450 nos
2155 419 2212 451 ali-

1240 457 1317 498 quid
1340 457 1537 488 αἰυπόστατον
1562 460 1689 495 dicere,
1714 470 1787 490 cum
1809 459 1871 489 Dei
1893 461 2086 500 sapientiam
2112 462 2211 492 nomi-

1217 493 1219 510 *
1240 509 1366 529 namus.
1410 499 1452 529 Et
1473 507 1603 539 postea:
1639 501 1674 530 Si
1699 510 1778 540 ergo
1806 500 1908 531 semel
1932 508 2022 533 recte
2044 510 2212 544 receptum

1240 547 1306 577 est,
1341 541 1542 582 unigenitum
1576 540 1675 572 filium
1704 542 1767 573 Dei
1801 544 1995 583 sapientiam
2030 545 2100 576 eius
2135 555 2212 576 esse

1239 581 1496 613 substantialiter
1519 584 1763 614 subsistentem.

1241 635 1313 655 cunt
1336 625 1479 665 disputat
1502 626 1542 656 de
1565 627 1800 657 incarnatione.

1325 666 1392 697 Sed
1415 667 1514 698 redeo
1537 669 1579 698 ad
1603 668 1791 699 Iohannem.

1809 583 1897 616 Idem
1919 592 2036 626 postea
2059 586 2211 626 affirmat,

1837 669 1919 701 Cum
1942 671 2046 711 inquit
2075 671 2121 709 [1,
2141 671 2211 710 14]:

1216 708 1352 739 «Verbo
1382 708 1469 739 Caro
1499 708 1620 741 sactum
1649 717 1719 745 est3
1753 711 1894 743 Primum
1918 718 2057 745 testatur
2081 713 2212 745 Patrem

2113 754 2211 786 Pater

1978 796 2071 828 Sicut
2098 803 2212 837 aperte

1924 837 2023 868 Pater
2051 839 2137 869 enim
2166 840 2211 870 ait

1239 878 1280 907 de
1296 875 1363 907 filio
1389 877 1518 915 [Matth.
1532 877 1660 916 3‚17.]:
1684 879 1746 909 Hic
1764 885 1814 909 est
1826 879 1927 910 Filius
1947 890 2039 911 meus
2060 879 2209 912 dilectus.

1237 918 1366 949 Deinde
1390 920 1464 959 quia
1483 921 1619 950 verbum
1642 920 1677 950 fit
1705 930 1799 958 caro,
1823 922 1864 952 de
1885 931 2030 961 persona
2054 921 2210 963 loquitur,

1238 971 1304 992 non
1322 961 1363 992 de
1379 962 1578 1002 cogitatione
1594 961 1648 992 vel
1665 972 1748 994 voce
1766 968 1966 994 transeunte.
2011 964 2109 995 Certe
2125 965 2211 996 enim

1239 1004 1411 1045 cogitatiO,
1445 1013 1529 1044 quae
1552 1004 1651 1035 Pater
1673 1012 1724 1035 est
1753 1006 1841 1045 ipse,
1872 1012 1928 1036 aut
1956 1017 2022 1037 vox
2044 1007 2209 1038 transiens

1237 1056 1303 1076 non
1326 1046 1362 1076 fit
1381 1056 1469 1076 caro.
1515 1046 1599 1078 Sunt
1623 1047 1720 1087 igitur
1744 1048 1776 1077 in
1800 1046 1932 1078 Christo
1956 1049 2040 1079 duae
2062 1055 2210 1086 naturae,

1238 1090 1321 1127 λόγος
1340 1094 1372 1118 8ῑ
1389 1088 1531 1119 humana
1549 1094 1681 1126 natura,
1705 1091 1755 1120 sic
1776 1090 1903 1127 unitae,
1933 1098 1968 1121 ut
1991 1090 2144 1121 Christus
2166 1092 2209 1121 sit

1237 1142 1300 1161 una
1329 1140 1483 1170 persona.
1534 1130 1676 1161 Utuntur
1704 1132 1907 1162 recentiores
1937 1133 2039 1163 verbo
2066 1133 2209 1164 uniendi-

1236 1173 1375 1204 Vcteres
1416 1174 1512 1203 etiam
1550 1174 1711 1204 interdum
1753 1174 1864 1204 dicunt

1239 758 1271 780 et
1306 750 1453 781 Verbum
1486 761 1552 781 non
1590 762 1666 783 esse
1700 753 1837 784 eandem
1870 764 2056 794 personam.

1239 793 1322 823 enim
1349 803 1414 823 non
1444 793 1546 823 induit
1572 794 1746 825 humanam
1775 802 1933 826 naturam.

1238 841 1400 865 testantur
1430 835 1612 874 scripturae
1640 836 1748 867 multis
1779 836 1872 867 locis.

1902 1175 2082 1214 permixtas
2122 1184 2208 1205 esse.

1237 1215 1333 1250 Quod
1356 1216 1383 1245 si
1407 1222 1498 1246 recte
1520 1214 1737 1257 intelligatur,
1772 1215 1996 1256 significanter
2014 1217 2148 1254 dicitur,
2178 1223 2209 1248 et

1236 1258 1277 1288 ad
1296 1257 1434 1288 sormam
1452 1257 1548 1288 huius
1573 1258 1730 1288 orationis
1752 1268 1819 1288 non
1842 1257 1928 1288 male
1951 1260 2104 1299 quadrat:
2127 1258 2209 1290 Ver-

1237 1301 1311 1330 bum
1340 1310 1418 1330 caro
1446 1298 1569 1330 sactum
1591 1306 1652 1330 est.
1699 1299 1861 1341 Origenes
1885 1301 1947 1330 etsi
1969 1300 2209 1332 similitudinem

1235 1341 1332 1373 huius
1367 1342 1604 1372 coniunctionis
1637 1342 1803 1382 propriam
1833 1341 1941 1372 afferri
1965 1351 2068 1382 posse
2099 1347 2210 1383 negat,

1236 1391 1343 1415 tamen
1362 1390 1531 1424 comparat
1550 1394 1622 1415 eam
1639 1382 1727 1414 ferro
1747 1384 1860 1425 ignito.
1896 1384 1988 1415 Sicut
2005 1385 2092 1425 ignis
2109 1394 2208 1424 pene-

1236 1433 1299 1457 trat
1333 1425 1454 1457 ferrum
1488 1433 1521 1457 et
1553 1426 1695 1466 undique
1724 1427 1753 1457 ei
1781 1427 1955 1463 mis-cetu,
1984 1427 2034 1457 sic
2061 1426 2208 1458 Verbum

1235 1479 1407 1500 assumens
1437 1468 1610 1499 humanam
1638 1474 1804 1505 naturam,
1838 1467 1928 1499 lucet
1941 1469 1986 1508 33)
2008 1469 2042 1499 in
2066 1478 2105 1499 ea
2127 1474 2207 1499 tota.

1234 1511 1276 1541 Et
1304 1517 1421 1542 natura
1448 1510 1590 1541 humana
1617 1510 1705 1541 velut
1739 1520 1883 1541 accensa
1914 1509 2034 1541 lumine
2067 1510 2208 1551 quodam

1235 1554 1338 1584 verbo
1362 1554 1451 1584 unita
1475 1560 1535 1583 est.
1580 1552 1641 1582 Est
1665 1553 1775 1593 itaque
1801 1552 1952 1583 Chtistus
1976 1558 2093 1583 natura
2120 1551 2207 1583 filius

1234 1595 1308 1626 Dei.
1352 1595 1458 1625 Porro
1482 1606 1554 1625 cum
1578 1596 1760 1625 tenebimus
1784 1594 1951 1626 Christum
1972 1600 2090 1626 natura
2108 1593 2208 1625 filium

1234 1637 1298 1668 Dei
1328 1648 1418 1674 esse,
1448 1636 1543 1668 facile
1571 1638 1690 1677 poterit
1720 1643 1752 1667 et
1780 1636 1846 1667 hoc
1875 1635 2023 1674 defendi,
2058 1637 2147 1677 quod
2175 1637 2208 1667 in

1235 1680 1367 1711 Christo
1390 1681 1431 1710 sit
1454 1680 1614 1720 quaedam
1642 1680 1750 1710 divina
1779 1685 1914 1717 natura,
1944 1686 1975 1710 et
2005 1679 2094 1720 quod
2123 1678 2209 1718 λόγος

1235 1724 1275 1753 sit
1298 1732 1451 1762 persona.

1320 1765 1473 1795 Iohannis
1496 1764 1548 1794 20.
1574 1767 1639 1802 [vs.
1663 1764 1729 1802 28]
1754 1764 1896 1795 Thomas
1919 1769 2018 1794 vocat
2042 1762 2209 1794 Christum

1234 1814 1347 1848 aperte
1365 1807 1471 1838 Deum
1490 1808 1654 1847 inquiens:
1674 1806 1836 1837 Dominus
1848 1816 1939 1837 meus
1955 1812 1987 1836 et
1997 1805 2090 1836 Deus
2104 1814 2207 1836 meus

1319 1849 1433 1880 Roma.
1457 1849 1487 1880 9.
1513 1853 1574 1887 [vs.
1601 1849 1661 1886 ἷκε]
1698 1848 1759 1883 Qui
1785 1855 1836 1879 est
1861 1858 1960 1889 super
1985 1848 2094 1878 omnia
2114 1847 2207 1878 Deus

1235 1892 1437 1923 benedictus.
1489 1891 1528 1922 Et
1562 1902 1604 1922 ne
1638 1892 1710 1931 quis
1742 1889 1930 1928 cavilletur,
1964 1890 2069 1930 accipi
2101 1889 2208 1920 Deum

1234 1934 1468 1974 metaphorice,
1502 1935 1663 1965 addantur
1697 1934 1900 1971 testimonia,
1941 1942 2025 1973 quae
2062 1932 2207 1963 tribuunt

1235 1976 1366 2007 Christo
1402 1987 1455 2013 83,
1500 1987 1584 2017 quae
1619 1982 1694 2006 sunt
1726 1976 1859 2016 propria
1897 1981 2033 2006 naturae
2068 1974 2207 2011 divinae,

1234 2019 1377 2056 scilicet,
1401 2019 1511 2049 Vitam
1531 2019 1683 2056 reddere,
1702 2017 1925 2055 sanctificare,
1948 2017 2120 2054 exaudire,
2143 2014 2207 2046 sal-

1233 2072 1312 2092 vare
1335 2068 1367 2092 et
1389 2060 1515 2092 similia.

1232 2164 1407 2189 TESTIMONIA
1426 2169 1490 2194 quae
1510 2163 1621 2188 tribuunt
1642 2164 1739 2188 Christo
1758 2170 1802 2192 ea,
1828 2169 1892 2193 quae
1911 2165 1970 2187 sunt
1988 2162 2088 2192 propria
2107 2160 2206 2186 divinae

1636 2204 1798 2234 naturae.2⁵⁴)

1498 2272 1513 2279 -a

1318 2272 1472 2303 Iohannis
1495 2283 1525 2302 ο.
1562 2274 1624 2309 [vs.
1651 2272 1736 2310 21.:]
1779 2271 1871 2303 Sicut
1908 2270 2006 2301 Pater
2045 2270 2206 2300 exuscitat

1233 2322 1380 2346 mortuos
1404 2321 1433 2345 et
1458 2314 1613 2352 vivificat,
1636 2316 1685 2345 sic
1704 2321 1735 2345 et
1754 2314 1840 2345 filius
1860 2323 1942 2354 quos
1963 2311 2033 2344 vult
2051 2311 2204 2343 vivificat.

1233 2436 1278 2465 32)
1305 2431 1409 2466 α’ρχῶν]
1431 2434 1490 2464 Opp.
1510 2434 1591 2458 male:
1611 2432 1696 2465 ἄρχον

1233 2486 1278 2516 33)
1306 2485 1384 2515 lucet]
1404 2485 1446 2509 Ed.
1468 2485 1504 2508 12.
1525 2486 1619 2514 typoth.
1639 2490 1738 2508 errore:
1759 2483 1817 2507 licet

1233 2538 1278 2566 34)
1305 2537 1373 2561 Hanc
1391 2536 1579 2566 inscriptionem
1598 2534 1695 2559 addunt
1713 2534 1755 2559 Ed.
1777 2534 1814 2556 ll.
1835 2536 1859 2558 et
1879 2534 1936 2562 Opp,
