2358 2933
234 108 294 139 tw

233 201 470 240 pensationem,
493 207 524 229 ut

233 242 308 283 quid
333 242 372 272 de
395 252 467 271 suo.
493 247 521 271 et
547 241 632 270 videt
646 241 713 269 suis
727 237 911 270 defuturum
929 249 1014 275 esse,
1038 240 1099 269 nisi
1114 239 1206 270 Deus

233 294 290 314 eos
315 284 510 323 respexerit.
542 283 616 322 petit
648 289 676 312 et
712 288 860 321 expectat
887 280 1039 312 auxilium
1063 288 1092 311 et
1119 292 1205 312 com-

233 327 464 365 pensationcm.

319 367 406 398 Haec
438 374 468 396 nt
499 364 734 406 intelligantur,
765 365 936 395 antithesis
967 365 1203 401 considozemr,

233 419 260 440 ct
285 410 546 449 introspiciamus
578 415 688 437 nostra
714 416 859 447 pectora.
917 407 993 438 ldeo
1028 407 1133 437 minus
1168 418 1203 437 cs·

232 451 371 493 diligens
395 452 426 480 in
450 451 621 489 operibus.
653 451 725 490 quia
755 449 881 489 cogitas
912 456 943 479 te
970 447 1089 479 frustra
1115 447 1205 479 labo-

233 504 317 531 rare,
342 494 416 533 quia
428 492 501 523 Deo
525 490 710 532 displiceas.
757 490 846 521 llaec
870 491 1056 531 imaginatio
1081 497 1201 531 pugnat

233 547 304 566 cnm
329 536 431 575 primo
451 535 606 565 exercitio
631 535 715 564 tidei.
755 533 918 569 Secundo,
942 533 1014 563 ideo
1039 533 1143 562 minus
1168 542 1203 562 es

232 577 389 613 liberalis,
413 578 486 617 quia
511 578 637 617 cogitas
661 575 720 606 has
751 586 803 605 res
830 575 990 605 humanae
1019 573 1203 615 diligentiae

233 621 423 651 commissas
459 630 533 649 csse
564 626 592 649 et
624 628 688 648 non
721 618 826 647 curari
851 628 868 646 a
893 616 976 647 Deo.
1023 616 1082 646 llic
1113 627 1204 647 error

234 668 352 703 pugnat
377 672 449 692 cum
472 662 619 692 secundo
643 660 799 690 exercitio
824 659 911 694 fidei:
935 658 1027 690 Deus
1052 660 1135 689 enim
1159 659 1203 688 di-

233 705 397 746 ligentiam
421 702 592 734 humanam
617 704 658 732 ita
682 700 846 742 postulat,
877 708 907 732 nt
939 700 1013 731 velit
1039 711 1112 731 cam
1135 701 1203 740 regi

233 758 292 778 suo
318 747 428 782 verbo,
452 747 535 776 sicut
561 753 687 775 reterns
703 745 847 774 virtutes.
894 743 947 773 Sin
967 742 1118 783 diligens,
1141 743 1203 772 sci-

233 789 319 820 licct.
342 789 427 818 iuxta
453 794 659 828 praeceptum
682 786 744 816 Dei
769 784 919 822 labores,
944 795 1008 815 non
1033 784 1135 815 thuias
1158 785 1203 814 in-

233 830 327 862 utiles
352 828 571 870 profusiones,
595 829 652 859 sed
677 827 796 868 aliquid
821 826 972 858 conteras
997 828 1037 857 ad
1051 837 1203 857 necessu-

234 875 298 904 rios
323 883 402 903 usus
425 870 593 901 Ecclesiae
619 878 646 901 et
674 880 860 911 pauperum.
906 868 1028 906 Tertio,
1052 869 1124 899 ideo
1150 869 1204 898 nii-

234 927 294 947 nus
318 912 462 945 liberalis
486 924 534 950 es,
557 914 630 954 quia
651 914 775 952 cogitas
794 911 901 942 Deum
932 921 996 941 non
1020 921 1094 941 esse
1118 921 1204 940 com-

234 965 456 997 pensatumm‚
491 962 564 987 tuos
598 954 726 986 futuros
751 964 826 984 esse
850 955 880 983 in
904 959 1061 994 egestate.
1116 952 1205 983 llaec

233 998 410 1031 diffidentia
433 1005 554 1040 pugnat
580 1008 651 1027 cnm
676 997 768 1027 tertio
793 996 948 1026 exercitio
965 995 1048 1026 fidei.
1082 994 1122 1025 Ut
1147 995 1205 1035 igi-

233 1051 285 1073 tur
308 1042 468 1071 excitetur
490 1047 519 1071 et
545 1046 671 1070 crescat
685 1038 777 1076 fides,
800 1038 892 1069 Deus
905 1036 1093 1078 multiplicia
1106 1046 1205 1077 opera

234 1084 420 1125 proposuit,
450 1090 478 1113 et
504 1082 622 1113 addidit
648 1081 886 1122 promissiones
916 1079 1024 1111 auxilii
1055 1085 1084 1110 et
1114 1088 1206 1119 prae-

235 1127 382 1163 miorum,
406 1132 435 1155 ut
462 1126 500 1155 sit
527 1125 657 1155 occasio
682 1123 909 1154 invocationis.
957 1122 1128 1156 Quomodo
1153 1131 1205 1151 ex-

234 1169 384 1209 pectabis
410 1178 428 1198 a
450 1167 524 1198 Deo
548 1173 713 1197 aeternam
737 1164 887 1202 salutem,
911 1165 937 1194 si
962 1175 1025 1195 non
1050 1169 1205 1203 expectas

234 1210 381 1252 fragmen
404 1210 518 1250 panis?
562 1208 793 1249 Repugnemus
813 1208 910 1249 igitur
933 1205 1128 1237 diffidentiae
1150 1216 1206 1236 no-

235 1260 339 1289 strae,
369 1260 397 1282 et
423 1252 574 1282 mundata
598 1261 698 1291 opera
722 1248 894 1287 faciamus,
928 1255 956 1279 et
973 1250 1018 1289 95)
1050 1259 1121 1279 cum
1146 1248 1208 1278 sint

238 1293 400 1326 difuit-iliu.
435 1295 613 1324 excitemus
649 1294 679 1323 in
710 1293 756 1322 cis
787 1292 881 1322 tidem
905 1298 935 1321 et
960 1291 1208 1327 invocationem,

237 1339 415 1368 intueamur
432 1337 527 1366 etiam
545 1335 698 1376 praemia,
723 1335 823 1365 simus
848 1332 967 1363 soliciti
993 1334 1032 1363 dc
1056 1333 1210 1364 universa

237 1378 398 1415 Ecclesia,
422 1379 461 1409 de
484 1376 683 1418 Republica,
707 1377 748 1406 de
771 1383 885 1406 nostra
909 1374 1024 1406 salute.
1070 1375 1210 1414 Propter

237 1421 299 1452 lios
323 1420 404 1451 fines
424 1421 523 1451 simus
547 1418 770 1460 diligentiores
794 1419 825 1448 in
842 1419 1025 1454 vocatione,
1049 1418 1079 1447 in
1097 1427 1210 1457 regen-

239 1464 288 1494 dis
312 1464 455 1494 moribus
480 1469 541 1493 etc.

324 1505 413 1536 Haec
437 1505 543 1536 onmia
567 1505 743 1545 pinguntur
766 1504 797 1533 in
816 1501 964 1542 exemplo
988 1502 1103 1532 viduae
1116 1501 1211 1532 Sare-

240 1556 357 1589 ptanae
380 1554 409 1578 et
434 1546 535 1577 Eliae.
581 1546 647 1578 Scit
673 1545 764 1576 Elias
788 1555 824 1575 se
849 1550 1000 1575 vocatum
1030 1554 1104 1574 esse
1133 1544 1212 1573 ‹lixi—

240 1592 325 1621 nitus
349 1591 387 1620 ad
413 1589 610 1625 docendum,
641 1596 669 1619 et
696 1590 799 1618 donec
823 1587 1000 1617 ministerio
1025 1585 1115 1628 fungi
1139 1596 1212 1617 eum

240 1633 329 1663 Deus
354 1631 453 1669 volet,
477 1642 541 1661 non
566 1629 750 1661 defuturum
781 1639 856 1660 esse
880 1630 1018 1665 victum3
1046 1628 1117 1659 Hac
1147 1627 1212 1658 fide

240 1677 310 1715 ipse
334 1683 361 1706 et
388 1675 463 1714 petit
489 1681 517 1704 et
544 1678 694 1713 expectat
715 1673 847 1709 victum,
872 1672 957 1702 venit
982 1671 1080 1712 igitur
1104 1671 1145 1701 ad
1167 1670 1212 1700 vi-

241 1719 352 1754 duam,
387 1723 416 1747 et
454 1714 626 1747 consectus
655 1714 769 1745 labore
799 1714 885 1744 iubet
917 1714 978 1743 sibi
1003 1713 1071 1744 dari
1095 1713 1212 1743 cibum.

242 1760 347 1790 Vidua
370 1765 594 1800 paupertatem
618 1768 710 1787 suam
729 1762 849 1787 narrat.
884 1755 945 1786 Hic
968 1755 1135 1795 Propheta
1158 1755 1213 1784 ad-

242 1803 283 1832 dit
309 1802 565 1842 promissionem.
602 1800 707 1830 Credit
735 1797 848 1829 mulier
862 1801 906 1831 ⁹⁹)
931 1796 1213 1838 vociProphetac„

242 1845 327 1885 quod
351 1843 443 1874 Deus
472 1841 574 1873 Israel
604 1852 682 1872 vere
709 1842 747 1871 sit
772 1840 865 1871 Deus
897 1846 1027 1870 creator
1050 1846 1081 1870 et
1105 1838 1212 1869 salva-

243 1894 304 1923 tor,
328 1886 413 1926 quod
438 1886 489 1916 det
515 1886 614 1921 bona,
639 1884 725 1925 quod
750 1884 787 1913 sit
809 1883 1074 1923 suppeditaturus
1094 1883 1213 1912 victum

244 1931 274 1959 in
298 1935 474 1969 posterum.
509 1926 704 1967 Quanquam
720 1925 817 1966 igitur
832 1926 892 1955 sibi
917 1931 947 1955 et
972 1923 1049 1961 filio,
1073 1924 1159 1964 quod
1182 1924 1212 1953 in

243 1971 426 2011 praesentia
451 1969 578 2006 aderat,
602 1967 727 1998 detrahi
751 1967 853 2004 videt,
885 1975 992 1997 tamen
1016 1965 1214 2005 Prophetam

243 2014 332 2054 pn'us
356 2012 471 2053 pascit.
525 2010 618 2041 Hanc
652 2009 748 2041 fidem
773 2016 801 2040 et
837 2009 900 2040 hoc
929 2019 1012 2049 opus
1035 2014 1215 2049 sequuntur

244 2056 398 2096 praemia,
421 2053 522 2095 longo
547 2060 692 2091 tempore
715 2051 810 2082 alitur
833 2051 915 2081 haec
931 2049 1061 2088 familia,
1086 2056 1118 2081 et
1128 2049 1213 2080 haud

245 2098 340 2128 dubie
370 2095 529 2127 beneficio
558 2095 678 2125 divino·
735 2094 783 2124 Fit
808 2095 876 2124 eius
900 2094 1016 2123 domus
1038 2093 1215 2133 hospitium

244 2137 422 2175 Ecclesiae,
446 2139 500 2168 ubi
512 2136 674 2177 Propheta
697 2136 791 2167 docet
816 2142 916 2166 totam
938 2135 1099 2166 viciniam.
1123 2135 1215 2165 llanc

246 2192 395 2223 magnam
424 2179 561 2221 gloriam
589 2179 735 2219 sequitur
763 2177 917 2215 afflictio,
950 2176 1036 2208 filius
1069 2177 1215 2214 moritur,

246 2224 305 2254 sed
328 2233 442 2254 rursus
466 2223 625 2253 accedunt
654 2231 741 2251 nova
763 2221 924 2260 praemia,
953 2219 1038 2250 filius
1068 2225 1215 2251 mortuus

246 2267 468 2297 resuscitatur.
514 2264 585 2294 Hoc
608 2261 757 2302 exemplo
782 2263 886 2303 magis
916 2262 1126 2292 confirmatur
1149 2272 1216 2292 mu-

247 2307 316 2346 lier,
341 2315 371 2338 et
394 2305 491 2337 latius
514 2307 677 2346 spargitur
704 2304 788 2336 fama
813 2305 979 2335 doctrinae
1002 2303 1104 2334 Eliae.
1150 2303 1215 2334 lam

248 2447 293 2471 ivs)
314 2448 338 2467 et
357 2443 434 2468 abest
451 2443 485 2467 ab
503 2442 574 2467 Editt.
598 2445 617 2467 t.
639 2445 659 2468 3.

249 2496 295 2521 991
315 2494 524 2551 ρΙιζοιῃὶξείοηρηῑί,
553 2494 636 2518 Credit
655 2494 756 2523 mulier]
776 2494 880 2518 Editur
893 2493 916 2516 3.
933 2492 1136 2523 promissionem.
1156 2492 1214 2517 Cre-

319 2531 351 2551 ιη
372 2531 447 2556 igitur
466 2533 506 2551 mu
520 2533 555 2551 ier

864 104 972 137 PlttL.
990 104 1092 136 MEL-
1112 104 1295 136 SCRtPTA
1312 104 1586 137 DOGMATtCA.

1236 2406 1237 2413 1
1259 2394 1320 2428 est,
1344 2388 1563 2419 testimonium
1594 2388 1813 2419 conscientiae
1836 2392 1980 2417 nostrae.

2158 108 2221 139 78⁰

550 200 602 238 qui
627 198 679 228 dat
694 196 956 238 Eleemosynam,
981 198 1123 237 decerpit
1149 196 1205 227 ali-
1225 200 1230 231 Ι
1249 199 1370 238 cogita,
1393 207 1489 238 quam
1512 196 1611 228 multa
1630 197 1773 238 ingentia
1797 199 1881 228 bona
1904 208 2006 238 opera
2018 199 2154 238 primum
2172 199 2218 231 os-

1250 239 1371 277 ticium,
1405 240 1492 280 quod
1525 240 1686 279 praestitit
1720 238 1834 270 mulier
1857 240 1888 270 in
1910 239 2029 271 alendo
2054 240 2219 281 Propheta

1248 282 1429 322 pepererit,
1464 281 1638 311 considera
1671 282 1767 311 etiam
1796 281 1958 313 cumulum
1992 283 2217 322 praemiorum.

1248 323 1322 354 Non
1344 323 1451 354 solum
1473 322 1570 354 alitur
1593 322 1724 360 finnilia,
1749 323 1809 354 sed
1832 324 2085 355 etiam'eruditur
2109 324 2219 356 aPro-

1248 365 1346 405 pheta
1370 366 1410 396 de
1435 375 1513 396 vero
1537 364 1626 396 cultu
1648 365 1709 395 Dei
1732 371 1763 396 et
1786 365 1826 396 de
1850 366 1914 396 vita
1937 372 2084 403 aeterna,
2110 372 2141 397 et
2165 377 2218 399 cn.—

1248 408 1387 438 stoditur
1410 406 1629 447 multipliciter
1651 407 1812 438 adversus
1835 406 2030 445 Diabolum,
2059 407 2144 439 filius
2172 418 2219 439 re-

1247 450 1424 480 suscitatus
1456 449 1490 479 tit
1517 448 1611 480 huius
1635 448 1819 489 Prophetae
1842 448 2040 490 ‹liscipultm‚
2068 451 2121 490 qui
2144 460 2219 491 pro-

1248 489 1301 521 cul
1323 491 1420 522 dubio
1445 497 1559 531 postea
1587 490 1707 522 utiliter
1732 492 1867 522 servivit
1889 490 2069 523 Ecclesiae.
2114 492 2219 524 Etiam

1247 534 1365 574 exigua
1395 544 1495 573 opera
1529 534 1680 573 praemiis
1712 533 1813 563 multo
1844 534 2022 564 maioribus
2050 540 2219 571 ornantur,

1247 585 1343 623 quam
1373 586 1432 614 pro
1462 575 1587 611 debito;
1620 586 1659 606 ac
1688 584 1828 606 necesse
1859 581 1910 606 est
1939 586 2054 607 omnes
2083 582 2220 608 sanctos

1248 617 1340 647 lateri
1370 617 1468 654 idem,
1498 618 1586 657 quod
1609 617 1705 648 Iacob
1738 618 1838 657 inquit
1869 617 1952 648 Gen.
1981 617 2032 648 32.
2068 621 2130 655 [vs.
2156 617 2219 655 104

1247 659 1354 689 Minor
1377 670 1448 690 sum
1471 660 1620 690 omnibus
1644 660 1908 691 miserationibus
1932 661 2005 690 tuis.

1333 701 1485 731 Ceterum
1509 702 1570 732 etsi
1594 707 1725 740 oportet
1748 711 1823 732 esse
1836 701 2020 732 inchoatam
2032 702 2220 739 novitatem,

1247 745 1329 773 sicut
1352 742 1474 774 Paulus
1497 743 1599 782 inquit
1623 744 1666 781 [2.
1691 742 1767 773 Cor.
1796 743 1827 779 5,
1852 745 1870 774 2
1892 747 1973 784 sq.]:
2003 743 2221 785 Superindua-

1248 796 1329 822 mur,
1348 787 1404 817 ¹⁰⁰)
1429 785 1457 814 si
1473 790 1580 815 tamen
1601 796 1664 815 non
1677 786 1754 815 nudi
1768 787 1982 825 reperiemur:
2007 792 2115 817 tamen
2138 795 2221 817 sem·

1247 838 1307 867 per
1329 832 1488 867 agnoscat
1518 837 1594 864 cor,
1624 827 1710 867 qnod
1735 827 1811 857 dicit
1835 827 1923 857 Psal.
1949 828 2034 865 1142,
2056 828 2101 866 2.]
2147 828 2220 858 Non

1248 868 1476 899 iustificabitur
1498 869 1531 898 in
1556 874 1736 909 conspectu
1764 874 1819 899 tuo
1850 870 1954 899 omnis
1978 870 2108 905 vivens3
2142 869 2221 901 Item

1249 911 1316 949 [Ps.
1332 910 1382 947 18,
1398 910 1478 949 13.]:
1502 909 1632 941 Delicta
1656 911 1728 951 quis
1746 909 1917 952 intelligit?
1941 917 1972 942 et
1994 912 2078 942 sciat
2089 917 2221 942 nostras

1249 954 1383 984 virtutes
1406 963 1472 983 non
1495 962 1570 983 esse
1592 954 1728 993 pretium
1751 953 1837 984 vitae
1860 958 2030 991 aeternae,
2053 954 2112 984 sed
2135 952 2220 984 hanc

1249 1001 1340 1026 certo
1364 995 1433 1026 dari
1458 1001 1590 1035 propter
1612 994 1842 1031 Mediatorem3
1867 995 1958 1026 Sicut
1976 994 2098 1026 Paulus
2121 995 2223 1035 inquit

1250 1037 1355 1074 [Rom.
1379 1037 1410 1074 6,
1433 1037 1514 1076 23.]:
1537 1036 1742 1068 DonumDei
1761 1038 1827 1068 vita
1840 1044 1983 1068 aeterna.
2018 1037 2059 1068 Et
2071 1036 2222 1068 Christus

1248 1081 1349 1121 inquit
1379 1079 1468 1110 loan.
1491 1079 1521 1110 6.
1553 1081 1615 1116 [vs.
1638 1079 1701 1117 404
1731 1078 1821 1111 Haec
1850 1085 1900 1110 est
1928 1078 2078 1111 voluntas
2102 1078 2222 1116 Patris,

1248 1128 1281 1153 ut
1306 1123 1423 1159 omnis,
1448 1122 1501 1162 qui
1526 1122 1613 1152 videt
1625 1120 1739 1153 Filium
1761 1127 1791 1152 et
1816 1122 1920 1153 eredit
1942 1122 1973 1152 in
1997 1131 2081 1159 eum,
2100 1120 2222 1152 habeat

1249 1165 1348 1195 vitam
1361 1169 1540 1195 aeternam.
1575 1163 1668 1195 Hanc
1691 1173 1806 1194 vocem
1830 1165 1890 1194 sibi
1913 1164 1968 1204 pia
1990 1172 2081 1194 mens
2096 1164 2130 1194 in
2144 1173 2223 1194 vera

1250 1207 1448 1247 poenitentia
1471 1212 1650 1246 proponat,
1684 1211 1717 1237 et
1739 1211 1874 1246 propter
1895 1206 2108 1237 Mediatorem
2131 1211 2223 1239 certo

1252 1254 1403 1289 expectet
1426 1250 1523 1279 vitam
1539 1254 1723 1279 aeternam.
1757 1248 1826 1278 Nec
1840 1254 1951 1287 potest
1965 1248 2046 1279 fides
2069 1248 2127 1278 niti
2149 1247 2225 1278 dua·

1252 1292 1313 1322 bns
1337 1292 1453 1327 rebus,
1488 1289 1669 1320 Mediatore
1692 1296 1724 1320 et.
1746 1291 1867 1320 nostris
1892 1290 2031 1326 meritis,
2065 1295 2099 1321 ut
2120 1289 2225 1329 perita

1254 1333 1452 1364 conscientia
1477 1331 1573 1362 facile
1596 1333 1739 1363 iudicare
1762 1337 1879 1372 potest.

1460 1458 1518 1489 DE
1542 1457 1707 1493 QUINTA
1731 1457 2021 1493 QUAESTIONE.

1491 1543 1543 1574 De
1566 1543 1749 1574 discrimine
1772 1549 1992 1583 peccatorum.

1342 1628 1424 1659 t'um
1447 1628 1568 1658 dictum
1591 1628 1633 1658 sit
1656 1628 1687 1657 in
1711 1628 1831 1658 renatis
1854 1636 1984 1658 manere
2006 1633 2152 1667 peecata,
2170 1637 2227 1659 ne-

1257 1679 1352 1700 cesse
1377 1676 1427 1701 est
1450 1670 1533 1700 tradi
1556 1670 1740 1700 discrimen.
1785 1670 1867 1700 Nam
1889 1669 1970 1707 hos,
1999 1670 2054 1711 qui
2075 1674 2172 1701 ruunt
2193 1670 2227 1700 in

1257 1711 1375 1743 delicta
1394 1717 1508 1743 contra
1532 1713 1775 1749 conscientiam,
1799 1718 1922 1744 certum
1945 1717 1996 1742 est
2018 1722 2084 1744 non
2095 1721 2228 1743 manere

1256 1756 1287 1785 in
1312 1755 1433 1795 gratia,
1468 1764 1529 1785 nec
1553 1756 1692 1785 retinere
1722 1754 1836 1791 fldem,
1869 1754 2040 1792 iustitiam,
2073 1754 2226 1794 Spiritum

1256 1803 1416 1833 sanctum,
1440 1807 1500 1827 nec
1522 1802 1630 1836 potest
1652 1802 1741 1827 stare
1764 1807 1836 1827 cum
1860 1795 1946 1827 malo
1969 1797 2137 1836 proposito
2150 1806 2227 1826 con—

1256 1844 1306 1869 tra
1330 1839 1562 1870 conscientiam
1587 1839 1680 1876 fides,
1709 1840 1741 1870 id
1765 1845 1827 1876 est,
1852 1838 1970 1869 fiducia
1991 1839 2225 1879 acceptationis

1257 1881 1394 1912 divinae.
1441 1881 1524 1912 Sunt
1552 1882 1635 1911 enim
1665 1892 1801 1921 prorsus
1831 1881 1981 1911 contrarii
2004 1886 2131 1918 motus,
2164 1890 2227 1912 nec

1256 1929 1366 1963 potest
1381 1924 1522 1954 existere
1540 1924 1703 1954 invocatio
1720 1934 1793 1954 cum
1805 1921 1891 1953 mala
1904 1922 2118 1960 conscientia,
2142 1932 2229 1963 quae

1256 1965 1335 2006 sugit
1360 1966 1482 2002 Deum,
1519 1966 1604 1996 sicut
1627 1965 1745 1996 dicitur
1782 1965 1809 1995 1.
1834 1964 1921 1995 Ioan.
1944 1963 1975 1995 3.
2000 1968 2062 2001 [vs.
2085 1964 2150 2003 214
2190 1963 2226 1994 Si

1258 2018 1315 2038 cor
1328 2014 1476 2039 nostrum
1499 2017 1561 2037 nos
1583 2017 1648 2037 non
1672 2008 1878 2044 condemnat,
1901 2006 2051 2038 fiduciam
2068 2005 2227 2038 habemus

1257 2051 1298 2081 ad
1315 2049 1431 2081 Deum.

1342 2093 1419 2123 ldeo
1442 2092 1581 2123 tenenda
1604 2098 1650 2121 est
1678 2091 1808 2133 regula,
1840 2092 1927 2132 quod
1957 2100 2096 2122 necesse
2124 2090 2166 2122 sit
2195 2091 2227 2121 in

1257 2134 1476 2165 reconciliatis
1507 2144 1583 2164 esse
1612 2134 1763 2164 iustitiam
1794 2135 1899 2164 honae
1922 2133 2159 2170 conscientiae,
2193 2138 2228 2164 ut

1260 2176 1287 2207 l.
1307 2176 1386 2207 Tim.
1412 2177 1439 2207 l.
1464 2180 1526 2214 [Vs.
1550 2176 1594 2214 5.l
1620 2177 1753 2207 dicitur:
1778 2176 1911 2207 Summa
1933 2175 2074 2207 mandati
2103 2181 2155 2206 est
2182 2175 2228 2206 di-

1257 2217 1353 2249 lectio
1379 2229 1418 2249 ex
1442 2220 1541 2250 corde
1564 2229 1657 2259 puro,
1682 2219 1883 2249 conscientia
1908 2219 1993 2249 bona
2015 2223 2047 2248 et
2076 2216 2140 2247 fide
2161 2226 2228 2248 non

1257 2261 1342 2292 ficta.
1388 2261 1426 2291 Et
1451 2262 1482 2291 in
1507 2262 1620 2292 eodem
1644 2260 1756 2301 Capite
1777 2263 1856 2297 ivss.
1882 2259 1921 2292 18
1943 2264 2022 2301 sq.J:
2045 2258 2149 2290 Milita
2170 2258 2228 2289 ho-

1258 2310 1384 2334 nestam
1406 2302 1565 2341 militiam,
1594 2303 1720 2334 habens
1744 2303 1840 2334 fidem
1863 2308 1894 2333 et
1917 2303 2035 2333 bonam
2058 2301 2228 2333 conscien—

1259 2347 1345 2376 tiam.
1390 2345 1420 2376 2.
1445 2344 1521 2377 Cor.
1553 2346 1581 2376 1.
1613 2349 1677 2384 [vs.
1702 2346 1767 2383 12]
1808 2343 1965 2376 Gloriatio
1998 2349 2112 2375 nostra
2144 2343 2228 2374 haec

2028 2386 2055 2416 l.
2083 2385 2170 2417 Petr.
2199 2385 2229 2416 3.

1261 2435 1304 2468 [v.
1331 2430 1392 2468 164
1431 2429 1673 2461 Conscientiam
1695 2429 1855 2461 habentes
1878 2430 2006 2460 bonam.

1261 2525 1321 2554 too>
1339 2524 1576 2555 superinduamur-‚1
1595 2524 1667 2550 Editt.
1686 2524 1709 2547 2.
1730 2524 1820 2548 4-10.
1841 2524 1877 2548 12.
1897 2522 2121 2554 superinduemur,
