2358 2933
95 112 156 144 821

96 203 300 241 adulterium,
323 202 493 239 scortatio,
515 201 703 233 idololatria
725 208 787 233 etc.
826 201 878 232 De
900 201 951 231 his
974 211 1067 241 prae-

97 246 169 276 dico
193 245 300 282 vobis,
323 244 424 285 quod,
448 244 502 284 qui
524 243 602 274 talia
624 249 735 285 agunt,
758 253 894 285 regnum
917 242 981 273 Dei
1001 253 1067 273 non

96 287 322 327 possidebunt.
372 285 449 316 Ideo
479 291 588 316 autem
619 292 717 317 vocat
749 283 924 317 manifesta
957 294 1068 324 opera,

98 330 172 369 quia
201 329 241 359 de
264 328 312 358 eis
336 328 537 358 conscientia
559 326 709 358 facientis
732 333 822 357 certo
846 327 990 357 iudicare
1011 337 1069 366 po-

97 377 162 401 test
185 380 224 400 ex
237 369 330 410 Lege
342 369 416 406 Dei,
442 376 474 399 et
497 370 558 400 scit
571 369 644 400 Deo
668 368 843 408 displicere
857 367 978 398 malum
996 379 1069 408 pro-

97 413 248 452 positum.
295 412 373 441 Item
398 412 426 440 1.
451 411 538 441 loan.
563 411 592 441 3.
618 414 681 449 [vs.
701 412 746 448 7.]
772 411 876 440 Nemo
900 420 960 440 vos
984 411 1069 440 deci-

96 455 180 495 piat:
204 454 258 494 qui
281 452 358 483 facit
380 453 546 490 iustitiam,
569 454 674 484 iustus
694 458 759 488 est,
785 453 839 492 qui
857 450 935 482 facit
952 462 1070 491 pecca-

96 502 179 533 tum,
211 505 252 525 ex
280 494 424 526 Diabolo
453 500 513 524 est.
566 494 742 524 Praeterea
770 492 1070 525 manifestissimum

97 544 159 575 est,
185 536 399 578 Evangelium
422 535 590 576 postulare
613 537 732 566 bonam
756 536 999 566 conscientiam.

185 579 213 608 l.
237 578 317 609 Tim.
346 579 373 608 l.
399 581 462 616 [vs.
487 578 532 615 5.]
564 578 694 608 dicitur:
728 577 870 609 Dilectio
900 588 940 608 ex
971 579 1071 608 corde

96 631 191 662 puro,
216 621 419 651 conscientia
441 621 529 650 bona
553 625 585 650 et
608 619 671 650 fide
693 630 760 650 non
782 619 870 650 ficta.
901 619 942 649 Et
966 620 997 649 in
1017 629 1071 650 eo—

98 664 171 693 dem
191 663 297 701 capite
317 665 379 699 [vs.
402 660 482 698 18.]:
512 660 616 692 Milita
638 661 812 692 honestam
835 661 977 691 militiam
997 662 1071 691 reti-

97 714 180 735 nens
204 704 301 734 fidem
325 710 355 733 et
383 705 500 733 bonam
527 704 772 734 conscientiam.
817 703 859 733 Et
881 704 911 732 2.
939 702 1015 733 Cor.
1044 703 1070 733 1.

99 749 161 783 [vs.
177 746 240 782 12]
265 745 355 775 Haec
376 751 426 775 est
442 744 594 786 gloriatio
608 752 734 783 nostra,
757 746 975 775 testimonium
996 755 1072 775 con-

97 788 255 818 scientiae
288 793 433 817 nostrae.
478 786 519 817 Et.
552 787 594 817 ad
628 787 702 818 Gal.
732 787 763 817 6.
799 790 861 824 [vs.
885 787 928 824 4.]
963 786 1072 817 Unus-

98 830 237 870 quisque
257 839 340 868 opus
366 839 459 859 suum
474 830 602 869 probet,
627 835 657 859 et
677 830 725 859 sic
744 830 831 869 apud
853 838 929 859 sese
953 828 1072 869 gloria-

98 872 219 902 tionem
232 870 378 907 habebit,
402 876 434 901 et
446 881 511 901 non
524 872 564 901 ab
577 870 694 908 altero,
716 872 748 901 id
766 877 827 901 est.
848 871 1073 911 unusquisque

98 918 205 949 curet,
229 919 264 943 ut
287 922 381 943 suum
406 923 488 952 opus
508 919 597 943 recte
620 912 737 950 faciat,
761 914 810 943 sic
830 913 964 943 habebit
987 913 1073 953 apud

97 964 136 985 se
159 953 399 996 gloriationem,
431 955 463 984 id
489 961 551 991 est,
576 956 797 985 testimonium
818 961 848 985 et
867 955 1074 994 approbatio-

97 1007 172 1028 nem
194 997 347 1037 propriae
368 997 600 1033 conscientiae,
624 1007 707 1037 quae
725 997 835 1027 unicui
860 1006 900 1027 ue
918 1006 1073 1026 necessa-

98 1039 148 1069 ria
179 1045 246 1075 est,
281 1047 343 1068 nec
370 1039 586 1078 aucupabitur
616 1039 801 1078 opinionem
831 1039 1010 1079 goriosam
1034 1049 1075 1068 ex

97 1079 236 1111 aliorum
259 1079 526 1119 reprehensione,
545 1090 607 1110 nec
630 1081 785 1120 pendebit
808 1090 848 1110 ex
870 1079 986 1111 alienis
1006 1086 1075 1110 tan-

99 1128 165 1153 tum
188 1122 326 1152 iudiciis.

188 1164 214 1193 l.
227 1163 315 1194 Petr.
325 1163 354 1193 3.
370 1167 432 1200 [vs.
442 1164 503 1201 1621
518 1164 645 1194 Bonam
657 1165 892 1194 conscientiam
903 1163 1074 1194 habentes·

184 1205 277 1235 ltem:
301 1205 507 1244 Impossibile
531 1212 592 1242 est,
616 1206 778 1236 hominem
793 1207 984 1236 retinentem
1000 1216 1074 1245 pro-

98 1249 241 1287 positum
268 1248 427 1286 peccandi
453 1247 584 1286 placere
609 1247 701 1284 Deo,
737 1248 811 1287 quia
841 1247 929 1277 clare
958 1248 1074 1277 dicitur

100 1288 236 1327 [Ezech.
260 1288 313 1325 33,
338 1288 420 1326 ll.]:
444 1288 529 1319 Vivo
558 1299 633 1330 ego,
657 1288 734 1319 nolo
759 1296 897 1320 mortem
920 1296 1074 1328 peccato-

99 1331 162 1368 ris,
193 1331 252 1361 sed
279 1337 313 1361 ut
343 1337 554 1361 convertatur
584 1337 615 1361 et
648 1332 745 1361 vivat.
792 1331 1010 1362 iuramentum
1034 1332 1074 1361 ad

99 1378 270 1413 utrumque
294 1370 470 1409 referatur,
500 1373 541 1403 ad
565 1374 816 1404 conversionem
841 1381 871 1404 et
895 1377 934 1403 ad
960 1383 1074 1403 recon-

99 1413 306 1444 ciliationem.
342 1414 416 1444 Non
436 1415 536 1454 igitur
554 1414 661 1454 placet
683 1414 810 1455 lapsus,
834 1416 939 1446 donec
960 1416 1072 1446 retinet

100 1457 302 1496 propositum
324 1457 492 1495 peccandi.

186 1498 264 1528 Item
288 1498 384 1528 docet
409 1498 528 1528 dictum
540 1498 663 1528 lesaiae
682 1498 740 1529 ult.
766 1498 890 1537 [66,ἱ).]
915 1500 967 1530 Ad
981 1511 1074 1540 quem

100 1540 291 1579 respiciam,
322 1540 385 1570 nisi
413 1541 452 1570 ad
484 1541 657 1572 contritum
692 1541 808 1580 spiritu
831 1547 863 1571 et
886 1548 1076 1572 trementem

99 1591 269 1612 sermones
293 1584 406 1612 meos?
434 1581 475 1612 Et
490 1593 562 1621 cap.
575 1583 627 1612 57.
654 1585 717 1619 [VS.
732 1582 794 1620 15.]
818 1583 979 1613 Habitans
1005 1594 1076 1614 cum

99 1625 241 1656 contrito
266 1630 298 1654 et
320 1623 434 1655 humili
461 1625 595 1663 spiritu,
624 1630 660 1655 ut
683 1624 827 1655 vivificet
849 1626 997 1664 spiritum
1018 1625 1077 1656 hu—

99 1665 220 1698 milium
244 1670 276 1697 et
294 1666 438 1697 vivificet
457 1676 514 1696 cor
538 1667 760 1697 contritorum.
802 1666 830 1697 0
851 1666 978 1698 dulcem
1001 1678 1077 1698 con-

99 1707 296 1740 solationem
315 1714 346 1738 et
368 1709 638 1748 promissionem,
661 1708 859 1749 infigendam
886 1710 1004 1739 intimis
1023 1719 1078 1750 pe·

102 1751 262 1787 ctoribus,
285 1750 345 1780 sed
368 1751 582 1790 pertinentem
605 1751 647 1781 ad
670 1760 740 1787 eos,
764 1752 819 1791 qui
841 1757 1078 1791 expavescunt,

99 1792 163 1823 hoe
187 1798 249 1830 est,
272 1802 340 1822 non
363 1792 500 1822 retinent
520 1793 723 1833 propositum
747 1794 918 1832 peccandi,
942 1794 1001 1824 sed
1013 1803 1078 1824 me-

100 1839 193 1866 tuunt
215 1835 296 1865 iram
315 1834 388 1864 Dei.

186 1875 359 1907 Postremo
383 1875 466 1906 haec
498 1877 562 1906 duo
588 1875 791 1916 impossibile
814 1883 865 1907 est
890 1876 986 1907 simul
1015 1878 1078 1907 exi-

100 1924 200 1955 stere,
223 1916 341 1948 malam
367 1918 613 1955 conscientiam,
638 1918 668 1948 id
693 1924 754 1955 est,
777 1920 982 1959 propositum
1005 1929 1078 1959 pec-

102 1960 213 1997 candi,
236 1966 268 1990 et
292 1959 401 1997 fidem,
425 1970 509 2000 quae
536 1966 586 1990 est
608 1959 727 1990 fiducia
751 1962 994 1991 misericordiae
1016 1961 1078 1991 Dei

101 2008 235 2042 propter
254 2001 422 2033 Christum
444 2003 644 2042 promissae3
680 2003 757 2042 quia
779 2002 907 2033 habens
930 2004 1078 2043 proposi-

101 2049 168 2074 tum
190 2044 349 2083 peccandi
373 2044 549 2074 contemnit
574 2049 629 2074 aut
648 2042 730 2084 sugit
747 2044 872 2081 Deum,
901 2056 968 2075 non
986 2056 1079 2076 acce-

102 2086 147 2116 dit
165 2086 207 2116 ad
233 2085 360 2116 Deum:
399 2085 444 2115 At
474 2085 595 2117 fiducia
617 2086 861 2118 misericordiae
887 2088 1014 2118 accedit
1037 2088 1079 2118 ad

101 2127 220 2164 Deum,
237 2126 393 2167 pontifice
409 2126 552 2158 Christo.
578 2127 798 2168 Experiuntur
816 2130 983 2160 sauciatae
1002 2140 1079 2161 con-

103 2170 277 2206 scientiae,
307 2179 345 2200 se
370 2170 411 2199 ab
440 2170 646 2200 invocatione
673 2170 874 2202 horribiliter
905 2171 1024 2212 depelli
1048 2178 1079 2203 et

102 2212 206 2253 mergi
228 2210 282 2241 vel
304 2212 337 2241 in
358 2216 577 2251 contemptum
595 2210 658 2242 Dei
677 2211 731 2243 vel
755 2214 787 2243 in
807 2214 1078 2254 desperationem.

103 2253 180 2284 ideo
200 2254 304 2294 inquit
322 2252 445 2284 Paulus
465 2253 571 2290 [Rom.
590 2253 641 2290 14,
657 2254 739 2293 23.]:
763 2255 860 2290 Quod
879 2266 945 2286 non
969 2263 1021 2287 est
1040 2268 1079 2287 ex

104 2295 179 2333 fide,
202 2302 375 2335 peccatum
388 2301 450 2333 est,
470 2296 503 2326 id
521 2301 583 2333 est,
603 2306 658 2327 res
670 2297 822 2328 damnata
834 2309 854 2328 a
868 2298 953 2329 Deo.
987 2298 1079 2330 Multi

104 2343 210 2368 autem
238 2344 463 2377 exposuerunt
486 2337 550 2368 hoc
575 2338 696 2369 dictum
720 2339 788 2370 sic:
818 2340 914 2375 Quod
940 2351 1005 2372 non
1030 2348 1078 2371 est

105 2388 145 2409 ex
163 2379 238 2416 fide,
262 2380 382 2416 idest,
408 2380 496 2421 quod
525 2385 574 2410 est
600 2386 716 2411 contra
742 2383 992 2421 conscientiam,
1026 2383 1080 2414 vel

106 2421 193 2461 quod
215 2431 281 2451 non
305 2427 355 2452 est
378 2431 418 2452 ex
441 2421 516 2459 fide,
541 2422 573 2452 id
593 2428 654 2460 est,
679 2423 767 2463 quod
789 2423 824 2454 fit
843 2431 958 2456 contra
972 2425 1078 2467 legem

105 2462 180 2500 Dei,
203 2469 376 2503 peccatum
400 2469 462 2494 est.
503 2463 572 2494 Sed
594 2474 656 2494 nos
681 2465 822 2496 sciamus
845 2472 877 2497 et
898 2467 1024 2509 Legem
1047 2475 1079 2499 et,

105 2503 319 2545 Evangelium
350 2504 592 2546 comprehendi.
639 2505 688 2537 Sit
713 2517 797 2546 opus
822 2516 1079 2541 consentaneum

576 111 599 141 l.
622 109 723 141 LOCI
745 108 1019 141 THEOLOGICI:
1042 108 1084 140 D.
1107 108 1267 140 TERTIA
1283 109 1439 141 EORUM
1457 111 1611 142 AETAS.

2020 112 2081 142 822

1111 201 1176 242 legi
1198 202 1273 238 Dei,
1298 211 1329 233 et
1352 202 1448 233 simul
1470 203 1607 234 accedat
1631 202 1725 240 fides,
1748 201 1781 232 id
1803 207 1865 239 est,
1887 201 2005 232 fiducia
2028 202 2082 231 mi-

1113 244 1313 274 sericordiae
1331 250 1466 284 propter
1479 244 1644 275 Christum
1667 244 1860 284 promissae,
1882 249 1917 274 ut
1936 242 1978 282 11¹⁷,
1987 243 2082 273 Nico-

1112 286 1206 316 demo
1230 296 1296 316 non
1320 292 1369 316 est
1392 285 1511 317 malum
1534 287 1754 326 propositum,
1785 285 1845 315 sed
1872 290 1980 315 tamen
2008 291 2087 316 ante

1113 328 1364 357 conversionem
1387 327 1470 358 fides
1492 330 1596 364 deest,
1619 329 1651 358 id
1674 334 1736 364 est,
1760 326 1879 357 fiducia
1901 327 2083 356 misericor·

1113 370 1184 399 diae
1200 369 1263 399 Dei
1281 375 1416 409 propter
1435 369 1600 400 Christum
1623 370 1816 409 promissae,
1841 378 1905 409 qua
1928 374 2083 398 statueret

1115 421 1175 441 sua
1196 410 1284 441 facta
1306 411 1380 442 Deo
1404 411 1546 451 placere.

1199 453 1248 482 Ex
1272 452 1322 483 his
1346 454 1496 484 omnibus
1520 454 1730 493 perspicuum
1753 459 1818 490 est,
1849 453 2084 483 discernendos

1115 504 1191 525 esse
1220 494 1336 534 lapsus
1367 501 1484 525 contra
1512 496 1743 525 conscientiam
1772 495 1812 525 ab
1841 494 2025 524 infirmitate
2054 500 2084 524 et

1114 537 1212 572 vitiis,
1236 546 1320 576 quae
1344 536 1481 567 haerent
1503 537 1535 567 in
1559 537 1694 574 sanctis,
1718 542 1749 566 et
1771 535 1835 566 hoc
1858 536 2031 566 discrimen
2054 536 2086 565 in

1114 577 1267 608 Ecclesia
1290 579 1422 608 retineri
1446 588 1585 609 necesse
1608 584 1669 608 est.
1706 576 1827 608 Paulus
1851 583 1948 608 vocat
1971 586 2086 616 pecca-

1116 626 1183 650 tum
1206 629 1350 660 regnans
1374 630 1433 651 seu
1457 621 1640 651 dominans.

1202 661 1274 691 Etsi
1296 669 1405 692 autem
1430 672 1494 692 non
1518 662 1610 703 litigo
1635 662 1675 692 de
1694 660 1878 698 vocabulis,
1900 667 2007 691 tamen
2030 659 2087 691 ali-

1117 704 1194 743 quid
1222 703 1304 734 lucis
1336 704 1426 734 addit
1449 703 1580 734 collatio
1605 703 1871 743 appellationum.
1916 701 1975 732 Est
2004 703 2087 732 enim

1116 744 1293 786 singularis
1324 746 1489 786 emphasis
1519 747 1551 776 in
1573 745 1753 781 vocabulo,
1788 745 1964 775 Peccatum
1987 744 2087 773 domi-

1116 797 1212 824 nans,
1235 789 1392 818 atrocitas
1412 795 1442 818 et
1458 786 1607 819 efficacia
1620 788 1746 828 peccati
1761 786 1966 820 describitur,
1990 785 2088 825 quod,

1117 840 1190 859 cum
1214 840 1280 859 non
1304 840 1537 870 repugnamus,
1562 830 1755 865 dominatur,
1777 829 1809 859 id
1833 833 1894 864 est,
1919 828 2022 868 gignit
2044 824 2086 856 es—

1117 870 1224 902 sectus
1248 871 1433 908 horribiles,
1457 871 1599 902 cumulat
1622 871 1751 902 scelera
1774 877 1804 901 et
1824 869 1894 900 aliis
1919 869 1983 900 alia
2001 868 2086 899 addit

1117 924 1155 944 ac
1181 914 1320 944 subinde
1343 915 1484 944 maiores
1508 915 1619 945 ruinas
1639 913 1746 950 trahit,
1773 919 1803 944 et
1830 913 1985 943 maiorem
2009 912 2089 944 iram

1117 966 1158 986 ac
1177 956 1338 986 tristiores
1358 966 1483 995 poenas
1502 962 1655 993 meretur,
1674 962 1705 986 et
1728 956 1760 986 in
1779 961 1946 986 aeternum
1960 957 2090 987 exitium

1119 1007 1194 1028 reos
1218 997 1367 1038 impellit,
1390 1004 1425 1028 ut
1444 997 1540 1035 Saul,
1569 1008 1642 1029 cum
1664 997 1781 1029 fuisset
1805 998 1945 1029 donatus
1968 998 2090 1038 Spiritu

1119 1046 1234 1070 sancto
1255 1046 1286 1070 et
1307 1047 1442 1070 ornatus
1463 1041 1587 1070 eximiis
1607 1040 1781 1071 virtutibus
1795 1046 1826 1071 et
1845 1041 2026 1081 insignibus
2045 1042 2089 1072 vi—

1120 1083 1243 1119 ctoriis,
1263 1092 1329 1112 non
1349 1083 1477 1113 retinuit
1496 1083 1561 1113 hoc
1585 1083 1698 1120 decuS,
1723 1083 1782 1112 sed
1795 1081 2004 1113 aemulationi
2016 1093 2089 1113 suc·

1120 1124 1240 1154 cubuit.
1287 1124 1372 1155 Huic
1395 1124 1525 1155 affectui
1548 1125 1685 1164 primum
1710 1123 1808 1155 facile
1831 1130 1901 1155 erat
1924 1125 2090 1161 resistere,

1119 1166 1203 1195 sicut
1226 1166 1341 1196 Aaron
1367 1167 1526 1206 repressit
1555 1165 1680 1197 similes
1711 1166 1871 1196 flammas.
1916 1165 1983 1196 Sed
2010 1165 2090 1197 Saul

1118 1206 1261 1237 furorem
1285 1206 1352 1244 alit,
1375 1213 1544 1247 peccatum
1569 1209 1665 1249 igitur
1684 1209 1853 1239 dominans
1866 1207 2001 1248 impellit
2019 1218 2091 1239 eum

1118 1250 1267 1289 primum,
1291 1255 1325 1280 ut
1347 1250 1532 1280 interficere
1544 1249 1705 1281 Davidem
1727 1256 1874 1287 conetur,
1897 1248 2005 1280 avellit
2019 1260 2091 1281 eum

1118 1302 1137 1321 a
1160 1291 1232 1321 Deo
1267 1297 1297 1321 et
1329 1293 1452 1322 excitat
1485 1291 1680 1332 multiplices
1709 1290 1855 1322 furores:
1891 1291 1967 1322 Ruit
1990 1292 2090 1322 iratus

1119 1332 1199 1363 Saul
1226 1340 1255 1363 et
1280 1334 1472 1364 sacerdotes
1498 1335 1666 1372 interficit,
1696 1341 1794 1374 auget
1812 1334 1911 1374 igitur
1929 1334 2010 1364 iram
2029 1334 2091 1364 Dei

1118 1382 1289 1415 peccatum
1320 1377 1490 1406 dominans
1514 1383 1546 1407 et
1568 1375 1634 1407 late
1658 1378 1821 1407 saeviens.
1867 1375 1976 1410 Quare
1999 1375 2090 1406 Deus

1120 1423 1149 1447 et
1168 1418 1276 1457 ipsum
1296 1424 1327 1448 et
1347 1420 1524 1449 exercitum
1544 1419 1612 1449 eius
1633 1424 1664 1449 et
1683 1418 1784 1449 filium
1800 1417 1970 1454 Ionathan,
1988 1418 2092 1448 virum

1121 1466 1279 1496 sanctum,
1300 1461 1408 1490 obiicit
1431 1460 1582 1491 hostibus
1606 1460 1829 1491 trucidandos.
1874 1460 1966 1490 Haec
1985 1460 2092 1490 omnia

1121 1500 1346 1541 complectitur
1357 1503 1542 1533 tristissima
1554 1501 1729 1543 appellatio
1739 1502 1872 1533 Peccati
1885 1501 2090 1532 dominantis.

1206 1543 1354 1583 Apparet
1373 1551 1481 1575 autem
1494 1544 1631 1576 Paulum
1646 1545 1828 1585 sumpsisse
1850 1543 1936 1574 hanc
1956 1542 2092 1574 formam

1120 1584 1274 1625 loquendi
1299 1596 1338 1617 ex
1362 1586 1445 1618 Gen.
1471 1597 1543 1627 cap.
1567 1587 1595 1617 4.
1623 1590 1684 1624 [vs.
1699 1587 1741 1624 7.]
1765 1585 1820 1616 ubi
1841 1586 1952 1616 brevis
1977 1585 2091 1615 concio

1119 1629 1293 1665 recitatur,
1334 1639 1419 1668 quae
1452 1636 1561 1660 tamen
1595 1639 1754 1660 summam
1789 1628 1958 1659 doctrinae
1994 1626 2092 1671 Legis

1122 1668 1360 1709 complectitur.
1405 1669 1548 1701 Primum
1571 1671 1611 1701 de
1634 1671 1753 1702 iudicio
1776 1670 1839 1701 Dei
1862 1669 2090 1703 concionatur:

1121 1711 1156 1742 Si
1179 1712 1286 1742 bonus
1311 1710 1432 1750 fuem's,
1466 1714 1531 1743 eris
1555 1719 1730 1753 acceptus3
1764 1713 1824 1744 Sin
1845 1720 1953 1744 autem
1975 1712 2092 1750 malus,

1121 1760 1292 1792 peccatum
1321 1761 1411 1784 tuum
1435 1756 1584 1792 cubabit,
1621 1757 1727 1786 donec
1756 1754 1935 1786 reveletur:
1970 1755 2037 1786 Sub
2061 1762 2092 1785 te

1121 1796 1163 1825 sit
1185 1797 1348 1835 appetitus
1372 1804 1459 1833 tuus,
1485 1804 1515 1827 et
1538 1803 1573 1827 tu
1597 1798 1771 1828 domineris
1795 1798 1835 1828 ei.

1207 1838 1259 1868 De
1282 1837 1392 1869 multis
1416 1840 1543 1880 magnis
1567 1841 1666 1870 rebus
1690 1840 1722 1869 hi
1733 1840 1830 1880 pauci
1842 1839 1998 1870 versiculi
2017 1850 2092 1870 con·

1122 1881 1302 1910 cionantur.
1358 1880 1501 1911 Primum
1531 1883 1666 1919 docent,
1700 1882 1743 1912 ita
1776 1880 1907 1922 placere
1940 1888 2093 1912 externos

1123 1920 1241 1958 cultus,
1265 1923 1293 1951 si
1318 1934 1377 1953 cor
1399 1923 1440 1953 sit
1463 1924 1594 1954 iustum.
1631 1923 1759 1954 Deinde
1782 1925 1994 1963 peccantibus
2017 1933 2093 1963 poe-

1121 1974 1183 1994 nas
1205 1965 1360 1997 minatur.
1389 1971 1420 1996 et
1443 1972 1553 1996 monet
1576 1966 1616 1997 de
1639 1976 1745 2003 mora,
1768 1976 1809 1996 ne
1831 1966 1992 1996 securitas
2017 1975 2092 1996 con-

1122 2005 1283 2036 firmetur.
1320 2008 1394 2047 quia
1428 2017 1555 2048 poenae
1589 2008 1790 2038 differuntur.
1849 2008 1897 2038 Ac
1930 2007 2092 2049 significat

1122 2046 1264 2078 futurum
1288 2049 1439 2080 iudicium
1463 2056 1538 2090 post
1560 2049 1647 2080 hanc
1669 2051 1786 2087 vitam,
1809 2056 1841 2080 et
1863 2050 1944 2080 mira
1968 2056 2018 2080 est
2041 2050 2093 2080 de-

1122 2090 1267 2129 scriptio.
1297 2090 1411 2122 Totius
1429 2092 1539 2122 mundi
1558 2091 1695 2133 profana
1719 2092 1879 2122 securitas
1901 2102 1967 2123 uno
1990 2093 2093 2123 verbo

1122 2131 1309 2172 significata
1328 2139 1393 2163 est:
1418 2132 1593 2165 Peccatum
1618 2135 1750 2165 cubabit
1772 2143 1831 2164 seu
1854 2135 2012 2174 quiescet,
2035 2135 2093 2164 sed

1123 2175 1228 2205 donec
1258 2173 1431 2205 reveletur.
1478 2176 1653 2207 Peccatum
1677 2176 1774 2207 Iudae
1802 2177 1960 2213 cubabat,
1990 2177 2093 2207 donec

1123 2217 1284 2247 sentiebat
1322 2227 1472 2257 poenam.
1529 2218 1656 2249 Deinde
1689 2218 1836 2259 sequitur
1868 2224 2092 2259 praeceptum:

1124 2259 1195 2289 Sint
1225 2260 1285 2289 sub
1314 2265 1347 2290 te
1370 2260 1586 2300 appetitiones
1615 2270 1753 2300 pravae,
1787 2266 1818 2290 et
1846 2266 1880 2291 tu
1908 2260 2092 2291 domineris.

1123 2301 1184 2331 Hic
1207 2300 1388 2342 significat,
1415 2312 1550 2333 manere
1579 2303 1612 2333 in
1635 2302 1818 2333 hominibus
1840 2303 1978 2332 vitiosas
1998 2312 2093 2343 appe-

1124 2344 1268 2380 titiones,
1291 2344 1350 2373 sed
1374 2346 1622 2386 repugnandum
1646 2354 1737 2382 esse,
1762 2350 1792 2374 et
1812 2343 1886 2375 Deo
1908 2344 1994 2374 han(-
2018 2346 2093 2374 obe-

1124 2386 1277 2416 dientiam
1299 2384 1444 2426 placere,
1468 2397 1541 2417 cum
1564 2388 1594 2417 in
1619 2387 1784 2427 agnitione
1807 2387 1908 2426 ipsius
1933 2396 2091 2426 repugna-

1124 2437 1195 2457 mus
1218 2429 1386 2467 peccatis3
1421 2428 1567 2460 Econtra
1595 2429 1691 2460 abiiei
1713 2439 1733 2459 a
1755 2427 1829 2459 Deo
1853 2426 1946 2465 illos,
1975 2429 2028 2468 qui
2052 2428 2093 2456 si-

1123 2476 1202 2500 nunt
1225 2470 1382 2500 dominari
1404 2477 1586 2511 peccatum.

1211 2511 1302 2543 luxta
1313 2511 1399 2542 hanc
1413 2514 1603 2544 concionem
1617 2521 1646 2545 et
1661 2511 1783 2544 Paulus
1795 2512 1889 2543 Rom.
1903 2511 1932 2542 6.
1951 2514 2013 2548 [vs.
2033 2511 2091 2547 [4.]

1846 2570 1890 2594 .·.2·
