2358 2933
240 121 301 152 211

310 382 334 398 10

310 589 334 606 15

270 966 324 990 122.
347 966 368 989 b.

302 1514 328 1531 10

305 1733 330 1751 1⁵

297 1943 326 1960 20

267 2035 308 2063 64,
325 2041 346 2058 a,

265 2160 318 2190 123,
331 2166 352 2184 a.

295 2529 320 2547 Ui

864 115 974 146 PHIL.
993 114 1094 146 MEL.
1119 112 1307 145 SCRIPTA
1321 113 1600 147 DOGMA'HCA.

438 210 511 240 Duo
532 217 606 240 sunt
625 216 731 240 autem
754 208 849 248 signa
871 217 891 237 a
911 206 1042 237 Christo
1056 207 1087 236 in
1099 205 1207 236 Evan-

392 251 478 293 gelio
509 253 667 282 instituta.
702 250 900 289 Baptismus,
937 255 969 279 et
1002 248 1207 288 participatio

392 304 525 324 mensae
548 293 677 323 domini.
709 292 778 321 Nos
797 292 882 322 enim
901 292 997 332 signa
1019 300 1206 320 sacramen-

392 335 467 366 talia
499 345 535 365 ea
560 345 639 364 esse
663 334 862 370 iudicamus,
892 342 977 373 quae
1004 332 1130 373 gratiae
1153 332 1205 362 dei

393 379 494 418 signa
522 377 674 406 divinitus
698 376 817 406 tradita
840 381 926 405 sunt.
971 374 1054 405 Nam
1078 374 1207 405 divinae

390 417 568 449 voluntatis
592 419 722 459 signum
751 427 830 457 erga
854 427 933 454 nos,
956 427 1018 447 nec
1036 417 1207 447 instituere

390 461 539 491 homines
560 470 748 498 possumus,
767 469 829 490 nec
848 460 890 489 ad
912 457 1116 490 voluntatem
1127 459 1206 489 divi-

389 512 464 532 nam
483 502 747 541 significandam,
771 512 810 532 ea
829 503 925 543 signa
947 500 1093 538 referre,
1121 510 1207 541 quae

390 543 455 574 alio
475 545 638 583 scriptura
662 543 781 574 retulit.
828 543 900 578 Quo
919 544 1024 583 magis
1046 542 1205 574 miramur*

394 587 470 626 quid
495 587 616 616 venerit
638 587 669 616 in
687 592 826 616 mentem
847 585 1031 625 Sophistis,
1053 595 1206 625 praeser—

391 629 446 658 tim
477 638 551 658 rum
583 629 688 669 signis
719 628 984 659 iustiiicationem
1017 629 1207 665 tribuerent,

388 671 474 700 inter
486 676 690 701 sacramenta
704 669 839 708 referre,
853 681 891 701 ea
904 680 1043 711 quoruln
1054 680 1095 700 ne
1103 671 1205 700 verbo

390 713 519 761 quidem
538 714 700 753 scriptura
712 713 922 743 meminisset.
942 712 1026 742 Nam
1038 712 1208 742 undecun-

389 756 485 784 nctus
510 755 592 785 ordo
616 756 687 785 est?
715 754 756 784 Et
779 756 909 794 nuptias
934 764 1001 784 non
1024 754 1056 784 in
1073 753 1208 784 11001111-

389 797 491 826 stituit
515 797 609 828 deus.
628 804 660 827 ut
681 803 794 827 essent
817 797 984 837 proprium
1014 797 1142 837 gratiae
1166 796 1208 826 si-

390 848 499 879 gnum.
545 839 663 869 Unctio
684 840 764 869 ritus
784 840 890 879 magis
911 845 1006 870 vetus
1026 844 1092 875 est,
1111 848 1209 878 quam

389 881 514 921 gratiae
537 881 676 921 signum.
719 880 864 919 Copiose
882 881 1059 920 disputavit
1081 879 1144 911 hac
1168 880 1209 910 de

389 932 425 952 rc
448 922 611 953 Lutherus
635 924 666 953 in
680 921 886 964 Babylonica
902 923 1100 962 captivitate.
1124 922 1210 953 unde

391 965 539 1005 requires
570 966 769 996 exactiorem
810 964 1208 1005 disputationem-'Porro

391 1005 473 1037 haec
492 1016 617 1038 summa
640 1008 687 1038 rei
707 1014 768 1044 est,
793 1009 932 1049 gratiam
950 1017 1017 1037 non
1030 1006 1209 1047 significari

390 1055 481 1079 certo
500 1059 540 1079 ac
563 1051 706 1089 proprie,
724 1050 788 1081 nisi
807 1051 846 1080 iis
865 1050 989 1091 signiS,
1020 1059 1104 1089 quae
1128 1049 1208 1079 dwi-

389 1092 476 1121 nitus
488 1092 615 1131 prodita
628 1098 713 1123 sunt.
727 1092 836 1133 Atque
847 1093 891 1123 ita
902 1093 1016 1123 vocari
1027 1101 1093 1121 non
1105 1101 1208 1132 posse

389 1133 641 1164 sacramentalia
654 1135 751 1175 signa
762 1135 824 1165 nisi
836 1144 876 1165 ea
895 1144 978 1175 quae
991 1135 1116 1164 divi'nis
1132 1143 1207 1173 pro-

389 1176 600 1207 missionibus
630 1177 741 1208 addita
770 1182 856 1208 sunt.
902 1177 986 1207 Hinc
1011 1177 1134 1206 dictum
1158 1181 1208 1206 est

388 1227 407 1247 a
431 1219 596 1249 veteribus
620 1220 718 1250 rebus
743 1225 774 1250 et
792 1219 904 1250 verbis
923 1225 1073 1250 constare
1095 1228 1206 1249 sacra-

388 1267 507 1291 menta.
553 1261 637 1299 Res,
660 1263 788 1303 sigmuu
817 1266 878 1299 est,
903 1262 1006 1292 verba
1029 1261 1206 1301 promissio

390 1303 525 1342 gratiae.

644 1395 704 1426 DE
723 1395 957 1427 BAPTISMO.

429 1470 606 1512 Sophistae
628 1473 798 1503 materiam
817 1478 849 1503 et
871 1471 1025 1510 formam,
1048 1472 1099 1502 sic
1121 1471 1206 1502 enim

388 1510 582 1554 lo'quuntur,
606 1520 886 1545 sacramentorum
909 1513 1036 1555 prolixe
1048 1520 1080 1545 et
1093 1523 1205 1553 super-

384 1556 512 1587 stitiose
529 1562 721 1594 tractarunt,
744 1566 839 1587 usum
857 1557 904 1587 rei
918 1556 1043 1588 nullum
1060 1557 1205 1587 indican-

386 1602 447 1628 tes.
488 1598 626 1640 Signum
645 1606 695 1629 est
714 1600 863 1640 immergi
893 1600 925 1629 in
948 1609 1076 1639 aquam.
1110 1598 1204 1629 Mini-

385 1647 455 1671 ster
467 1642 494 1671 is
504 1642 558 1681 qui
572 1642 740 1681 demergit,
753 1641 917 1681 significat
930 1642 979 1672 dei
992 1651 1087 1681 opus,
1105 1641 1204 1671 adeo-

387 1693 451 1724 que
475 1690 505 1713 et
534 1684 663 1724 signum
688 1684 816 1714 divinae
843 1682 1022 1714 voluntatis
1051 1693 1126 1713 esse
1149 1683 1204 1713 de-

386 1727 590 1756 mersionem
609 1724 707 1762 illam,
731 1736 805 1756 cum
826 1727 947 1766 inquit,
972 1725 1148 1764 Baptizare
1167 1734 1204 1755 se

385 1768 517 1798 nomine
534 1769 649 1808 patris,
668 1767 725 1797 filii
744 1774 775 1798 et
794 1769 929 1807 spiritus
948 1768 1066 1798 sancti.
1085 1773 1151 1804 aut,
1170 1772 1204 1798 ut

383 1809 537 1849 Apostoli
563 1811 771 1851 baptizabant
789 1811 822 1840 in
844 1810 952 1847 Actis,
968 1811 1099 1840 nomine
1110 1809 1204 1840 Chri-

386 1854 437 1882 sti.
475 1853 601 1887 Quibus
636 1853 746 1882 verbis
781 1851 879 1892 plane
904 1851 970 1882 hoc
988 1852 1202 1892 significatur.

384 1894 484 1926 Ecce.
507 1894 594 1935 quod
613 1895 830 1936 demergeris,
859 1895 892 1925 id
910 1895 956 1925 ita
978 1895 1123 1934 accipias
1141 1904 1202 1934 pro

384 1935 620 1967 certo·favoris
639 1947 719 1977 erga
736 1943 767 1967 te
782 1938 882 1967 divini
894 1938 1093 1974 testimonio,
1105 1942 1204 1977 atque

383 1981 410 2009 si
431 1978 485 2009 ille
507 1980 580 2019 ipsc
599 1980 750 2019 baptizet.
787 1979 852 2009 Pro
884 1980 983 2010 divini
1007 1978 1132 2010 favoris
1157 1984 1202 2009 te-

383 2022 535 2052 stimonio
556 2021 697 2052 habebat
722 2021 909 2060 Ezechias,
936 2023 1023 2062 quod
1054 2022 1203 2052 mirando

383 2070 502 2095 eventu
530 2070 705 2095 revocaret
734 2065 881 2095 umbram
910 2065 1003 2095 deus.
1057 2063 1203 2104 Populus

383 2106 508 2137 Israhel
528 2117 588 2147 pro
613 2107 709 2137 divini
735 2105 859 2137 favoris
888 2107 1075 2138 testimonio
1103 2106 1202 2137 habe-

383 2150 449 2185 bat,
474 2150 561 2190 quod
581 2150 689 2180 undae
707 2149 739 2179 in
759 2150 831 2179 sinu
855 2149 1001 2180 Arabico
1030 2150 1117 2180 viam
1140 2150 1203 2180 sibi

386 2193 602 2231 aperuissent.
643 2192 699 2222 Sic
719 2198 753 2222 tu
772 2201 832 2232 pro
857 2198 946 2222 certo
971 2193 1099 2233 gratiae
1124 2192 1204 2223 divi-

382 2243 445 2264 nae
464 2235 600 2273 pignore
617 2234 737 2264 habeto
752 2234 838 2264 hanc
851 2235 1100 2265 demersionem.
1120 2235 1204 2265 Nam

384 2276 472 2316 quod
493 2278 608 2307 dicitur
627 2277 662 2306 ln
680 2278 813 2307 nomine
835 2278 937 2317 patris
962 2283 993 2307 et
1024 2277 1081 2308 filii
1093 2283 1124 2308 et
1140 2278 1204 2317 spi-

385 2319 465 2348 ritus
485 2320 710 2354 sancti.‘notat
730 2320 847 2357 vicem,
869 2320 955 2361 quod
979 2327 1088 2360 pater,
1107 2319 1204 2357 filius,

383 2361 517 2399 spiritus
548 2367 682 2392 sanctus
707 2363 888 2402 baptizent.
920 2368 951 2392 ct
973 2364 1205 2403 interpretetur

382 2403 409 2432 is
431 2404 482 2442 qui
505 2404 693 2442 baptizatur.
719 2405 834 2435 remitti
854 2406 915 2435 sibi
929 2407 1118 2444 peccataab
1131 2407 1204 2445 ipso

383 2451 485 2483 patre.
511 2444 575 2474 tilio
600 2453 629 2475 et
650 2447 763 2485 spiritu
782 2454 908 2477 sancto.
934 2448 1121 2488 Significari
1149 2449 1203 2478 ba-

383 2488 511 2525 ptismo.
530 2498 602 2517 nain
617 2487 690 2518 hinc
705 2499 780 2519 usus
795 2490 863 2520 eius
878 2496 1111 2530 cognoscetur,
1126 2501 1203 2520 con-

382 2531 638 2561 stat‘transitum
657 2541 716 2570 per
734 2538 871 2563 mortem
895 2534 937 2563 ad
949 2534 1058 2564 vitam.
1077 2533 1203 2574 Estque

1252 206 1413 237 demersio
1436 208 1558 238 veteris
1581 207 1677 238 Adae
1700 209 1732 238 in
1750 215 1899 246 mortem,
1922 216 1954 240 et
1977 219 2073 242 exus-

1253 249 1362 279 citatio
1381 249 1469 279 novi.
1511 250 1545 280 ld
1571 254 1622 279 est
1652 259 1711 280 cur
1735 249 1858 281 Paulus
1884 251 1958 288 [Tit.
1978 251 2009 289 3,
2031 253 2075 291 5.]

1251 296 1350 321 vocet
1368 289 1559 322 lavachrum
1578 293 1848 331 regenerationis.
1872 293 2075 334 Intelligetur

1252 332 1336 363 haec
1353 333 1551 374 significatio
1564 344 1605 363 ex
1617 338 1695 374 typo
1707 332 1870 365 facillime.
1890 335 2074 367 Adumbra-

1252 382 1304 405 tus
1328 380 1378 406 est
1403 376 1591 415 baptis'mus
1616 376 1755 406 transitu
1769 375 1990 409 Israelitarum
2012 388 2072 418 per

1252 417 1359 448 sinum
1376 417 1565 448 Arabicum.
1590 418 1676 452 Quid
1694 416 1782 449 aliud
1801 417 1848 449 illi
1872 429 1969 459 quam
1985 430 2072 451 mor—

1252 465 1316 490 tem
1336 460 1603 490 inwrediebantur
1627 470 1699 491 cum
1717 461 1812 501 aquis
1836 470 1873 491 se
1896 462 2073 492 committe-

1252 503 1344 532 rent?
1366 483 1561 533 'Tu-ansibam
1576 502 1640 533 fide
1652 512 1711 542 per
1722 512 1836 543 aquas,
1855 512 1915 542 per
1926 509 2075 541 mortem,

1251 544 1327 574 dum
1346 544 1534 575 evaderent.
1558 545 1593 575 ln
1613 555 1651 575 ea
1668 544 1806 575 historia
1830 550 1925 586 gesta
1942 556 1997 576 res
2014 551 2076 583 est,

1251 596 1348 627 quam
1367 586 1554 626 Baptismus
1573 587 1755 628 sig'nificat.
1778 597 1895 627 nempe
1913 598 1972 628 per
1986 598 2071 619 mor-

1252 635 1315 659 tem
1338 629 1380 659 ad
1398 630 1497 660 vitam
1516 631 1714 660 transierunt
1731 628 1909 660 israelitae.
1934 630 1991 660 Sic
2004 635 2074 660 tota

1251 672 1319 702 vita
1347 670 1534 701 Christiana
1567 677 1618 702 est
1646 672 1854 703 mortificatio
1880 674 2005 709 carnis,
2038 677 2074 707 ,et

1252 715 1425 744 renovatio
1439 714 1584 753 spiritus.
1598 719 1630 744 et
1641 724 1707 751 res,
1726 724 1822 754 quam
1835 714 2002 755 significat
2016 715 2073 744 ba-

1252 756 1390 796 ptismus
1397 756 1521 797 geritur
1533 757 1692 795 tantisper
1705 756 1780 787 dum
1793 766 1931 796 prorsus
1950 766 1971 787 a
1987 765 2074 787 mor-

1254 799 1318 828 tuis
1340 806 1562 838 resurgamuS.
1602 797 1909 837 Vera'poenitentia
1927 804 1978 829 est
1996 807 2071 838 pro-

1253 840 1324 879 prie
1351 850 1447 880 quam
1476 838 1642 880 significat
1669 840 1860 880 baptismus.
1912 840 2074 881 Adeoque

1254 887 1493 912 sacramentum
1515 882 1734 920 poenitentiae
1753 883 1934 922 baptismus
1954 888 2020 920 est,
2039 887 2073 913 ut

1253 929 1371 964 postea
1389 924 1546 955 dicemus.

1297 965 1387 997 Usus
1409 976 1490 996 vero
1509 966 1596 1006 signi
1614 964 1667 996 hic
1686 971 1737 996 est
1759 967 1889 1004 testari,
1908 966 1997 1006 quod
2014 975 2074 1006 per

1254 1009 1399 1039 mor'tem
1421 1014 1572 1038 transeas
1596 1008 1638 1038 ad
1663 1009 1772 1039 vitam.
1812 1008 1958 1045 Testari,
1987 1008 2075 1049 quod

1254 1050 1462 1081 mortificatio
1486 1050 1596 1081 carnis
1608 1055 1683 1081 tuae
1695 1049 1850 1082 salutaris
1864 1052 1915 1081 sit.
1935 1050 2073 1082 Terrent

1252 1097 1507 1132 peccata,te1·ret
1519 1102 1621 1130 mom,
1641 1098 1765 1123 terrent
1776 1092 1841 1124 alia
1852 1093 1962 1123 mundi
1974 1091 2070 1123 mala.

1253 1134 1394 1171 confide,
1406 1135 1483 1174 quia
1494 1134 1645 1175 σφραγίδα
1657 1136 1814 1174 accepisti
1826 1135 2074 1166 misericordiae

1252 1187 1333 1217 erga
1350 1182 1392 1207 te.
1416 1175 1560 1207 futurum
1582 1182 1617 1208 ut
1635 1176 1788 1215 salveris,
1817 1177 2071 1218 quomodo'cun-

1252 1230 1315 1260 que
1334 1220 1534 1260 oppugneris
1547 1230 1566 1249 a
1578 1220 1682 1259 portis
1694 1218 1883 1251 inserormn.
1903 1219 1961 1250 Sic
1978 1219 2072 1250 vides

1252 1267 1284 1292 et
1306 1261 1526 1302 significatum
1546 1262 1712 1301 baptismi,
1737 1267 1770 1292 et
1787 1263 1873 1303 signi
1891 1272 1986 1293 usum
2015 1262 2072 1293 du-

1251 1313 1327 1334 rare
1344 1305 1378 1334 in
1397 1304 1522 1334 sanctis
1540 1314 1600 1343 per
1618 1314 1747 1335 omnem
1765 1304 1874 1334 vitam.
1911 1304 1979 1335 lmo
2007 1303 2073 1334 hoc

1251 1346 1357 1377 ausim
1379 1346 1500 1383 dicere,
1519 1356 1587 1376 non
1604 1345 1702 1377 aliam
1715 1345 1939 1377 efficaciorem
1953 1355 2071 1377 conso-

1250 1387 1407 1419 lationem
1440 1387 1585 1419 exhiberi
1613 1398 1714 1428 posse
1744 1389 1928 1426 morituris,
1961 1390 2070 1430 quam'

1251 1431 1339 1471 signi
1356 1430 1453 1462 huius
1470 1431 1686 1467 mentionem,
1711 1431 1739 1461 si
1757 1431 1994 1463 admoneantur
2012 1431 2070 1461 ba-

1249 1473 1369 1512 ptismi,
1388 1482 1425 1503 se
1449 1472 1600 1512 σφραγίδα
1627 1473 1856 1512 promissionis
1886 1474 2016 1505 divinae
2037 1473 2071 1503 in

1250 1514 1314 1545 hoc
1332 1515 1520 1554 accepisse,
1544 1520 1578 1546 ut
1598 1520 1688 1545 certo
1707 1515 1831 1546 scirent
1853 1514 2011 1554 futumm,
2035 1520 2071 1546 ut

1249 1558 1330 1588 deus
1350 1567 1386 1587 se
1404 1567 1464 1597 per
1481 1562 1619 1588 mortem
1636 1558 1669 1588 in
1687 1558 1788 1588 vitam
1806 1557 1988 1588 reduceret.
2019 1557 2069 1589 Eo

1248 1600 1345 1640 signo
1357 1599 1404 1630 nil
1416 1609 1499 1639 opus
1510 1598 1626 1636 fuisse,
1639 1600 1667 1629 si
1679 1599 1751 1629 sine
1763 1599 1872 1630 divina
1885 1609 1947 1639 ope
1954 1596 2069 1631 trans*-

1248 1643 1287 1671 iri
1314 1643 1487 1681 potuisset.
1529 1641 1625 1671 Nunc
1656 1641 1729 1671 ideo
1761 1642 1893 1682 signum
1924 1640 2069 1673 oblatum

1248 1693 1335 1720 esse,
1354 1689 1389 1714 ut
1412 1694 1454 1714 ne
1473 1681 1672 1719 diffiderent,
1701 1684 1779 1724 quin
1797 1684 1978 1714 deducente
2003 1685 2066 1715 deo

1248 1726 1379 1756 evasuri
1397 1730 1519 1756 essent.
1539 1725 1657 1755 Nonne
1679 1726 1708 1756 si
1730 1725 1844 1756 Moses
1867 1726 2069 1765 baptizasset

1247 1767 1414 1799 Israelitas
1437 1768 1626 1808 priusquam
1645 1768 1731 1798 viam
1750 1768 1783 1797 in
1801 1768 1895 1807 aquis
1914 1769 2065 1809 ingrede-

1247 1815 1371 1847 rentur,
1391 1810 1559 1841 debuisset
1571 1810 1710 1847 interim,
1730 1810 1805 1840 dum
1817 1810 1957 1840 medium
1971 1820 2069 1845 mare!

2168 122 2235 155 212

2146 390 2174 408 15

2140 597 2170 616 20

2103 799 2161 830 123,
2179 799 2203 825 b.

2143 1009 2164 1033 ..⁵

2144 1178 2170 1197 10

2137 1438 2164 1458 15

2131 1648 2162 1667 20

1247 1857 1436 1892 penetrant,
1464 1852 1645 1882 admonere
1676 1852 1804 1891 accepti
1832 1852 1918 1893 signi
1952 1852 1993 1882 de
2020 1853 2067 1883 rei
2094 1858 2157 1893 ¹124,
2176 1864 2198 1884 a.

1247 1900 1375 1932 eventu,
1388 1894 1644 1934 praecipereque
1662 1899 1697 1925 ut
1708 1894 1933 1924 meminissent
1952 1894 1984 1924 in
2000 1893 2067 1925 hoc
2087 1893 2142 1923 (⁶41
2161 1892 2198 1923 ἴι)

1246 1938 1409 1978 proditum
1429 1935 1531 1968 fuisse
1550 1937 1697 1977 signum,
1720 1946 1762 1966 ne
1787 1936 1864 1976 quid
1883 1936 2068 1968 dubitarent

1246 1990 1284 2010 se
1302 1985 1469 2011 servatum
1487 1979 1542 2009 iri.
1568 1979 1657 2009 Idem
1686 1979 1837 2018 baptismi
1861 1988 1941 2009 usus
1961 1984 2012 2009 est
2033 1981 2067 2010 in

1245 2021 1514 2053 m01·tifi¹catione.
1538 2021 1651 2052 Monet
1663 2021 1897 2051 conscientiam
1911 2022 2054 2052 conterri

1247 2071 1312 2096 tam
1330 2064 1534 2095 remissionis
1552 2068 1762 2103 peccatorum
1792 2068 1823 2093 et
1847 2069 1969 2094 certam
1992 2064 2065 2095 red—

1248 2108 1292 2138 dit
1305 2107 1345 2137 de
1357 2107 1464 2147 gratia
1476 2106 1538 2136 dei.
1551 2106 1700 2146 adeoque
1712 2104 1854 2136 efficitut
1865 2107 2066 2146 nedespere-

1247 2160 1318 2180 mus
1348 2150 1380 2179 in
1409 2147 1669 2179 mortificatione.
1706 2147 1850 2178 Proinde
1875 2150 2067 2189 quantisper

1248 2192 1456 2223 mortificatio
1483 2191 1595 2228 durat,
1620 2191 1780 2230 tantisper
1799 2191 1886 2232 signi
1909 2201 1989 2222 usus
2006 2198 2066 2223 est.

1248 2235 1324 2265 Non
1343 2232 1532 2265 ab'solvitur
1550 2239 1659 2264 autem
1677 2232 1900 2271 mortificatio,
1920 2234 1995 2264 dum
2013 2245 2068 2266 ve-

1249 2283 1301 2308 tus
1320 2276 1428 2307 Adam
1445 2286 1583 2315 prorsus
1607 2277 1768 2307 extinctus
1780 2274 1886 2306 fuerit.
1906 2285 2008 2316 quare
2020 2276 2066 2315 fit,

1248 2325 1284 2351 ut
1306 2320 1449 2356 interim,
1478 2329 1517 2350 ac
1543 2324 1699 2359 perpetuo
1727 2329 1787 2359 per
1814 2328 1943 2349 omnem
1966 2319 2065 2350 vitam

1249 2363 1334 2403 signi
1352 2372 1432 2393 usus
1456 2362 1513 2398 sit,
1538 2362 1626 2402 quod
1644 2363 1675 2392 in
1695 2362 1829 2392 assidua
1857 2360 1914 2392 illa
1932 2362 2064 2392 mortifi-

1249 2406 1378 2435 catione
1392 2405 1625 2435 conscientiam
1640 2403 1837 2434 consoletur.
1857 2403 1967 2443 Atque
1988 2403 2065 2434 hinc

1247 2448 1384 2487 adparet
1403 2458 1498 2487 quam
1517 2446 1597 2477 nihil
1622 2447 1717 2487 signa
1745 2446 1889 2476 sint‘nisi
1915 2445 1989 2476 fidei
2009 2456 2063 2477 ex-

1248 2491 1409 2520 ercendae
1426 2490 1605 2527 μνημόσυνα.
1652 2489 1708 2519 Sic
1726 2488 1921 2527 baptismum
1946 2494 2066 2518 tractat

1248 2532 1371 2563 Paulus
1389 2533 1430 2563 ad
1450 2531 1511 2562 Ro.
1531 2531 1587 2562 VI.
1607 2533 1670 2569 [vs.
1681 2530 1738 2568 3.:]
1760 2531 1822 2565 Qui
1840 2531 1874 2560 in
1897 2530 2064 2561 Christum

2143 2028 2157 2047 5

2141 2242 2167 2260 10

2134 2454 2159 2473 15
