2358 2933
259 122 322 154 223

277 392 335 420 (70.
355 392 391 418 a.)

328 560 353 577 10

321 807 346 825 13

317 1067 347 1086 20

277 1275 331 1305 135,
365 1274 389 1298 b.

322 1705 348 1723 10

329 1906 355 1925 1⁵

327 2119 357 2137 20

287 2338 342 2367 136,
361 2343 382 2361 a

882 125 991 157 PHIL.
1014 125 1115 157 MEL.
1139 125 1322 158 SCRIPTA
1343 124 1618 158 DOGMATICA.

416 225 486 245 sum
516 216 655 246 tradere.
679 226 774 256 quani
798 216 879 248 haec
903 225 962 248 est.

1014 217 1125 260 Dilige
1155 229 1229 259 pro-

414 258 530 287 ximum
556 259 636 287 sicin
662 259 809 297 teipsum.

855 259 1060 300 Augustinus
1084 261 1230 291 ordinem

415 298 649 339 diligendorum
681 302 848 341 cont-epit,
875 308 908 332 ut
933 303 1069 341 primuni
1094 304 1230 340 animaS,

413 348 527 381 postea
563 344 719 379 corpora.
756 344 894 381 primum
929 351 1080 382 nostros,
1114 351 1229 385 postea

411 382 538 413 alienos
583 382 765 423 diligamus.
837 385 934 415 Nos*
962 385 1057 417 fidem
1103 388 1229 418 caritati

412 434 542 463 semper
565 424 791 464 praeferimus.
815 426 905 468 Ergo
929 434 959 458 et
983 438 1021 459 ea
1045 439 1130 477 quae
1152 435 1227 460 sunt

410 467 551 504 animae,
582 468 731 507 corporis
760 470 1012 501 necessitatibus
1043 471 1112 502 iere
1135 481 1228 511 prae—

410 507 554 538 ferimus.
602 508 776 540 Caeterum
800 510 944 550 alienos,
967 513 1116 544 inimicos
1139 515 1227 544 iuxta

409 557 507 590 atque
530 553 654 581 amicos
678 551 767 594 diligi
792 552 945 585 Christus
970 559 973 569 ¹
997 556 1085 586 iubet
1111 555 1226 586 Manli.

409 592 449 621 V.
487 596 549 630 [vs.
589 594 656 631 444
695 601 725 625 et
751 594 871 627 Paulus
907 596 999 627 Rom.
1037 597 1106 627 xn.
1143 601 1226 636 [vss.

411 635 459 664 14.
506 635 542 664 17
580 639 668 677 sqq]
737 638 863 672 Quibus
905 638 1101 670 benefacere
1131 640 1226 670 debe—

409 687 462 707 as.
499 687 570 708 cum
600 679 739 717 anneis,
775 687 840 711 tum
878 682 1015 711 inimicis
1051 680 1147 712 facile
1181 683 1227 712 iu-

409 720 529 749 dicabit
554 721 697 760 spiritus.
743 721 841 753 Certe
864 722 987 754 Paulus
1010 724 1148 754 maxime
1171 724 1227 753 do·

408 762 618 793 niesticorum
648 764 807 794 rationem
835 763 948 795 haberi
971 764 1074 796 voluit
1097 766 1139 796 ad
1163 765 1226 796 Ga-

408 802 463 834 lat.
495 811 525 834 et
554 805 596 834 ad
625 804 763 836 Timoth.
814 806 899 836 Nolo
924 808 1007 837 enim
1037 806 1226 838 libertatem

408 846 542 885 spiritus
590 847 745 878 eiusmodi
791 848 1067 888 disputationibus
1100 850 1227 886 vinciri,

408 886 522 929 quales
545 887 620 918 illae
644 895 717 920 sunt
741 889 794 920 vel
817 889 1076 928 sumulariorum,
1099 890 1151 921 vel
1174 890 1227 921 Ci-

409 931 540 960 ceronis
564 931 596 960 in
616 930 667 960 ΙΙΙ.
693 930 885 970 officiorum,
909 933 962 963 ubi
976 933 1108 963 disserit
1120 933 1161 963 de
1179 931 1226 963 os-

409 972 483 1002 ficio
507 973 589 1009 eius,
613 974 666 1013 qui
690 983 730 1004 ex
754 973 926 1015 naufragio
949 976 981 1005 in
993 974 1136 1006 tabulam
1150 985 1226 1006 ean-

411 1014 484 1045 dem
507 1016 709 1055 pervenerit,
733 1026 829 1057 quam
853 1023 883 1047 et
908 1018 1045 1057 sapiens
1059 1017 1226 1058 quispiam¹

414 1058 526 1087 tenuit.
578 1057 744 1099 Apagesis
766 1057 842 1090 illas
866 1058 986 1090 stultas
1015 1060 1226 1100 quaestiones

411 1109 547 1139 quat-tun
571 1099 720 1141 exempla
742 1100 833 1131 nulla
856 1100 954 1132 facile
981 1102 1015 1131 in
1037 1111 1093 1133 res
1116 1100 1227 1133 huma-

407 1151 467 1171 nas
491 1142 621 1173 cadunt.

589 1208 649 1240 DE
671 1209 1042 1242 MAGISTRATIBUS.

452 1269 595 1301 Maxime
623 1270 837 1300 necessarius
866 1270 958 1300 visus
988 1276 1040 1300 est
1069 1268 1163 1300 locus
1187 1270 1228 1299 de

408 1313 674 1353 ma'gistratibuS,
696 1322 736 1342 ac
758 1312 896 1352 primum
911 1312 1039 1352 quidem
1053 1321 1228 1352 sequemur

411 1354 583 1396 vulgarem
606 1354 809 1392 divisionem,
833 1354 971 1385 docendi
995 1354 1113 1395 gratia.
1157 1353 1227 1384 Ma-

411 1398 570 1439 gistratus
598 1395 683 1427 alios
713 1403 849 1427 censent
877 1396 991 1427 civiles
1020 1406 1113 1434 esse,
1142 1395 1227 1427 alios

411 1438 669 1471 ecclesiasticos.
715 1438 839 1470 Civiles
861 1439 1075 1480 magistratus
1099 1444 1150 1469 est
1173 1438 1227 1479 qui

411 1481 555 1523 gladium
580 1486 582 1495 ⁴
607 1481 701 1523 gerit,
735 1488 767 1512 et
801 1479 928 1512 civilem
960 1491 1076 1520 pacem
1108 1486 1226 1512 tuetur.

411 1524 507 1555 Hunc
540 1525 659 1564 probat
687 1522 810 1554 Paulus
832 1522 948 1554 Roma.
982 1522 1066 1553 XIII.
1101 1526 1184 1561 [vss.
1210 1522 1225 1552 l

412 1569 500 1607 sqq]
547 1565 655 1597 Gladii
677 1572 788 1606 partes
811 1572 888 1596 sunt
909 1566 980 1595 iura
1003 1564 1120 1602 civilia,
1143 1565 1228 1596 ordi—

411 1609 563 1639 nationes
587 1606 701 1639 civiles
724 1608 916 1639 iudiciorum
938 1606 1128 1644 forensium,
1151 1616 1228 1647 poe-

412 1660 475 1681 nae
498 1651 651 1681 sontium.
684 1649 811 1691 Estque
833 1651 882 1680 ius
905 1648 1003 1691 gladii
1027 1649 1228 1689 dispensatio

412 1692 522 1734 legum
551 1693 591 1723 de
618 1702 685 1722 non
714 1692 912 1729 occidendo,
943 1692 984 1722 de
1010 1697 1013 1707 ¹
1037 1701 1103 1721 non
1126 1690 1228 1721 w'ndi-

413 1736 519 1766 cando
547 1741 607 1766 etc.
652 1734 746 1765 Adeo
773 1735 826 1775 pie
855 1734 1058 1764 administrat
1085 1732 1229 1774 gladium

413 1778 637 1818 magistratus.
681 1776 760 1807 Item
783 1775 1021 1813 Iurisconsulti,
1044 1776 1073 1806 si
1096 1775 1137 1806 de
1159 1775 1229 1805 iure

413 1820 644 1859 respondeant,
667 1825 721 1849 aut
743 1819 990 1858 patrocinentur
1003 1818 1183 1857 oppressiS,
1196 1822 1231 1846 ut

413 1863 553 1892 maxime
579 1867 736 1901 peccent,
759 1861 813 1901 qui
836 1860 976 1900 litigant.
1020 1859 1073 1890 De
1095 1858 1231 1889 serenda

413 1910 521 1935 autem
551 1903 649 1945 gladii
678 1908 842 1943 potestate
864 1903 913 1932 sic
936 1902 1060 1939 sentio,
1089 1900 1232 1932 Primum

415 1947 442 1977 si
473 1946 549 1987 quid
577 1952 693 1976 contra
721 1945 815 1975 deum
844 1944 1033 1984 imperarint
1055 1944 1232 1983 principeS,

414 1998 481 2019 non
505 1997 580 2019 esse
603 1987 901 2027 obtemperandum.
935 1986 1078 2016 Actuum
1100 1985 1142 2015 V.
1168 1988 1232 2023 [vs.

414 2031 501 2069 29.:]
526 2030 665 2071 Oportet
688 2030 750 2060 deo
773 2030 878 2070 magis
901 2029 1048 2065 obedire,
1067 2038 1163 2068 quam
1174 2027 1233 2057 ho-

414 2073 565 2104 minibus.
610 2070 769 2112 Exempla
798 2070 895 2102 huius
923 2070 987 2101 loci
1016 2069 1120 2101 habes
1142 2070 1234 2100 innu-

418 2125 530 2152 mera,
573 2121 604 2146 et
645 2113 699 2145 vel
733 2113 813 2144 illud
835 2112 1088 2153 pulcherrimum
1112 2111 1234 2143 *Amos

460 2199 588 2230 Deinde
610 2200 638 2229 si
661 2199 866 2238 imperarint,
890 2198 976 2238 quod
999 2203 1049 2227 est
1067 2206 1106 2227 ex
1117 2194 1234 2227 utilita-

418 2249 451 2272 te
473 2241 621 2281 publica,
655 2240 945 2281 obtemperandum
970 2246 1019 2270 est
1043 2240 1133 2270 iuxta
1155 2237 1235 2269 illud

419 2283 534 2314 Roma.
558 2283 640 2314 Xlll.
667 2286 730 2321 [vs.
752 2283 798 2321 5.]
823 2282 1047 2313 Obediendum
1070 2291 1146 2313 esse
1169 2290 1235 2311 non

420 2325 535 2355 solum
557 2333 692 2366 propter
714 2327 812 2362 iram,
846 2325 905 2355 sed
936 2331 966 2355 et
995 2330 1130 2364 propter
1159 2333 1235 2354 con-

422 2368 600 2398 scientiam.
645 2368 728 2398 Nam
756 2368 878 2398 caritas
906 2376 968 2397 nos
998 2366 1172 2407 obstringit
1194 2366 1235 2396 ad

422 2411 529 2441 omnia
552 2420 652 2441 onera
675 2409 792 2440 cixilia.

465 2452 653 2489 Postremo,
687 2453 714 2482 si
748 2452 824 2493 quid
846 2452 1002 2491 imperent
1026 2451 1207 2492 tyrannice,
1232 2462 1234 2471 ·

423 2493 476 2524 hic
506 2505 635 2535 quoque
663 2492 818 2525 serendus
846 2499 896 2525 est
919 2494 1139 2534 magistratus,
1161 2503 1235 2532 pro—

423 2544 496 2576 ptcr
521 2538 700 2573 caritatem,
722 2538 777 2567 ubi
801 2537 870 2567 sine
892 2535 1024 2576 publico
1042 2542 1142 2574 motu,
1165 2536 1236 2566 Sine

1273 220 1432 250 seditione
1464 218 1545 250 nihil
1578 219 1693 249 mutari
1726 225 1844 259 potest.
1896 219 1987 251 quta
2009 219 2090 251 illud

1274 260 1403 299 [Matth.
1427 261 1458 298 5,
1481 261 1559 299 39.]‚
1583 260 1645 295 Qui
1668 262 1870 300 percusserit
1892 268 1925 293 te
1953 263 1986 293 in
2009 263 2087 293 dex-

1273 309 1367 340 tram,
1391 304 1527 334 obverte
1551 303 1579 333 ei
1603 310 1633 333 et
1657 303 1832 334 sinistram.
1859 304 1861 314 '

1318 345 1320 353 ¹
1345 344 1440 379 Quod
1472 346 1499 375 si
1535 345 1616 375 citra
1639 344 1846 382 scandalum,
1880 347 1961 377 citra
1984 345 2087 386 publi-

1274 396 1346 417 cum
1379 393 1501 417 motiun
1536 385 1620 417 elabi
1654 388 1781 427 possis,
1816 386 1966 424 elabere,
1994 395 2030 419 ut
2060 388 2087 418 si

1273 429 1442 459 coniectus
1470 429 1516 459 sis
1547 430 1578 459 in
1603 439 1770 460 carcerem
1793 428 1872 459 nihil
1894 429 1970 460 mali
1993 430 2088 460 meri-

1271 477 1335 507 tus,
1359 477 1389 500 et
1412 470 1585 511 effringere
1608 472 1730 511 possis,
1750 472 1820 501 sine
1838 470 1970 511 publico
1988 478 2088 510 motu,

1271 511 1316 542 nil
1346 518 1435 542 vetat
1466 511 1590 554 fugere.
1636 513 1729 544 quta
1753 512 1849 551 illud,
1879 514 2001 553 primae
2025 513 2088 544 Co-

1271 553 1368 584 rinth.
1403 554 1472 583 Vll.
1508 558 1571 593 [vs.
1606 554 1689 593 21.:]
1725 555 1760 586 Si
1783 556 1886 596 po'tes
1914 555 1996 586 liber
2019 555 2088 587 fieri

1271 596 1377 636 magis
1400 602 1502 627 utere.

1313 637 1365 668 De
1379 637 1624 669 Ecclesiasticis
1642 640 1889 681 magistratibus
1908 641 1957 671 sic
1976 650 2089 671 cense-

1270 690 1355 717 mus,
1368 679 1509 711 Primum
1532 682 1699 712 ministros
1722 691 1798 712 esse
1810 681 2006 722 Episcopus,
2024 692 2090 713 non

1270 727 1453 761 potestates
1487 729 1543 752 aut
1576 724 1797 764 magistratus.
1863 724 1990 755 Deinde
2023 734 2089 754 non

1271 763 1392 794 habere
1424 764 1475 794 ius
1496 763 1683 805 Episcopos
1717 766 1878 796 condendi
1901 765 2010 807 leges,
2036 767 2088 796 ut*

1271 806 1389 845 quibus
1422 805 1609 837 mandatum
1642 808 1684 837 sit
1723 808 1914 847 praedicare
1954 809 2089 839 verbum

1272 848 1324 877 dei
1347 852 1487 884 tantum,
1517 857 1584 878 non
1612 847 1795 887 hominum,
1824 856 1859 881 ut
1887 860 1987 890 supra
2010 850 2089 880 dixi-

1271 898 1352 919 mus·
1398 888 1439 919 Et
1462 898 1504 919 ex
1527 889 1637 920 Hiere.
1657 890 1774 921 XXIII.
1798 893 1878 922 satis
1900 892 2055 931 adparet.'

1313 929 1457 961 Primum
1484 940 1564 972 ergo
1588 932 1615 961 si
1639 932 1778 963 doceant
1801 934 2015 974 scripturam,
2038 934 2087 964 sic

1270 972 1422 1004 audiendi
1445 979 1521 1003 sunt
1543 979 1578 1004 ut
1590 972 1752 1005 Christus.
1782 974 1875 1006 quta
1896 974 1977 1006 illud
1990 975 2084 1014 [Luc.

1273 1014 1324 1052 10,
1349 1014 1427 1052 16.]‚
1450 1014 1513 1049 Qui
1535 1025 1597 1046 vos
1621 1016 1719 1054 audit,
1742 1026 1795 1048 me
1819 1017 1918 1048 audit.
1952 1018 2036 1048 Nam
2048 1018 2090 1049 ad

1272 1057 1485 1096 scripturam,
1529 1067 1596 1088 non
1630 1058 1672 1089 ad
1705 1059 1897 1090 traditiones
1930 1059 2090 1090 humanas

1271 1100 1427 1139 pertinet,
1456 1105 1492 1129 ut
1513 1100 1627 1139 pa'tet,
1663 1110 1735 1131 cum
1757 1102 1859 1142 inquit
1884 1100 2014 1140 [Matth.
2039 1101 2090 1140 10,

1271 1141 1348 1179 4l.],
1385 1140 1446 1175 Qui
1469 1140 1662 1182 prophetam
1684 1143 1815 1174 nomine
1836 1143 2017 1184 prophetae
2039 1153 2090 1174 re-

1273 1183 1408 1223 ceperit,
1430 1192 1496 1214 non
1517 1184 1849 1224 pseudoprophetam.

1314 1224 1443 1256 Deinde
1466 1225 1495 1255 si
1518 1226 1595 1266 quid
1619 1232 1734 1257 contra
1756 1228 1952 1267 scripturam
1970 1228 2090 1259 docue-

1270 1267 1346 1304 rint,
1369 1277 1435 1298 non
1458 1274 1534 1298 sunt
1557 1269 1718 1300 audiendi.
1752 1269 1827 1300 Act.
1850 1269 1892 1300 V.
1917 1273 1981 1308 [vs.
2004 1269 2090 1308 2522]

1272 1308 1412 1349 Oportet
1441 1309 1503 1340 deo
1532 1311 1639 1352 magis
1668 1311 1804 1342 obedire
1834 1322 1931 1353 quam
1952 1311 2090 1343 homini-

1271 1351 1344 1382 bus.
1372 1350 1461 1389 Etffl)
1484 1350 1601 1383 Matth.
1624 1352 1697 1384 XV.
1724 1357 1787 1392 [vs.
1800 1354 1830 1384 6.
1840 1357 1863 1393 z]
1878 1354 1882 1370 ¹
1896 1354 2025 1385 Irritum
2042 1353 2088 1385 fe-

1272 1394 1364 1424 cistis
1402 1394 1588 1426 mandatum
1629 1396 1680 1426 dei
1713 1402 1849 1436 propter
1881 1397 2089 1427 traditionem

1271 1441 1425 1466 vestram.
1460 1435 1584 1468 Contra
1606 1438 1657 1468 ius
1682 1438 1824 1469 divinum
1848 1439 2015 1470 decretum
2039 1445 2091 1469 est

1270 1488 1291 1508 a
1312 1477 1404 1517 Papa
1437 1477 1502 1509 hoc
1537 1485 1684 1519 tempore
1706 1481 1739 1511 in
1761 1478 1861 1511 Bulla
1883 1491 1948 1521 qua
1969 1480 2090 1511 Luthe-

1271 1530 1329 1550 rus
1353 1521 1525 1551 damnatus
1553 1527 1623 1559 est,
1656 1521 1710 1553 hic
1738 1523 1929 1564 neutiquam
1958 1523 2090 1554 audien-

1271 1562 1333 1593 dus
1355 1568 1418 1599 est,

1313 1603 1424 1635 Tertio
1447 1605 1475 1634 si
1499 1605 1575 1646 quid
1597 1612 1729 1645 praeter
1751 1607 1947 1646 scripturam
1969 1612 2090 1638 statue·

1271 1647 1347 1684 rint,
1369 1647 1401 1676 in
1412 1646 1489 1684 hoc,
1499 1653 1535 1678 ut
1553 1648 1772 1679 conscientias
1791 1649 2008 1690 obstringant,
2024 1658 2091 1680 non

1273 1694 1349 1719 sunt
1388 1689 1549 1720 audiendi.
1616 1689 1704 1720 Nihil
1739 1691 1823 1721 enim
1857 1691 2092 1722 conscientiam

1274 1729 1400 1771 obligat
1422 1732 1483 1761 nisi
1506 1732 1556 1762 ius
1580 1731 1733 1762 divinum.
1788 1731 1841 1763 De
1862 1732 1913 1763 his
1935 1732 2092 1774 loqueba-

1273 1778 1327 1803 tur
1348 1772 1472 1804 Paulus
1506 1773 1528 1803 1.
1557 1772 1696 1804 Timoth.
1730 1773 1795 1804 1111.
1831 1778 1914 1813 [vss.
1951 1776 1965 1804 l
2001 1777 2091 1815 sqq.]

1273 1815 1329 1845 ubi
1353 1815 1520 1846 doctrinas
1546 1833 1548 1843 .
1573 1815 1816 1846 daemoniorum
1839 1823 1951 1854 vocat,
1980 1815 2091 1858 legem

1276 1857 1316 1887 de
1339 1856 1514 1895 coelibatu,
1537 1858 1578 1888 de
1591 1859 1673 1889 cibis
1685 1858 1877 1896 interdictis,
1890 1868 1977 1899 quae
1989 1868 2090 1899 quan-

1276 1908 1373 1940 quam
1400 1909 1467 1930 non
1496 1899 1668 1930 videantur
1696 1900 1864 1931 adversari
1898 1901 2092 1941 scripturae,

1275 1947 1311 1972 ut
1345 1951 1428 1982 quae
1461 1952 1521 1982 per
1554 1951 1631 1973 sese
1664 1952 1731 1973 non
1753 1942 1819 1973 sint
1840 1941 1937 1973 mala.
1981 1941 2091 1973 Malus

1277 1983 1360 2014 enim
1385 1982 1566 2014 coelibatus
1589 1994 1655 2015 non
1678 1990 1739 2015 est.
1784 1984 1963 2015 Abstinere
1988 1985 2093 2015 carni-

1277 2026 1339 2056 bus
1371 2025 1490 2056 malum
1523 2035 1589 2056 non
1624 2032 1685 2057 est.
1731 2025 1798 2057 Sed
1830 2027 1948 2067 impiae
1980 2026 2092 2062 haec.

1277 2074 1354 2098 sunt
1376 2069 1404 2098 si
1426 2077 1567 2108 peccare
1589 2074 1622 2098 te
1644 2075 1739 2108 putes
1750 2069 1806 2099 ubi
1819 2069 1984 2100 diversum
2003 2067 2090 2100 sece-

1278 2111 1334 2140 ris.
1390 2110 1491 2150 Impia
1524 2111 1658 2148 docent,
1697 2112 1750 2151 qui
1785 2116 1921 2141 censent
1953 2120 2094 2150 peccare

1279 2162 1363 2189 eum,
1397 2154 1451 2193 qui
1474 2151 1574 2183 horas
1598 2154 1775 2184 canonicas
1792 2163 1859 2183 non
1876 2152 2005 2193 legerit,
2039 2153 2093 2194 qui

1281 2204 1411 2225 carnem
1441 2195 1543 2225 ederit
1573 2195 1624 2225 die
1648 2201 1741 2226 sexta
1763 2201 1818 2226 aut
1842 2196 1996 2235 septima,
2029 2201 2091 2226 etc.

1278 2237 1352 2267 Non
1386 2237 1470 2267 enim
1497 2243 1606 2277 potest
1634 2237 1636 2247 ¹
1659 2237 1845 2278 Episcopus
1873 2237 2092 2268 Christianam

1279 2279 1513 2310 conscientiam
1546 2279 1682 2318 vincire,
1716 2280 1754 2310 ΙΙ.
1792 2278 1939 2310 Corinth.
1979 2278 2093 2310 ultimo

1279 2321 1345 2360 [13‚
1370 2321 1448 2360 10.],
1482 2321 1568 2353 Data
1596 2328 1646 2353 est
1674 2323 1770 2353 nobis
1798 2328 1946 2362 potestas
1972 2321 2093 2352 nonin

1280 2365 1545 2403 destructionem,
1568 2365 1627 2396 sed
1650 2364 1917 2396 aedificationem.

1323 2406 1458 2444 Quarto,
1481 2407 1515 2437 Si
1538 2418 1603 2438 non
1626 2417 1744 2438 oneres
1768 2406 2001 2438 conscientiam
2018 2405 2093 2447 Epi—

1268 2545 1313 2575 81)
1332 2544 1371 2574 Et]
1388 2543 1430 2568 Ed.
1450 2544 1472 2568 2.
1493 2543 1588 2574 typoth.
1609 2548 1708 2568 errore:
1728 2542 1766 2567 Er.

2107 313 2164 344 (7⁰,
2186 313 2223 345 b.)

2155 357 2181 375 10

2156 565 2182 585 [ἃ

2152 817 2183 836 20

2108 944 2164 974 136,
2182 943 2210 969 h.

2161 1356 2189 1375 lo

2189 1615 2212 1632 ιδ

2152 1820 2184 1839 20

2110 2072 2166 2102 137,
2193 2076 2218 2096 a.

2146 2415 2186 2441 lm
