2358 2933
236 104 295 134 711

236 204 264 226 et
288 195 365 226 alibi
388 205 488 234 saepe
513 196 666 234 repetitas
690 204 777 225 esse.
812 194 944 225 Summa
956 196 1208 234 promissionum

237 239 266 268 in
289 236 339 267 liis
365 238 470 267 verbis
501 244 568 267 est:
602 235 663 270 Qui
694 235 807 266 fecerit
837 236 935 273 haec,
969 237 1055 267 vivet
1087 239 1117 268 in
1148 239 1207 269 eis.

237 279 396 310 Minarum
429 289 553 309 summa
588 284 637 307 est
674 277 785 315 {Deut-
809 278 862 315 27,
881 278 965 316 264:
999 277 1208 317 Maledictus,

237 322 289 362 qni
314 332 378 351 non
402 321 612 361 permanserit
639 320 670 350 in
694 320 855 357 omnibus,
879 331 963 361 quae
986 328 1059 351 stult
1085 322 1209 361 scripta

237 365 266 393 in
303 363 401 403 Lege.
452 363 517 393 Sed
552 362 720 392 sciendum
749 370 797 392 est
830 373 943 393 omnes
973 364 1209 403 promissiones

239 405 335 445 Legis
360 402 595 434 conditionales
619 414 706 441 esse,
725 405 756 434 id
775 411 836 436 est.
862 405 1030 446 requirere
1053 406 1209 436 conditio-

237 458 319 483 nem,
344 457 382 476 ne
406 447 481 487 quid
506 453 621 476 contra
644 446 768 487 Legem
797 446 861 476 liat.
908 446 988 477 Cum
1013 454 1121 478 autem
1139 447 1209 478 Lex

236 500 363 529 semper
377 496 507 519 accuset
525 498 596 525 nos,
620 488 682 518 hae
702 489 938 528 promissiones
962 488 1077 520 fierent
1090 490 1209 527 irritae,

236 532 295 560 nisi
320 541 359 560 ex
383 530 562 571 Evangelio
587 531 806 567 disceremus,
835 532 998 571 quomodo
1023 537 1209 571 reputemur

235 574 320 603 iusti.
345 580 374 603 et
400 573 563 613 quomodo
587 571 715 612 placeat
739 572 891 604 inchoata
916 574 1102 604 obedientia
1121 575 1209 604 iuxta

237 615 366 655 Legem.
414 615 506 645 Fiunt
537 615 633 656 igitur
664 616 757 646 iustis
786 615 848 645 tide
878 623 1013 655 propter
1042 615 1209 646 Christum

236 664 265 687 et
278 657 378 697 Legis
398 658 633 697 promissiones
652 664 754 694 ratae,
779 658 853 697 quia
878 657 970 688 Deus
994 659 1109 698 recipit.
1132 659 1209 688 obe-

236 700 396 730 dientiam.
455 699 530 730 ldeo
566 707 595 729 et
631 700 775 739 praemia
810 701 917 730 tribuit
958 699 1145 740 corporalia
1179 706 1210 730 et

235 741 431 783 spiritualia,
455 743 542 772 iuxta
566 741 644 772 illud
669 742 764 779 [Luc.
787 741 818 777 6,
842 741 925 779 354:
954 741 1041 772 Date
1065 748 1097 772 et
1121 742 1210 772 dabi-

235 793 286 816 tur
310 786 414 815 vobis.
450 782 692 814 [temps-araz
719 783 860 821 lvs.19.]
884 783 927 813 Ut
948 790 1039 814 eruat
1063 795 1083 814 a
1106 791 1210 815 morte

237 829 359 858 animas
389 836 500 857 eorum
528 834 557 856 et
589 824 652 856 alat
685 836 743 855 eos
772 826 803 855 in
831 824 927 855 fame.
974 826 1098 856 Verum
1126 825 1210 856 infra

237 870 402 910 copiosius
443 869 614 899 dicendum
651 869 709 898 erit
746 868 786 897 de
821 868 1007 898 discrimine
1041 868 1143 909 Legis
1178 874 1210 898 et

236 910 404 952 Evangelii
436 918 464 941 et
495 910 751 950 promissionum
779 908 950 950 Legalium
980 916 1011 940 et
1039 911 1108 940 eius
1136 921 1209 951 pro-

237 954 413 989 missionis,
437 963 520 993 quae
543 959 591 983 est
616 950 787 992 Evangelii
810 953 953 991 propria.

322 994 402 1025 lllud
427 996 522 1025 etiam
546 995 745 1025 memineris:
770 995 844 1034 quia
864 995 944 1024 ordo
958 992 1111 1034 politicus
1132 1004 1209 1025 vere

238 1046 285 1069 est
310 1048 391 1078 opus
416 1037 495 1074 Dei,
525 1038 607 1067 sicut
632 1037 712 1067 ordo
736 1042 879 1067 motuum
905 1036 1112 1074 coelestium,
1136 1037 1209 1067 ideo

238 1081 329 1111 Dens
362 1081 393 1109 in
427 1078 556 1120 politica
589 1080 708 1109 iustitia
739 1077 933 1119 regulariter
962 1085 1107 1119 praestat
1136 1089 1210 1118 pro—

239 1124 410 1153 missiones
435 1128 465 1152 et
488 1122 602 1151 minas.
632 1121 776 1151 Externa
800 1126 830 1150 et
854 1122 979 1151 atrocia
1003 1120 1131 1151 scelera
1155 1131 1210 1151 co-

239 1167 389 1196 mitantur
413 1163 604 1194 nianifestae
628 1173 771 1203 poenae,
802 1163 927 1193 etiamsi
951 1169 1083 1194 cessent
1111 1163 1210 1203 magi-

240 1214 373 1238 stratus.
430 1206 619 1236 }lomicidae
656 1215 840 1246 quanquam
875 1205 1057 1246 effugerunt
1092 1215 1209 1235 manus

239 1250 498 1291 magistratuum.
523 1255 629 1278 tamen
648 1246 835 1277 mirabiliter
858 1248 899 1278 ad
922 1247 1085 1287 supplicia
1107 1253 1208 1277 retra-

239 1291 366 1322 huntur.
423 1289 594 1326 Periuros‚
630 1289 798 1320 adulteros
833 1296 863 1320 et
896 1288 1041 1329 pollutos
1075 1290 1209 1320 incestis

239 1333 444 1370 libidinibus,
475 1333 600 1362 etiamsi
630 1332 842 1373 magistratus
872 1342 937 1362 non
961 1332 1068 1371 punit,
1103 1338 1209 1362 tamen

240 1376 375 1416 opprimi
400 1376 497 1405 variis
518 1373 665 1404 cladibus
691 1380 851 1404 testantur
873 1373 1028 1404 historiae
1052 1379 1081 1403 et
1107 1374 1209 1414 quoti-

240 1419 335 1448 diana
359 1418 432 1447 vita.
468 1416 535 1447 Sed
552 1416 622 1446 Lex
645 1417 737 1446 testis
757 1422 819 1452 est,
842 1415 924 1446 11388
947 1416 1101 1446 divinitus
1127 1415 1209 1452 fieri,

240 1461 328 1490 iusta
351 1458 429 1490 illud
464 1458 580 1495 [Exod.
604 1458 656 1495 20,
676 1458 737 1495 7.]:
771 1457 846 1488 Non
879 1458 1011 1489 habebit
1046 1458 1208 1487 insontem

240 1509 302 1533 etc.
348 1501 425 1532 ltem
450 1500 562 1538 [Hebr.
581 1499 631 1537 13,
646 1501 707 1539 -l-]:
732 1499 963 1530 fornicatores
988 1506 1017 1530 et
1042 1498 1208 1530 adulteros

239 1544 391 1574 iudicabit
421 1542 512 1573 Deus
546 1549 606 1572 etc.
652 1542 795 1572 Econtra
831 1543 935 1573 iustos
970 1543 1208 1583 gubernatores

239 1587 367 1616 adiuvat
382 1584 485 1622 Deus,
508 1591 541 1615 ut
555 1584 742 1615 constitutio
763 1594 937 1625 regnorum
961 1590 994 1615 et
1016 1584 1121 1614 exitus
1143 1583 1208 1614 bel-

239 1627 343 1658 lorum
368 1626 560 1667 regulariter
586 1627 771 1657 ostendunt.
818 1626 893 1656 Ideo
922 1627 1032 1657 addita
1062 1632 1113 1656 est
1135 1636 1208 1665 pro-

239 1671 350 1700 missio
374 1667 554 1708 corporalis
579 1674 694 1709 quarto
717 1675 907 1708 praeceptO,
931 1669 1019 1710 quod
1041 1669 1208 1699 constituit

239 1710 385 1751 politias:
410 1712 445 1742 Si
469 1712 519 1741 vis
542 1709 727 1752 longaevus
750 1721 826 1741 esse
849 1721 948 1751 super
972 1718 1093 1742 terram
1117 1717 1179 1741 etc.

501 1835 561 1866 DE
583 1835 700 1866 LEGE
723 1835 943 1866 NATURAE.

324 1919 367 1950 Ut
389 1919 496 1950 lumen
521 1919 625 1951 oculis
646 1921 798 1951 divinitus
821 1921 955 1951 inditum
979 1927 1040 1958 est,
1064 1920 1110 1951 lta
1133 1927 1208 1951 sunt

240 1963 398 2003 quaedam
419 1963 551 1992 notitiae
573 1963 734 1992 mentibus
753 1961 902 1993 humanis
928 1964 1062 1999 inditae,
1089 1964 1207 2004 quibus

240 2011 421 2045 agnoscunt
447 2011 477 2035 et
497 2005 636 2035 iudicant
656 2003 823 2045 pleraque.
858 2004 1052 2046 Philosophi
1075 2005 1208 2042 1100100)

239 2046 346 2076 lumen
371 2052 488 2077 vocant
512 2047 656 2076 notitiam
679 2047 926 2087 principiortun,
958 2054 1079 2078 vocant
1109 2047 1209 2083 κοινάς

240 2093 348 2122 ἑννοίας
375 2094 404 2118 et
429 2089 596 2127 προλήψεις.
641 2088 693 2119 Α8
722 2087 867 2128 vulgaris
893 2089 1008 2120 divisio
1039 2096 1117 2120 nota
1145 2096 1207 2126 est,

241 2129 303 2160 alia
322 2140 396 2160 esse
419 2131 578 2170 principia
597 2129 823 2170 speculabilia,
848 2137 882 2161 ut
905 2133 1036 2163 notitias
1059 2142 1209 2162 numero-

242 2182 321 2207 rum,
342 2172 473 2209 ordinis,
493 2171 687 2213 syllogismi,
711 2174 868 2213 principia
885 2173 1100 2212 Geometrica,
1123 2174 1209 2215 Phy-

241 2214 319 2243 sica.
355 2213 444 2245 Haec
465 2224 576 2244 onmes
595 2213 737 2245 fatentur
756 2225 831 2245 esse
850 2217 1034 2247 certissima
1052 2222 1082 2247 et
1100 2215 1209 2247 fontes

241 2256 448 2286 maximarum
478 2255 647 2287 utilitatum
675 2258 705 2287 in
735 2258 812 2287 vita.
863 2257 977 2293 Qualis
1007 2259 1092 2290 enim
1120 2265 1210 2290 esset

241 2298 305 2327 vita
327 2299 398 2327 sine
421 2299 575 2335 numen's,
600 2300 670 2329 sine
694 2299 827 2330 ordine?
860 2299 934 2331 Alia
958 2308 1033 2331 sunt
1052 2301 1210 2341 principia

240 2340 401 2379 practica,
434 2346 468 2370 ut
498 2346 599 2370 totum
627 2341 801 2372 discrimen
828 2342 976 2374 naturale
997 2343 1210 2374 honestorum

241 2388 271 2411 et
296 2381 445 2421 turpium.
490 2381 579 2418 Item,
602 2382 674 2413 Deo
698 2390 748 2414 est
772 2385 999 2416 obediendum.
1039 2386 1089 2416 Ac
1113 2386 1210 2416 debe-

240 2423 317 2453 bant
346 2423 473 2463 quidem
503 2423 585 2454 haec
613 2426 759 2465 practica
788 2427 947 2468 principia
977 2434 1042 2460 tam
1070 2426 1211 2459 illustria

243 2517 303 2545 100)
321 2516 378 2546 hoc]
397 2516 468 2541 Editt,
490 2518 509 2541 1.
528 2518 550 2542 3.
570 2518 592 2542 6.
611 2519 633 2542 7.
652 2518 691 2543 hic

865 103 974 134 PHIL.
992 103 1093 135 MEL.
1114 103 1296 136 SCRIPTA
1313 104 1587 136 DOGMATICA.

2158 109 2219 141 ⁷12

1250 198 1345 227 nobis
1368 207 1444 228 esse
1467 204 1497 227 et
1522 196 1624 235 firma,
1647 208 1743 238 quam
1762 204 1838 229 sunt
1850 199 1984 230 notitiae
1996 209 2220 237 numerorum;

1250 245 1356 269 tamen
1381 240 1455 280 quia
1479 246 1613 279 propter
1636 238 1743 270 labem
1758 241 1892 281 originis
1906 242 2047 272 accessit
2060 243 2219 282 quaedam

1251 279 1359 321 caligo
1389 288 1419 312 et
1451 291 1509 312 cor
1538 281 1637 311 habet
1666 283 1847 312 contrarios
1878 283 2014 323 impetus
2044 284 2220 315 discrimini

1251 321 1463 354 honestorum
1486 330 1515 353 et
1542 324 1690 363 turpium,
1714 325 1786 354 ideo
1811 323 1957 355 homines
1982 335 2046 356 non
2065 332 2131 356 tam
2143 336 2220 357 con·
2248 326 2251 329 '

1251 371 1376 395 stanter
1410 366 1632 396 assentiuntur
1655 365 1704 396 his
1727 367 1864 403 notitiis,
1899 366 1971 397 Deo
2005 368 2220 399 obediendum

1252 413 1313 444 est,
1336 406 1541 438 Adulterium
1563 414 1613 437 cst
1639 408 1820 445 vitandum,
1852 408 1998 439 Honesta
2024 416 2121 450 pacta
2143 416 2220 442 sunt

1251 450 1431 480 servanda:
1457 453 1538 480 sicut
1563 448 1637 480 huic
1656 450 1800 487 notitiae,
1823 450 1880 480 Bis
1893 456 2032 491 quatuor
2043 458 2119 482 sunt
2133 458 2219 483 octo.

1250 490 1361 522 Manet
1395 492 1509 522 notitia
1542 491 1684 532 Legum,
1718 492 1777 523 sed
1805 502 1964 523 assensus
1995 499 2045 523 est
2073 493 2220 525 infirmus

1251 540 1386 573 propter
1416 535 1650 564 contumaciam
1681 535 1801 565 cordis.
1850 534 1972 565 Notitia
2004 536 2221 567 testimonium

1252 582 1301 605 est
1326 585 1386 606 nos
1409 586 1429 606 a
1451 575 1524 606 Deo
1554 582 1644 606 ortos
1668 586 1744 607 esse
1768 586 1807 607 38
1828 576 1902 607 Ι)80
1927 578 2144 608 obedientiam
2167 579 2221 609 de-

1253 618 1342 655 bere,
1365 623 1395 647 et
1419 624 1554 648 accusat
1577 619 1839 649 inobedientiam.
1884 618 2051 649 Dubitatio
2080 628 2160 650 vero
2189 625 2220 650 et

1252 661 1453 690 contumacia
1487 658 1613 690 illustre
1644 661 1771 701 signum
1804 666 1871 698 est,
1905 667 2053 691 naturam
2080 660 2221 692 hominis

1252 712 1318 731 non
1341 711 1416 732 esse
1439 703 1610 742 integram.
1651 703 1743 733 Sicut.
1766 704 1849 733 idem
1872 702 2057 743 significant
2078 713 2168 734 mors
2191 709 2223 734 et

1254 742 1455 774 calamitates
1485 743 1627 774 infinitae
1656 743 1787 774 humani
1817 745 1948 785 genen‘s
1972 750 2002 775 et
2024 744 2125 776 multa
2146 756 2221 786 pro-

1254 785 1382 825 digiosa
1416 786 1501 815 vitia.
1547 785 1637 817 Haec
1660 785 1782 816 Paulus
1806 786 1900 817 Rom.
1926 786 1954 816 1.
1990 789 2051 823 [vs.
2072 787 2136 826 18.]
2169 786 2221 818 his

1253 828 1362 857 verbis
1387 828 1553 866 exposuit:
1576 827 1756 858 Vem'tatem
1778 828 1809 857 in
1828 829 1983 859 iniustitia
2005 829 2166 867 detinent,
2189 829 2221 859 id

1254 876 1315 905 est,
1339 870 1399 899 etsi
1424 870 1581 909 impressa
1605 875 1655 900 est
1677 868 1861 900 hominibus
1884 879 1964 900 vera
1986 871 2110 908 notitia,
2134 871 2223 911 quod

1253 912 1295 940 sit
1314 911 1406 941 Deus
1429 921 1493 941 una
1517 912 1674 951 quaedam
1698 918 1833 941 aeterna
1859 921 1968 948 mens,
2002 913 2162 943 conditrix
2189 919 2222 944 et

1254 954 1483 983 conservatrix
1506 963 1631 990 rerum,
1665 954 1814 993 sapiens.
1849 954 1952 991 bona,
1987 954 2072 984 iusta
2094 960 2156 985 etc.
2191 960 2223 985 et

1254 996 1341 1035 quod
1364 994 1439 1025 huic
1455 995 1529 1026 Deo
1553 997 1768 1026 obediendum
1792 996 1834 1026 sit
1856 996 1945 1026 iuxta
1969 995 2143 1027 discrimen
2165 996 2223 1028 ho-

1254 1043 1422 1067 nestorum
1445 1044 1476 1067 et
1499 1038 1653 1078 turpium,
1676 1044 1782 1068 tamen
1805 1036 1866 1068 1138
1890 1047 1987 1068 ν8138
2016 1039 2148 1069 notitiae
2169 1039 2224 1070 de—

1254 1080 1395 1110 tinentur
1417 1080 1448 1109 in
1472 1080 1638 1117 iniustitia,
1663 1080 1695 1110 id
1721 1085 1780 1117 est,
1805 1081 1952 1120 captivae
1974 1086 2136 1119 tenentur,
2157 1091 2224 1112 non

1254 1127 1402 1161 regnant,
1426 1122 1485 1151 sed
1507 1128 1623 1162 regnat
1653 1122 1805 1152 iniustitia
1828 1132 1978 1163 pugnans
1998 1133 2071 1153 cum
2093 1122 2143 1153 his
2166 1133 2223 1154 no-

1253 1164 1340 1201 titiis,
1363 1162 1488 1194 scilicet
1512 1164 1643 1194 aversio
1666 1162 1846 1195 voluntatis
1869 1174 1888 1194 a
1911 1163 1995 1202 Deo,
2019 1170 2223 1205 contemptus

1253 1205 1326 1243 Dei,
1350 1205 1468 1236 fiducia
1490 1207 1694 1246 propriarum
1716 1207 1841 1243 virium,
1865 1207 2002 1247 denique
2025 1208 2105 1237 varii
2126 1209 2224 1248 impe-

1253 1254 1304 1277 tus
1329 1254 1512 1289 pugnantes
1537 1258 1608 1278 cum
1633 1247 1750 1278 lumine
1768 1249 1919 1278 divinitus
1935 1249 2032 1280 insito
2044 1249 2223 1281 mentibus:

1253 1290 1328 1320 Ideo
1352 1297 1382 1320 et
1406 1300 1565 1320 assensus
1588 1290 1745 1321 infirmior
1767 1296 1829 1327 est,
1852 1300 1892 1320 ac

1254 1357 1370 1387 Fertur
1400 1358 1493 1397 equis
1516 1357 1647 1398 auriga,
1678 1367 1739 1388 nee
1768 1358 1858 1388 audit
1884 1367 2000 1388 currus
2022 1357 2183 1389 habenas.
2198 1360 2223 1399 ¹)

1253 1424 1328 1454 Ideo
1352 1423 1543 1464 Philosophi
1568 1435 1641 1455 cum
1664 1424 1811 1454 viderent
1823 1424 1981 1454 infirmam
1993 1425 2223 1456 assensionem

1253 1476 1328 1496 esse
1351 1473 1382 1496 et
1405 1468 1474 1506 rapi
1496 1466 1644 1497 homines
1669 1476 1787 1506 magno
1811 1467 1933 1506 impetu
1951 1466 1993 1496 ad
2006 1466 2155 1497 diversas
2167 1477 2223 1498 vo-

1253 1508 1406 1548 luptateS,
1430 1510 1672 1549 quaesiverunt,
1694 1514 1800 1539 utrum
1821 1508 1906 1539 iusta
1930 1514 1961 1539 et
1977 1509 2096 1539 iniusta
2108 1514 2224 1540 natura

1254 1550 1307 1580 vel
1343 1551 1493 1591 opinione
1528 1551 1766 1581 discernantur.
1824 1549 1896 1584 Qua
1930 1551 1970 1581 de
2002 1561 2040 1581 re
2073 1551 2222 1593 dubitare

1254 1599 1349 1634 turpe
1362 1599 1393 1623 et
1405 1593 1602 1634 flagitiosum
1625 1598 1686 1630 est,
1709 1593 1844 1633 perinde
1866 1603 1905 1623 ac
1928 1593 1956 1623 si
1980 1593 2053 1634 quis
2075 1599 2222 1634 quaerat,

1254 1645 1295 1664 311
1318 1640 1433 1666 natura
1457 1634 1510 1666 vel
1534 1645 1615 1666 casu
1639 1636 1687 1665 bis
1711 1641 1850 1675 quatuor
1880 1635 1943 1665 sint
1966 1641 2051 1665 octo.
2097 1634 2223 1666 Lumen

1254 1678 1396 1707 divinum
1424 1678 1456 1707 in
1479 1678 1641 1708 mentibus
1676 1687 1740 1707 non
1771 1678 2026 1718 extinguendum
2061 1683 2130 1714 est,
2162 1677 2224 1708 sed

1253 1720 1361 1759 potius
1395 1720 1620 1756 excitandum,
1661 1726 1690 1750 et
1727 1719 1966 1750 confirmandus
2005 1719 2150 1757 animus,
2187 1725 2223 1750 ut

1253 1768 1413 1802 agnoscat
1443 1762 1599 1802 principia
1627 1761 1793 1801 practica,
1823 1771 1926 1802 eaque
1954 1761 2169 1802 amplectatur
2190 1767 2223 1792 et

1254 1810 1373 1834 statuat
1398 1814 1511 1834 revera
1534 1811 1598 1834 tam
1618 1810 1707 1834 certa
1730 1809 1761 1834 et
1785 1803 1877 1834 firma
1899 1814 1990 1841 esse,
2024 1814 2120 1844 quam
2147 1809 2222 1834 sunt

1254 1845 1482 1886 speculabilia,
1510 1847 1572 1876 imo
1604 1847 1724 1886 pariter
1755 1856 1830 1876 esse
1858 1846 1990 1876 decreta
2011 1844 2223 1876 immutabilia

1253 1888 1325 1918 Dei.
1371 1888 1461 1919 Sicut
1485 1894 1515 1918 et
1539 1887 1662 1918 Paulus
1687 1889 1899 1918 concionatur
1921 1887 2015 1918 Rom.
2032 1887 2059 1917 l.
2081 1891 2142 1924 [vs.
2158 1887 2222 1925 19.]

1253 1931 1418 1971 inquiens:
1442 1930 1533 1960 Deus
1556 1931 1636 1969 ipsis
1650 1931 1801 1960 ostendit.
1833 1930 1910 1960 Item
1927 1929 2021 1960 Rom.
2035 1929 2064 1959 ⁶2.
2079 1932 2142 1968 [vs.
2157 1929 2221 1968 15.]

1255 1973 1347 2013 Opus
1370 1972 1471 2014 Legis
1499 1973 1654 2011 scriptum
1688 1973 1718 2002 in
1748 1972 1908 2002 mentibus
1938 1981 2062 2002 eorum.
2113 1971 2222 2002 Vocat

1252 2015 1328 2045 item
1357 2014 1418 2045 has
1447 2015 1576 2045 notitias
1612 2015 1661 2044 ius
1692 2014 1851 2051 divinum,
1885 2013 1979 2044 Rom.
2005 2014 2033 2044 l.
2064 2017 2126 2051 [vs.
2156 2013 2221 2051 2l.]

1254 2056 1316 2090 Qui
1340 2067 1412 2087 cum
1436 2057 1485 2087 ius
1509 2055 1571 2086 Dei
1594 2057 1712 2086 norint.
1757 2055 1815 2086 Est
1840 2057 1955 2096 erg02)
1979 2065 2058 2086 vera
2081 2055 2222 2086 definitio

1254 2098 1354 2140 Legis
1381 2105 1528 2135 naturae,
1553 2097 1676 2139 Legem
1699 2104 1836 2128 naturae
1860 2108 1935 2128 esse
1954 2098 2099 2128 notitiam
2121 2098 2223 2139 Legis

1253 2141 1391 2178 divinae,
1411 2146 1545 2171 naturae
1567 2140 1705 2170 hominis
1728 2141 1866 2170 insitam.
1901 2140 1977 2170 Ideo
2001 2140 2084 2171 enim
2107 2140 2224 2171 dicitur

1253 2182 1351 2213 homo
1374 2184 1415 2213 ad
1438 2183 1609 2223 imaginem
1634 2182 1696 2213 Dei
1720 2183 1870 2213 conditus
1895 2192 1988 2219 esse,
2022 2183 2097 2223 quia
2122 2183 2154 2212 in
2184 2192 2222 2212 eo

1253 2224 1384 2256 lucebat
1417 2225 1539 2265 imago,
1572 2224 1636 2255 hoc
1670 2231 1736 2262 est,
1770 2225 1883 2255 not-itia
1906 2225 1968 2255 Dei
1991 2230 2024 2255 et
2047 2224 2222 2255 similitudo

1255 2267 1413 2308 quaedam
1437 2268 1552 2297 mentis
1576 2268 1714 2305 divinae,
1737 2268 1768 2297 id
1793 2273 1853 2304 est,
1876 2267 2050 2298 discrimen
2068 2266 2223 2297 honesto-

1254 2320 1324 2340 rum
1349 2316 1379 2339 et
1403 2310 1562 2349 turpium,
1595 2315 1627 2339 et
1662 2320 1736 2340 cum
1764 2309 1815 2340 his
1844 2310 1966 2339 notitiis
1998 2309 2223 2350 congruebant

1254 2353 1342 2382 vires
1375 2351 1525 2382 hominis.
1570 2351 1734 2383 Voluntas
1763 2357 1833 2382 erat
1861 2361 2021 2382 conversa
2051 2351 2092 2382 ad
2114 2350 2222 2382 Deum

1273 2487 1299 2517 1)
1319 2488 1384 2516 Virg.
1405 2488 1496 2517 Georg.
1515 2487 1532 2515 Ι,
1552 2488 1608 2512 514.

1271 2521 1299 2550 2)
1318 2521 1389 2552 ergo]
1411 2521 1452 2546 Ed.
1474 2522 1494 2545 1.
1515 2523 1564 2551 typ.
1583 2527 1684 2545 errore:
1703 2526 1763 2550 erga
