2358 2933
89 127 152 159 669

88 221 166 250 {deo
189 219 263 249 addi
286 218 371 249 hane
394 215 647 248 declarationem
671 225 811 246 11888558
844 221 910 245 est:
945 214 1069 245 lustitia

92 260 261 303 originalis
303 260 361 290 fuit
401 260 585 299 acceptatio
622 258 754 289 humani
790 258 921 299 generis
958 267 1068 287 coram

92 305 175 343 Deo,
199 309 230 334 et
251 304 283 333 in
306 303 379 343 ipsa
402 308 517 332 natura
539 301 706 332 hominum
727 299 784 330 lux
807 300 838 330 in
861 304 980 336 mente,
1004 309 1069 339 qua

93 347 224 377 tirmiter
257 345 410 375 assentiri
443 345 545 374 verbo
570 343 632 374 Dei
661 347 804 382 poterat,
838 347 870 372 et
894 342 1068 371 conversio

91 388 267 419 voluntatis
292 387 333 417 ad
346 386 466 424 Deum,
490 392 523 417 et
547 385 731 417 obedientia
750 384 858 415 cordis
880 394 1068 424 congruens

92 441 164 462 cum
186 430 304 461 iudicio
327 429 428 470 Legis
452 429 526 467 Dei,
549 438 633 469 quae
656 428 755 457 menti
776 427 872 456 insita
898 432 976 456 erat.

177 472 267 503 Haec
302 472 408 502 omnia
443 471 646 511 complexam
676 479 753 499 esse
788 469 942 499 iustitiam
971 468 1069 509 origi-

91 517 152 553 nis,
175 514 312 557 intelligi
341 519 450 554 potest
479 524 519 544 ex
547 513 611 543 hoc
636 513 739 543 dicto:
787 511 893 541 Homo
918 511 1069 541 conditus

92 564 144 588 est
173 558 215 587 ad
237 558 410 597 imaginem
435 562 465 586 et
484 554 726 585 similitudinem
749 553 827 591 Dei,
862 554 949 594 quod
972 555 1070 584 inter—

92 606 239 641 pretatur
251 598 386 635 Paulus,
410 609 448 629 ac
473 599 582 634 docet,
605 597 778 637 imaginem
796 596 859 626 Dei
883 606 960 626 esse
983 606 1070 625 men-

91 650 155 673 tem
184 646 418 683 agnoscentem
441 640 547 670 Deum
576 645 607 670 et
630 639 832 670 voluntatem
854 637 1001 672 liberam,
1025 639 1070 668 iu-

92 690 175 715 stam
205 691 237 715 et
267 689 501 725 congruentem
535 693 608 712 cum
639 681 731 723 Lege
760 681 841 718 Dei,
876 682 962 711 sicut
986 679 1069 721 Eph.

91 728 121 757 4.
152 729 215 764 [VS.
244 727 309 764 ‘244
337 726 468 756 dicitur:
515 724 675 755 Conditus
706 724 803 754 homo
831 724 863 754 in
892 724 1012 754 iustitia
1041 728 1072 752 et

91 769 267 800 sanctitate
300 778 390 799 vera.
436 767 558 798 Veram
592 767 803 797 sanctitatem
837 772 933 796 vocat
957 775 1071 796 001085

91 812 246 848 virtutes,
291 821 370 841 vero
407 811 507 840 corde
541 809 663 840 relatas
698 809 739 839 ad
773 808 861 839 hunc
890 808 1004 845 finem,
1037 813 1071 838 ut

92 853 165 884 Deo
202 854 387 884 obedientia
414 858 657 893 praestaretur,
690 858 725 882 ut
757 851 848 882 Deus
883 850 1073 892 diligeretur

94 902 125 927 et
159 896 394 927 celebraretur.
451 895 631 936 Postquam
654 895 753 935 igitur
777 895 988 925 constitutum
1011 898 1073 930 est,

93 939 171 980 quid
193 939 356 980 significet
378 938 500 968 iustitia
524 936 705 978 originalis,
728 937 844 967 deinde
867 937 1073 976 oppositam)

94 982 235 1022 privatio
258 987 425 1022 uteunque
449 979 608 1011 declarari
632 985 753 1020 potest.

179 1023 355 1054 Peccatum
379 1024 516 1064 originis
540 1028 589 1053 est
614 1022 908 1052 carentiaiustitiae
932 1021 1074 1062 origina-

94 1066 147 1103 115,
170 1066 203 1096 id
226 1071 289 1104 est,
314 1072 364 1096 est
387 1067 419 1096 in
443 1066 528 1096 natis
553 1075 594 1095 ex
618 1063 702 1095 virili
725 1065 849 1094 semine
873 1064 1007 1094 amissio
1026 1063 1074 1093 lu-

94 1109 142 1139 815
166 1108 198 1138 10
221 1114 330 1139 mente
350 1114 381 1138 et
403 1109 535 1139 aversio
560 1107 740 1138 voluntatis
764 1117 783 1136 a
806 1106 879 1136 Deo
904 1112 936 1136 et
961 1111 1074 1136 contu-

94 1151 200 1181 macia
233 1152 360 1188 cordis,
393 1161 435 1181 ne
468 1152 596 1191 possint
631 1160 709 1180 vere
737 1149 872 1179 obedire
897 1148 977 1189 Legi
1002 1148 1074 1184 liei,

95 1199 210 1224 secuta
243 1192 372 1234 lapsum
397 1193 506 1229 Adae,
540 1198 676 1233 propter
711 1192 1075 1232 quam*corruptionem

96 1236 161 1266 nati
192 1242 268 1266 sunt
291 1237 337 1266 rei
360 1242 390 1266 et
416 1234 471 1266 filii
495 1237 580 1271 irae,
615 1235 647 1264 id
677 1240 743 1270 est,
779 1234 921 1263 damnati
945 1244 965 1263 a
988 1233 1075 1270 Deo,

96 1279 157 1308 nisi
181 1277 277 1308 fuerit
300 1277 387 1308 faeta
413 1279 574 1308 remissio.
621 1277 654 1307 Si
679 1278 751 1317 quis
772 1275 839 1306 vult
864 1276 996 1313 addere,
1020 1286 1076 1305 na-

95 1326 147 1350 tos
171 1321 268 1351 etiam
290 1326 426 1361 propter
449 1319 578 1360 lapsum
602 1319 696 1351 Adae
719 1329 795 1349 reos
821 1329 907 1355 csse,
931 1329 995 1349 non
1021 1319 1076 1348 1111-

96 1363 202 1402 pedio.
248 1362 377 1393 Revera
406 1368 513 1394 autem
537 1367 693 1403 perpetua
718 1361 891 1392 Ecclesiae
914 1362 1077 1391 sententia

96 1411 158 1441 est,
182 1404 431 1445 Prophetarum,
453 1403 689 1445 Apostolorum
714 1411 743 1435 81
769 1405 966 1445 scriptorum
990 1410 1077 1434 vete-

99 1458 179 1478 mm.
227 1447 402 1478 Peccatum
437 1448 574 1489 originis
605 1458 669 1478 non
695 1453 819 1477 tantum
843 1457 918 1477 esse
942 1448 1077 1487 imputa-

97 1490 234 1526 tionem,
269 1491 327 1520 sed
363 1491 393 1520 in
427 1491 497 1531 ipsa
521 1489 686 1520 hominum
710 1496 827 1520 natura
852 1489 1024 1531 caliginem
1048 1495 1076 1519 et

98 1533 309 1572 pravitatem,
338 1538 372 1563 ut
402 1533 478 1563 dixi.
525 1533 625 1573 idque
654 1533 822 1572 copiosius
847 1531 1022 1562 declarabo
1047 1534 1078 1563 in

98 1575 303 1612 testimoniis,
328 1581 357 1605 et
383 1581 567 1617 congruent
586 1575 773 1616 Augustini,
798 1575 946 1616 Hugonis
971 1575 1078 1605 81130-

100 1623 300 1648 naventurae
329 1618 413 1648 dicta
443 1618 484 1648 ad
514 1617 600 1647 hanc
630 1619 840 1654 sententiam,
875 1619 1002 1648 etiamsi
1026 1617 1079 1648 alii

99 1660 300 1690 recentiores
330 1661 435 1701 magis
464 1659 593 1701 profani
623 1659 771 1691 nonnihil
802 1661 1028 1691 discesserunt
1061 1671 1081 1690 a

99 1703 202 1732 veteri
222 1703 396 1739 sententia,
420 1709 450 1733 et
470 1702 713 1733 inextricabiles
734 1702 959 1734 cavillationes
979 1703 1080 1733 finxe-

102 1751 184 1775 runt.
229 1745 296 1776 Sed
320 1745 415 1786 Hugo
448 1744 620 1786 praeclare
654 1746 748 1783 dicit,
774 1745 948 1777 Peccatum
984 1747 1081 1787 origi-

100 1789 156 1859 nisl
180 1797 256 1818 esse
287 1788 506 1828 ignorantiam
538 1789 568 1819 111
593 1794 700 1819 mente
724 1794 754 1819 et
775 1790 1026 1819 inobedientiam
1051 1791 1081 1819 111

102 1840 143 1860 vo
159 1835 279 1860 untate.

453 1969 722 2000 Testimonia.

174 2088 353 2129 Postquam
376 2089 495 2120 tradita
517 2094 567 2119 est
592 2089 746 2127 definitio,
770 2089 956 2120 testimonia
985 2090 1084 2120 adda-

102 2141 174 2162 mus
185 2154 192 2168 ,
209 2141 293 2172 quae
302 2130 477 2169 affirmant,
496 2142 609 2162 omnes
624 2132 773 2163 homines
789 2138 967 2163 nascentes
984 2143 1023 2163 ex
1038 2133 1085 2163 vi-

104 2173 153 2205 rili
176 2175 300 2204 semine
323 2173 439 2204 afferre
463 2184 575 2205 secum
598 2180 780 2215 peccatum,
804 2180 839 2205 ut
861 2176 966 2206 sciant
981 2175 1085 2216 pii,⁴⁶)

103 2216 190 2247 hanc
220 2217 403 2247 doctrinam
434 2227 499 2246 non
530 2227 570 2247 ex
601 2217 877 2257 disputationibus
907 2220 1086 2250 recentium

104 2260 301 2299 scriptorum
332 2265 441 2290 natam
469 2270 560 2294 esse,
595 2260 654 2290 sed
684 2271 764 2291 vere
792 2261 944 2292 traditam
972 2272 992 2292 a
1015 2262 1086 2301 Spi-

106 2303 167 2333 ritu
192 2307 308 2333 sancto
334 2313 392 2343 per
415 2302 600 2342 Prophetas
625 2308 656 2332 et
680 2302 873 2343 Apostolos,

192 2345 317 2386 Estque
351 2346 503 2386 proprius
537 2344 632 2375 locus
667 2344 762 2376 huius
797 2346 967 2377 doctrinae
996 2347 1027 2376 in
1057 2347 1087 2376 5.

107 2484 152 2513 45)
172 2483 298 2514 opposita]
322 2484 393 2514 corp.
413 2485 434 2508 2.
455 2484 478 2507 4.
500 2484 614 2514 opposite
1112 2501 1113 2520 ἢ

108 2535 153 2564 46)
173 2535 215 2594 igi,
236 2535 318 2593 azzexi
333 2535 368 2560 ab
387 2535 458 2560 Editt.
482 2536 518 2560 18.
540 2535 580 2559 20.
601 2537 641 2559 ⁴22.
662 2536 702 2560 14.
724 2536 764 2559 25.
784 2536 987 2566 28—:3474701-9.
1008 2537 1090 2562 1-2„
1111 2529 1115 2574 ς

198 2575 238 2599 pp.
278 2586 282 2590 .
304 2574 327 2592 ·.

559 123 580 154 1.
604 122 705 154 LOCl
728 120 1003 153 THEOLOGlCi:
1026 121 1068 152 D.
1091 120 1252 153 TERTlA
1274 120 1430 152 EORUM
1454 119 1610 152 AETAS.

1109 2344 1221 2399 intus,
1256 2357 1321 2378 non
1356 2349 1557 2379 accersimus
1592 2347 1753 2388 exemplo.

2025 119 2088 149 670

1112 225 1184 255 cap.
1217 217 1278 252 [vs.
1305 215 1369 253 12]
1394 215 1436 245 ad
1459 214 1645 245 Romanos:
1690 212 1796 244 Unius
1826 211 1945 244 delicto
1975 222 2089 243 omnes

1111 257 1227 288 mortui
1251 263 1338 295 sunt,
1362 267 1442 298 ergo
1463 257 1517 287 alii
1537 262 1613 287 sunt
1631 257 1678 287 rei
1696 262 1831 296 propter
1843 255 1937 286 Adae
1949 254 2089 295 lapsum.

1111 299 1152 330 Et
1183 309 1223 330 ne
1252 299 1454 341 intelligatur
1489 305 1617 331 ceteros
1654 309 1731 329 reos
1768 303 1892 329 tantum
1921 307 1997 328 esse
2021 297 2091 328 sine

1112 341 1222 383 aliqua
1244 344 1481 384 propagatione
1505 342 1743 381 corruptionis,
1767 342 1872 371 addit:
1903 340 1996 371 Mors
2019 349 2091 380 per—

1111 385 1199 415 vasit
1217 385 1249 414 in
1270 395 1400 423 omnes,
1428 385 1504 426 quia
1527 394 1641 414 0111085
1661 389 1895 424 peccaverunt.
1929 383 2093 414 Hebraica

1112 426 1244 466 phrasis
1267 433 1331 464 est,
1345 426 1584 463 peccaverunt,
1608 427 1639 457 id
1664 431 1725 466 est,
1749 426 1794 456 rei
1818 432 1894 457 sunt
1918 432 1948 456 et
1971 425 2091 455 habent

1111 476 1300 509 peccatum,
1334 480 1403 500 rem
1436 469 1554 500 malam
1589 475 1620 499 et
1655 469 1850 499 damnatam.
1900 468 1934 499 Si
1969 473 2093 498 tantum

1112 511 1253 542 actualia
1276 509 1394 542 delict‘a
1419 517 1530 542 essent
1548 517 1696 551 peccata,
1720 512 1946 552 unusquisque
1971 515 2095 541 tantum

1112 564 1188 584 reus
1219 560 1309 585 esset
1338 554 1389 585 sui
1419 553 1506 585 facti.
1552 554 1648 584 Ntmc
1678 564 1752 584 cum
1781 553 1869 584 clare
1893 554 1998 590 dicat,
2032 562 2094 583 005

1114 607 1189 627 1805
1225 607 1300 627 8558
1333 603 1468 637 propter
1498 596 1592 627 Adae
1626 595 1799 634 delictum,
1834 602 1974 626 testatur
2009 593 2094 626 aliud

1114 639 1278 680 quoddam
1306 640 1337 669 in
1368 645 1485 670 natura
1509 644 1682 679 peccatum
1707 649 1782 669 esse
1805 644 1936 680 praeter
1955 637 2094 669 actualia

1114 680 1245 711 delicta.
1290 681 1332 712 Et
1355 691 1396 712 ne
1420 683 1451 712 id
1475 688 1646 722 peccatum
1671 680 1872 723 intelligatur
1894 687 2018 711 tantum
2042 682 2097 711 im-

1114 725 1238 764 putatio
1267 734 1326 755 seu
1356 730 1486 762 reatus,
1509 725 1686 755 verborum
1717 725 1864 764 pondera
1889 723 2095 754 observanda

1115 773 1201 797 sunt.
1249 766 1372 797 Omnes
1395 773 1632 807 peccaverunt,
1656 767 1687 797 id
1712 773 1773 805 est,
1796 768 1828 797 in
1848 776 1962 798 omnes
1981 776 2098 807 propa-

1116 817 1227 851 gatum
1251 815 1302 839 est
1325 809 1457 847 malum,
1482 810 1570 851 quod
1594 815 1644 841 est
1666 816 1848 851 peccatum.

1203 852 1297 882 Item:
1332 851 1509 883 Peccatum
1538 853 1706 893 regnavit,
1741 853 1833 883 Mors
1865 855 2032 894 regnavit,
2065 855 2097 885 id

1117 900 1185 931 est,
1209 894 1357 925 homines
1383 896 1533 936 oppressi
1556 900 1633 926 sunt
1656 896 1704 926 ira
1727 895 1805 933 Dei,
1833 902 1909 926 sunt
1932 897 2003 927 sine
2025 895 2099 927 luce

1118 938 1223 968 divina
1260 943 1291 968 et
1325 944 1422 969 ruunt
1456 939 1487 968 in
1521 937 1697 969 horribiles
1721 938 1851 969 furores
1877 945 1907 969 et
1932 945 2100 970 aeternum

1118 981 1260 1010 exitium.
1308 980 1401 1011 Sicut
1424 980 1517 1011 Rom.
1553 981 1583 1013 3.
1616 984 1678 1018 [VS.
1702 981 1768 1019 2:34
1794 982 1928 1012 dicitur:
1975 981 2100 1012 Omnes

1118 1028 1232 1052 carent
1263 1021 1367 1063 gloria
1390 1023 1470 1061 Dei,
1500 1024 1533 1054 id
1561 1030 1630 1061 851,
1665 1034 1703 1055 ea
1735 1023 1857 1066 gloria,
1888 1035 1985 1065 quam
2008 1024 2100 1055 Deus

1118 1065 1236 1095 iudicat
1261 1075 1335 1095 esse
1356 1064 1494 1107 gloriam
1518 1072 1550 1097 et
1573 1077 1637 1107 qua
1660 1066 1813 1098 vivificat.

1205 1107 1271 1137 Sed
1294 1107 1395 1138 multo
1420 1108 1542 1139 clarius
1566 1119 1605 1139 ex
1625 1110 1765 1150 septimo
1790 1116 1821 1140 et
1845 1116 1963 1140 octavo
1988 1109 2101 1150 Capite

1118 1151 1159 1180 ad
1183 1150 1351 1180 Romanos
1377 1151 1552 1188 discimus,
1582 1151 1761 1182 Peccatum
1784 1153 1922 1194 originis
1946 1163 2011 1183 non
2035 1159 2102 1182 tan-

1119 1199 1187 1223 tum
1211 1202 1286 1223 esse
1311 1194 1555 1232 imputationem
1575 1205 1634 1224 seu
1654 1195 1857 1232 servitutem,
1877 1206 1941 1235 qua
1959 1195 2001 1225 ad
2020 1205 2103 1225 mor-

1119 1241 1183 1265 tem
1212 1234 1350 1276 obligati
1380 1245 1510 1274 sumus,
1546 1237 1606 1267 sed
1636 1238 1732 1267 ctiam
1755 1238 1786 1268 in
1810 1238 1883 1278 ipsa
1906 1243 2023 1267 natura
2045 1236 2104 1266 ho·

1118 1278 1214 1307 minis
1238 1285 1456 1319 propagatum
1480 1278 1612 1310 malum.
1636 1278 1731 1310 Rom.
1756 1280 1786 1310 7.
1812 1284 1874 1317 [vs.
1899 1280 1964 1318 23st
1998 1279 2104 1309 Video

1120 1319 1216 1350 aliam
1250 1319 1359 1362 legem
1394 1322 1425 1351 in
1461 1323 1614 1352 membris
1650 1324 1730 1353 meis
1766 1328 2005 1364 repugnantem
2038 1321 2104 1364 legi

1120 1364 1236 1393 mentis
1261 1374 1364 1394 meac.
1399 1363 1506 1394 Vocat
1531 1366 1615 1395 8111111
1639 1363 1748 1407 legem
1773 1367 1991 1396 membrorum
2016 1366 2105 1407 quid-

1121 1405 1194 1436 dam
1225 1407 1257 1436 111
1287 1407 1382 1436 nobis
1407 1417 1597 1448 repugnans
1621 1408 1703 1449 Legi
1727 1408 1808 1445 Dei,
1842 1408 1996 1440 videlicet
2019 1407 2106 1439 defe-

1121 1453 1195 1479 ctus
1221 1455 1254 1478 et,
1278 1459 1400 1489 pravas
1425 1449 1666 1481 inclinationes.

1208 1490 1356 1522 EtRom.
1380 1492 1410 1523 S.
1437 1495 1497 1529 [vs.
1512 1494 1555 1532 7.]
1581 1493 1710 1524 Sensus
1735 1495 1844 1525 carnis
1868 1496 2032 1527 inimicitia
2057 1504 2106 1527 est

1122 1535 1283 1565 adversus
1308 1534 1427 1565 Deum.
1452 1535 1535 1566 Nam
1559 1536 1642 1578 Legi
1665 1536 1727 1567 Dei
1752 1548 1816 1568 non
1840 1539 2022 1576 subiicitur,
2046 1549 2106 1569 nec

1123 1577 1240 1608 subiici
1264 1582 1384 1616 potest.
1426 1578 1516 1609 ilaec
1540 1584 1590 1609 est
1613 1580 1716 1609 tristis
1741 1586 1771 1610 et
1795 1579 1961 1611 horribilis
1986 1582 2107 1612 descri-

1123 1621 1190 1660 ptio
1218 1620 1349 1661 generis
1379 1620 1522 1651 humani.
1567 1622 1651 1652 Nam
1680 1624 1783 1653 verba
1806 1622 1896 1653 clare
1920 1625 2107 1660 ostendunt,

1124 1673 1189 1693 1100
1225 1663 1287 1693 dici
1323 1663 1363 1693 de
1397 1663 1519 1695 actuali
1552 1663 1640 1696 malo
1675 1671 1819 1703 tantum,
1849 1667 1909 1697 sed
1944 1667 2039 1697 etiam
2068 1668 2108 1697 de

1124 1703 1265 1738 malou)
1290 1704 1447 1736 haerente
1471 1707 1501 1737 in
1525 1708 1599 1748 ipsa
1622 1715 1749 1746 natura,
1774 1709 1863 1749 quod
1888 1715 1982 1739 vocat
2006 1709 2108 1739 inimi-

1125 1749 1232 1778 citiam
1257 1749 1420 1779 adversus
1445 1749 1564 1780 Deum.
1610 1750 1697 1785 Quid
1731 1751 1878 1782 atrocius
1903 1752 1966 1782 dici
1989 1758 2108 1792 potest,

1125 1801 1221 1831 quam
1241 1797 1389 1821 naturam
1407 1791 1547 1823 1101011115
1567 1793 1729 1824 inimicam
1750 1803 1826 1824 esse
1845 1793 1940 1825 Deo?
1963 1793 2028 1825 hoc
2048 1799 2109 1830 est,

1127 1832 1337 1864 circmnfcrre
1367 1844 1479 1865 secum
1510 1836 1645 1866 assidue
1677 1835 1849 1877 caliginem
1879 1843 1910 1867 et
1939 1836 2110 1867 dubitatio-

1125 1886 1186 1907 nes
1210 1877 1250 1906 de
1274 1875 1365 1913 Deo,
1389 1879 1601 1909 securitatem
1624 1877 1847 1920 negligentem
1871 1879 1996 1917 Deum,
2028 1877 2110 1909 diffi-

1127 1919 1268 1949 dentiam
1291 1917 1485 1961 fugitantem
1510 1920 1628 1959 Deum,
1652 1927 1684 1952 et
1706 1920 1919 1961 multiplicem
1943 1928 2110 1955 8001101111-

1128 1963 1221 1992 ciam.
1267 1961 1358 1992 Haec
1389 1973 1512 1994 arcana
1534 1962 1622 1994 mala
1645 1975 1711 1995 11011
1733 1964 1921 2006 intelligunt
1945 1967 2053 1997 securi
2079 1974 2107 1997 et

1127 2003 1270 2046 profani,
1305 2006 1365 2035 5811
1392 2005 1545 2037 Ecclesia
1578 2008 1609 2037 in
1645 2008 1840 2038 contritione
1869 2007 1978 2048 aliquo
2013 2011 2111 2040 modo

1129 2058 1168 2078 ea
1193 2048 1379 2088 cognoscit.

1215 2089 1298 2131 Eph.
1321 2091 1352 2121 9..
1374 2094 1437 2129 [vs.
1462 2091 1504 2130 3,]
1530 2092 1668 2123 Eramus
1693 2099 1808 2124 natura
1832 2092 1887 2123 11111
1911 2094 1995 2131 irae,
2027 2096 2110 2126 sicut

1130 2140 1158 2163 et
1193 2133 1303 2163 ceteri.
1359 2133 1522 2165 Hebraica
1553 2134 1684 2174 phrasis
1709 2142 1772 2171 851,
1796 2134 1869 2166 Filii
1890 2137 1971 2173 irae,
1996 2138 2025 2167 id
2051 2144 2112 2171 est,

1130 2177 1175 2206 rei
1200 2186 1259 2206 5811
1283 2177 1435 2207 damnati.
1481 2177 1634 2208 Affirmat
1664 2188 1745 2219 ergo
1775 2183 1806 2208 et
1827 2185 1982 2219 posteros
2007 2179 2112 2210 Abra·

1108 2247 1110 2257 ,
1130 2218 1194 2249 hae
1218 2224 1248 2249 et
1273 2225 1404 2249 ceteros
1428 2219 1577 2250 homines
1602 2221 1776 2251 damnatos
1800 2231 1876 2252 esse
1901 2232 1967 2252 non
1990 2227 2112 2253 tantum

1130 2268 1266 2302 propter
1288 2260 1432 2292 actualia
1455 2261 1593 2300 delicta,
1617 2263 1676 2293 sed
1700 2264 1798 2294 etiam
1821 2270 1954 2305 propter
1978 2270 2113 2296 naturae

1132 2304 1262 2341 malum,
1286 2305 1374 2345 quod
1397 2315 1437 2335 ex
1461 2306 1532 2346 ipsa
1556 2307 1793 2347 propagatione
1817 2307 1991 2338 nobiscum
2009 2307 2113 2338 afferi-

1799 2348 1840 2380 Et
1864 2348 1961 2391 quale
1983 2350 2026 2380 sit
2049 2349 2114 2380 hoc

1132 2397 1270 2421 naturae
1306 2389 1442 2427 malum,
1478 2389 1649 2422 declarant
1676 2392 1876 2429 sententiae,
1911 2402 1993 2432 quas
2018 2393 2112 2423 citavi

1110 2430 1113 2480 *l
1133 2444 1174 2463 ex
1198 2433 1336 2473 septimo
1356 2440 1386 2463 et
1412 2439 1532 2464 octavo
1554 2434 1672 2473 capite.

1135 2571 1180 2597 47)
1200 2571 1275 2594 etiam
1297 2570 1327 2594 de
1348 2571 1426 2600 malo]
1447 2571 1517 2596 Editt.
1538 2573 1558 2596 2.
1579 2573 1601 2595 4.
1624 2574 1644 2596 fl.
1666 2573 1687 2595 7.
1708 2573 1730 2595 9.
1756 2573 1790 2596 12.
1810 2573 1885 2596 etiam
1906 2573 1973 2596 malo
