2358 2933
244 140 306 170 535
872 139 980 169 PmL.
1005 138 1106 169 MEL.
1127 138 1311 171 SCRIPTA
1335 140 1608 173 DOGMATtCA.
2170 146 2233 179 536

244 232 328 262 nit-ie
352 229 479 271 publica
504 229 559 260 ulti
585 236 670 259 sunt.
717 228 854 259 Athenis
874 229 1103 271 Thrasybulus
1128 240 1218 261 recu-

1264 238 1294 262 et
1330 233 1535 264 dissimulare
1564 235 1696 265 iniurias
1729 236 1873 275 possint3
1903 241 1933 267 et
1963 236 2170 278 cogitandum
2197 238 2232 269 il—

245 281 358 313 perata
382 274 485 311 patria
506 273 608 301 sanxit
625 272 796 308 ἀμνηστίαν.
819 271 884 301 ltoc
897 278 959 302 est.
983 279 1015 302 ut
1031 271 1219 313 respublica
1263 273 1319 305 lud
1333 276 1394 315 ²²³):

245 322 360 354 pacina
375 322 460 343 esset
478 315 528 345 ¹⁷⁸.
555 314 730 343 constituit.
754 324 794 343 ne
818 314 959 343 victores
981 315 1070 344 cives
1094 320 1218 354 repete-

246 363 314 385 rent
340 366 398 385 sua
421 356 501 384 bona
521 366 539 384 a
556 355 651 384 xit-tis
672 355 809 384 civibus.
840 355 959 397 Magna
980 355 1060 386 haec
1079 363 1109 387 et
1130 355 1217 386 salu-

246 398 324 427 taris
344 399 382 429 Ι5)
407 395 449 425 illi
474 397 544 426 urbi
569 397 746 426 moderatio
770 395 838 426 suit.
870 397 910 427 At
937 396 1060 428 Marius
1085 399 1215 428 rediens

245 438 381 468 Romam
406 436 564 467 interfecit
590 448 703 468 omnes
735 439 898 478 principe-s
928 439 1080 470 diversae
1102 438 1216 469 fat-fio—

245 482 312 510 nis:
332 486 454 509 tantum
480 479 553 509 mali
575 481 655 518 parit
681 481 867 519 impotentia
886 482 993 511 animi.
1025 481 1115 519 Item,
1128 479 1215 512 multi

244 521 304 551 sibi
340 522 418 560 ipsis
460 528 596 551 mortem
639 523 858 552 consciscunt.
916 523 983 553 Sed
1022 524 1216 565 cogitemus,

244 570 399 604 (plantum
423 563 454 592 in
485 562 637 593 Ecclesia
667 563 800 603 periculi
825 565 883 601 sit,
914 575 986 595 cum
1010 566 1138 606 ingenia
1162 575 1216 595 ve-

244 605 404 635 liementia
430 606 551 635 irritata
575 616 592 635 a
618 606 809 636 doctoribus
828 606 1033 638 ulciscuntur
1055 609 1216 647 privatum

244 645 389 677 dolorem
423 646 551 685 publice
580 648 677 678 motis
709 649 887 689 tragoediis
912 655 1026 679 contra
1049 650 1215 679 doctores.

242 688 291 718 Ex
315 687 432 718 talibus
457 689 539 719 odiis
564 699 663 728 saepe
687 691 859 720 extiterunt
882 690 1052 721 haereses,
1093 690 1216 722 Neces-

243 731 331 760 saria
356 739 403 760 est
428 731 524 771 igitur
555 731 728 771 patientia,
759 733 894 771 primum
923 742 1034 762 coram
1058 733 1149 769 Deo,
1181 738 1215 762 ut

244 771 459 803 obedientiam
490 780 519 802 ct
556 772 651 802 iidem
682 774 897 804 retineamus:
933 775 1049 804 deinde
1083 780 1216 814 propter

243 812 506 853 tranquillitatem
537 813 711 845 Ecclesiae
736 822 775 844 ct.
791 815 1010 855 reipublicae:
1044 822 1213 855 postremo

241 863 375 896 propter
398 857 556 895 privatam
581 853 856 896 tranquillitatem.
904 857 979 887 ldeo
1004 860 1100 887 toties
1123 867 1215 897 prae-

243 898 315 937 cipit
352 898 493 936 Spiritus
528 904 663 927 sanctus
700 899 739 928 de
773 900 936 938 patientia.
997 899 1049 929 Ad
1081 898 1214 930 Coloss-

243 937 286 975 [3,
322 939 384 976 15.]
418 939 516 980 inquit
542 939 683 970 Paulus:
720 938 785 970 Pax
822 940 881 970 Dei
918 941 1077 982 gubemet
1113 941 1215 970 corda

243 987 369 1017 vestra,
409 980 478 1011 Pax
517 981 594 1011 Dei.
639 982 669 1010 id
710 987 774 1013 est.
816 983 982 1022 patientia,
1018 993 1101 1023 quae
1140 982 1213 1012 Deo

241 1025 349 1054 statuit
386 1024 601 1053 obediendum
641 1034 715 1053 csse
757 1031 785 1053 et
826 1031 974 1064 expectat
1010 1023 1159 1054 auxilium
1194 1034 1214 1054 a

243 1065 330 1095 Deo:
364 1066 501 1106 ideoque
536 1076 599 1095 non
630 1065 858 1103 tumultuatur,
894 1077 958 1097 non
988 1065 1118 1096 molitur
1145 1068 1212 1096 vin-

243 1108 380 1139 dictam.
410 1118 475 1137 non
500 1114 609 1137 movet.
633 1108 809 1138 seditiones
832 1116 885 1139 aut
909 1107 991 1139 bella
1018 1107 1123 1139 civilia
1149 1114 1211 1138 etc.

241 1151 338 1190 Apud
361 1149 492 1179 Esaiam
518 1149 673 1188 1:3⁴),15.].
719 1150 752 1179 ln
776 1150 906 1181 silentio
927 1158 956 1180 et
982 1160 1041 1190 spe
1065 1151 1123 1180 erit
1148 1149 1212 1179 sor-

242 1193 344 1223 titudo
368 1198 496 1229 vestra,
526 1192 556 1221 id
587 1197 656 1229 est,
683 1191 775 1222 Deus
800 1203 894 1232 opem
918 1191 979 1222 fert
1002 1192 1211 1232 patientibus,

266 1237 296 1266 ui
327 1237 367 1265 ab
396 1236 468 1275 ipso
497 1233 649 1264 auxilium
679 1241 867 1274 expectant,
895 1244 955 1264 nec
984 1235 1106 1264 omisso
1138 1233 1210 1263 Deo

243 1246 382 1308 premunt
405 1283 435 1307 et
459 1283 588 1307 movent
615 1275 740 1306 eoelum
766 1282 795 1306 et
811 1282 941 1314 terram,
966 1274 1156 1316 confugiunt
1170 1275 1212 1306 ad

243 1319 404 1360 prohibita
428 1317 558 1349 auxilia.
605 1319 692 1348 ldem
715 1318 808 1349 docet
833 1318 984 1348 psalmus
1006 1326 1029 1348 4.
1053 1324 1085 1355 ¹⁹)
1115 1325 1162 1355 [vs.
1178 1324 1212 1353 5.]

243 1362 419 1392 Irascimini
450 1367 481 1391 et
504 1359 603 1390 nolite
627 1370 777 1400 peccare.
818 1359 1089 1391 Assuefaciamus
1114 1361 1212 1401 igitur

244 1404 370 1435 animos
394 1409 423 1433 et
453 1402 617 1432 discamus
642 1401 782 1432 tolerare
806 1403 964 1439 adversa,
994 1409 1028 1433 ut
1059 1412 1211 1432 exercea-

244 1455 314 1476 mus
346 1445 561 1475 obedientiam
591 1450 621 1474 et
646 1444 756 1481 iidem,
786 1445 989 1484 maximeque
1019 1450 1085 1474 tum
1113 1444 1212 1484 repri-

243 1498 369 1518 mamus
393 1487 487 1516 animi
513 1493 636 1516 motus.
667 1496 738 1516 cum
762 1487 876 1516 iniuria
900 1486 1047 1516 lacessiti
1071 1486 1213 1515 incendi-

243 1540 314 1560 mur
344 1529 517 1568 cupiditate
546 1529 716 1557 vindictae.
767 1528 857 1558 Haec
887 1529 990 1558 virtus
1024 1529 1211 1557 necessaria

244 1578 293 1602 est
317 1573 347 1601 in
359 1569 509 1600 Ecclesia
535 1577 564 1599 et
589 1569 766 1610 republica.
789 1571 949 1609 privatum
974 1569 1120 1600 dolorem
1136 1580 1213 1599 con-

245 1614 368 1644 donare
398 1611 618 1653 tranquillitati
647 1611 813 1652 publicae,
848 1622 888 1642 ne
912 1612 943 1641 in
966 1611 1117 1641 Ecclesia
1150 1612 1214 1642 dis-

245 1656 376 1686 cordiae
400 1655 580 1685 excitentur
601 1661 736 1694 propter
756 1655 904 1694 privatas
928 1653 1120 1684 simultates.
1166 1653 1211 1683 lta

244 1698 449 1728 instituamus
480 1697 622 1733 animos,
650 1703 684 1726 ut
714 1697 833 1726 ducant
865 1696 968 1725 satius
1003 1705 1079 1725 esse
1107 1696 1214 1725 onmia

246 1739 403 1779 supplicia
427 1746 456 1768 et
481 1748 595 1768 omnes
619 1739 782 1768 cruciatus
804 1738 939 1777 perpeti,
964 1747 1059 1777 quam
1082 1742 1215 1777 propter

244 1783 402 1822 privatam
426 1781 572 1810 iniuriam
596 1781 787 1819 perturbare
810 1778 971 1819 publicam
1002 1778 1214 1819 tranquillita-

246 1830 320 1853 tem.
367 1822 433 1852 Sed
456 1822 538 1851 haec
560 1827 628 1852 tota
651 1820 859 1861 philosophia
881 1822 993 1861 ignota
1022 1827 1070 1851 est
1098 1821 1214 1861 princi-

245 1866 340 1904 pibus
365 1871 395 1893 et
420 1865 619 1901 doctoribus,
643 1864 694 1904 qui
717 1864 851 1903 privatis
876 1862 1045 1893 affectibus
1065 1862 1214 1902 publicas

247 1906 429 1936 discordias
454 1906 637 1936 incendunt,
684 1904 859 1935 Praeclare
881 1903 1041 1945 Ulysses,
1065 1906 1118 1945 qui
1142 1915 1215 1934 cum

245 1949 484 1983 admoneretur,
508 1958 549 1977 ne
572 1949 629 1977 iret
653 1947 684 1977 in
708 1949 832 1983 urbem,
855 1956 895 1976 ne
918 1947 960 1977 ibi
978 1952 1214 1986 percuteretm·‚

245 1990 346 2030 inquit
356 1992 417 2026 '²⁰):

309 2048 340 2077 οὗ
363 2049 418 2087 γάρ
441 2061 469 2078 τι
490 2051 621 2086 πληγέων
631 2048 676 2087 ¹²¹)
702 2047 907 2087 ἀδαήμων-92)
932 2046 994 2076 mide
1017 2047 1142 2086 βολάων.

334 2115 388 2145 Sic
412 2113 648 2145 assuefaciendi
674 2120 748 2143 sunt
771 2114 879 2150 animi,
905 2120 937 2143 ut
961 2114 1085 2154 perpeti
1099 2112 1214 2153 plagas

249 2259 293 2287 17)
313 2258 393 2287 esset]
411 2257 452 2282 Ed.
476 2259 512 2281 tl.
530 2258 622 2286 typoth.
643 2263 742 2281 errore:
761 2262 819 2290 esse

252 2308 294 2335 18)
314 2307 443 2336 salutaris]
462 2307 532 2331 Editt.
552 2309 573 2331 2.
593 2308 615 2331 6,
636 2308 727 2337 typoth.
747 2313 844 2331 errore:
864 2306 998 2330 salvatoris

252 2358 294 2385 19‘)
315 2358 337 2380 4.
357 2355 468 2379 addunt
487 2357 556 2380 Editt.
576 2357 597 2378 τ.
618 2358 640 2379 8.
670 2358 774 2381 11—14.
802 2360 825 2381 et
845 2357 905 2386 opp.

249 2407 294 2435 20)
315 2407 384 2431 Hom.
403 2406 489 2435 odyss¹
507 2407 573 2431 XVII.
593 2407 648 2431 283.

249 2457 295 2486 21)
316 2463 341 2478 τι
360 2454 491 2486 πληγέων]
513 2456 553 2480 Ed.
572 2457 599 2480 7.
620 2463 646 2478 u
664 2455 798 2485 πληεγῶν,
819 2456 907 2480 mu.
928 2462 953 2477 τι
973 2454 1087 2485 πληγῶν,
1107 2455 1179 2480 Editt.
1191 2456 1213 2479 8.

338 2491 454 2514 11—-13,
473 2492 497 2513 et
516 2490 588 2518 Oppst
606 2496 647 2511 τοι
664 2487 770 2519 πληγῶν

250 2540 296 2567 22)
316 2534 456 2570 α’δαήμων]
475 2539 517 2563 Ed.
538 2540 575 2563 11.
595 2541 620 2563 et
638 2539 709 2569 opu:
728 2534 854 2570 α’δαίμων

1306 340 1419 372 Perfer
1442 349 1472 372 et
1498 342 1641 379 obdura,
1664 342 1759 373 dolor
1780 342 1833 374 hic
1858 345 1912 374 tibi
1935 345 2079 384 proderit
2103 344 2190 376 olim.

1590 425 1650 455 DE
1672 425 1906 457 ORATlONE.

1347 483 1512 513 Orationis
1535 483 1701 514 vocabulo
1732 483 1831 526 vulgo
1854 486 1972 516 utimur
2001 492 2031 516 et
2054 496 2113 526 pro
2144 487 2232 517 invo-

1263 525 1392 555 catione
1416 532 1444 555 et
1470 536 1529 565 pro
1554 527 1731 567 gratiarum
1756 527 1894 557 actione.
1940 526 2022 562 Sunt
2041 528 2233 568 igitur‘duae

1262 567 1393 606 species
1418 568 1677 605 constituendae,
1703 567 1870 599 invocatio
1895 575 1926 599 et
1941 570 2118 610 gratiarum
2135 571 2232 601 actio.

1263 608 1428 639 invocatio
1452 615 1500 639 est
1526 615 1637 649 petere
1659 609 1781 650 aliquid
1804 621 1823 640 a
1835 610 1924 641 Deo:
1948 611 2132 641 Gratiarmn
2146 612 2232 643 actio

1263 656 1328 687 est,
1359 661 1417 690 pro
1448 650 1614 681 beneficiis
1642 662 1741 692 agere
1769 653 1892 693 gratias
1923 652 2013 682 Deo:
2047 662 2233 693 agnoscere

1262 692 1349 732 quod
1373 692 1526 722 divinitus
1551 694 1723 734 contigerit
1747 693 1900 724 auxilium
1924 700 1986 724 etc.
2011 693 2179 725 celebrare
2197 699 2234 725 ‘et

1260 734 1453 774 praedicare
1483 733 1589 764 Deum
1618 741 1765 766 autorem
1795 735 1954 766 beneficii.
2007 735 2074 766 Has
2104 737 2232 777 species

1261 785 1363 815 saepe
1393 776 1558 816 coniungit
1588 777 1767 815 scriptura:
1802 783 1836 808 ut
1863 776 1986 807 Psalm.
2007 777 2058 807 49.
2083 780 2146 815 [vs.
2167 778 2231 816 154

1260 817 1381 847 lux-oca
1407 827 1468 854 me,
1492 823 1523 847 et
1547 816 1781 847 honorificabis
1797 829 1848 849 me
1864 825 1925 849 etc.
1961 819 2038 849 Item
2052 818 2187 860 Philipp.
2201 820 2233 850 4.

1263 857 1380 895 [insuti-l
1407 858 1480 888 Non
1503 859 1573 889 sitis
1597 858 1727 896 soliciti,
1751 860 1808 890 sed
1832 861 1863 890 in
1887 862 1973 890 omni
1996 861 2184 900 precatione
2201 867 2233 892 et

1260 900 1414 940 petitione
1443 911 1516 930 cum
1545 898 1721 942 gratiarum
1750 902 1878 931 actione
1905 901 2231 942 postulationes-ve-

1261 948 1350 972 strae
1372 944 1579 972 innotescant
1603 943 1689 982 apud
1712 941 1826 973 Deum.
1857 943 2014 974 Dicamus
2036 949 2146 974 autem
2167 945 2231 984 pri-

1259 994 1345 1013 mum
1377 984 1417 1013 de
1448 984 1654 1014 invocatione
1683 993 1743 1014 seu
1769 985 1958 1024 precatione
1982 995 2042 1015 seu
2063 986 2228 1025 petitione.

1258 1024 1491 1065 praecipuam)
1515 1031 1569 1056 res·
1592 1029 1733 1067 quatuor
1752 1027 1785 1056 in
1807 1027 1996 1066 precatione
2013 1028 2232 1068 ‘requirendae

1258 1073 1351 1103 sunt,
1373 1067 1602 1108 praeceptvm,
1624 1068 1812 1108 promissio,
1836 1067 1930 1105 fides,
1954 1074 1985 1098 et
2007 1078 2061 1099 res
2079 1070 2231 1108 petenda.

1342 1107 1665 1140 Primumrintuenda
1687 1116 1763 1140 sunt
1790 1116 1982 1150 praecepta,
2016 1121 2099 1150 quae
2121 1111 2233 1141 iubent

1257 1151 1412 1181 invocare
1433 1150 1566 1191 Deum..
1592 1150 1772 1182 Discamus
1795 1152 1893 1192 igitur
1914 1153 2015 1188 initio,
2038 1162 2105 1182 non
2124 1151 2231 1183 solum

1258 1201 1333 1222 esse
1366 1198 1500 1232 peccata
1524 1193 1669 1229 caedem,
1693 1191 1798 1230 furta,
1833 1192 2008 1230 adulteria,
2044 1194 2108 1223 sed·
2134 1194 2231 1224 etiam

1256 1240 1427 1274 peccatum
1451 1244 1545 1271 esse,
1575 1245 1639 1264 non
1670 1235 1806 1265 reddere
1829 1235 1902 1265 Deo
1932 1234 2019 1265 hunc
2042 1234 2164 1266 cultum
2184 1236 2232 1266 in-

1258 1277 1450 1312 vocationis,
1474 1286 1539 1305 non
1562 1281 1691 1316 petere,
1714 1287 1780 1306 non
1804 1282 1978 1315 expectare
1994 1287 2019 1315 ‘a
2044 1276 2117 1307 Deo
2140 1277 2231 1307 auxi-

1256 1317 1333 1348 lium
1357 1319 1389 1347 in
1411 1317 1581 1357 periculis,
1610 1329 1675 1348 non
1705 1328 1806 1359 agere
1829 1319 1953 1358 gratias
1976 1328 2036 1357 pro
2062 1317 2230 1349 beneficiis

1258 1365 1319 1390 etc.
1365 1359 1578 1399 opponamus
1608 1360 1706 1400 igitur
1722 1365 1933 1400 praeceptum
1957 1365 1988 1389 et
2010 1359 2230 1390 incredulitati

1257 1407 1390 1431 nostrae
1414 1407 1443 1431 et
1467 1402 1665 1441 indignitati,
1690 1403 1766 1441 quia
1787 1400 1980 1431 naturaliter
2003 1401 2231 1432 dubitant'ho-

1258 1444 1375 1479 mines,
1406 1450 1512 1474 utrum
1542 1443 1615 1473 Deo
1641 1453 1740 1474 curae
1763 1444 1840 1479 sint,
1864 1449 1970 1474 utrum
1993 1453 2013 1472 a
2036 1442 2109 1473 Deo
2133 1448 2230 1474 exau-

1258 1485 1395 1515 diantur.
1443 1484 1518 1514 Ideo
1542 1485 1784 1523 desperabundi
1808 1486 1957 1514 omittunt
1979 1485 2231 1522 invocationem,

1259 1538 1332 1557 cum
1362 1528 1488 1556 animus
1519 1527 1642 1567 cogitat
1669 1536 1706 1556 se
1734 1526 1813 1556 nihil
1842 1526 2005 1566 proficere
2030 1527 2229 1557 invocando.

1258 1569 1348 1599 Sicut
1356 1567 1409 1599 ille
1419 1579 1435 1597 a
1441 1567 1681 1609 pudVirgilium
1688 1567 1741 1608 24ε’)
1747 1568 1848 1608 inquit
1857 1579 1864 1597 :
1878 1568 2074 1608 Famamque
2081 1566 2230 1598 fovemus

1258 1612 1397 1640 inanem.
1444 1610 1512 1640 Hae
1542 1611 1697 1640 tenebrae
1715 1611 1747 1640 in
1770 1611 1885 1640 animis
1909 1614 1941 1639 et
1963 1609 2016 1639 hic
2037 1615 2161 1649 ‘stupor
2183 1608 2230 1640 fa-

1261 1653 1314 1688 cit,
1338 1662 1379 1682 ne
1403 1651 1591 1692 confugiant
1614 1651 1764 1682 homines
1787 1653 1829 1681 ad
1851 1651 1967 1681 Deum.
2014 1651 2091 1682 Ideo
2110 1652 2230 1692 opponi

1260 1695 1357 1724 debet
1378 1700 1589 1734 praeceptum
1601 1693 1662 1724 Dei
1687 1700 1717 1724 et
1743 1693 1967 1734 cogitandum:
1990 1693 2079 1724 Ecce
2091 1702 2231 1724 necesse

1260 1741 1311 1766 est
1335 1737 1562 1775 obtemperare
1585 1742 1761 1776 praecepto
1785 1735 1865 1770 Dei:
1897 1735 1969 1774 Ipse
1996 1736 2092 1765 iussit
2118 1745 2155 1765 se
2183 1736 2230 1765 in-

1259 1778 1385 1814 vocari,
1410 1784 1441 1807 et
1463 1787 1528 1807 non
1552 1777 1674 1808 frustra
1696 1779 1808 1814 iussit,
1832 1777 1919 1807 haud
1943 1778 2039 1807 dubie
2062 1777 2151 1807 audit
2173 1777 2230 1808 ob—

1259 1825 1490 1859 temperantes,
1514 1825 1544 1849 et
1566 1830 1632 1849 non
1656 1821 1919 1859 obtemperantes
1943 1819 2067 1858 puniet,
2091 1828 2157 1849 non
2178 1824 2229 1848 est

1259 1862 1424 1901 praecepti
1458 1862 1618 1891 autoritas
1658 1861 1880 1892 detrectanda.
1935 1860 2063 1891 Deinde
2095 1870 2229 1900 praece-

1259 1909 1348 1943 ptum
1379 1904 1474 1933 etiam
1504 1903 1684 1944 indignitati
1719 1902 1946 1942 opponendum
1981 1907 2041 1932 est.
2092 1903 2229 1932 Animus

1258 1955 1323 1975 non
1347 1954 1483 1984 prorsus
1506 1946 1622 1984 impius
1644 1946 1688 1975 ita
1711 1945 1847 1985 cogitat:
1872 1943 1943 1973 Etsi
1961 1944 2108 1974 existimo
2124 1943 2227 1974 aDeo

1260 1987 1406 2016 exaudiri
1429 1985 1576 2027 aliquos,
1605 1993 1712 2016 tamen
1736 1996 1825 2016 meas
1849 1995 1966 2025 preces
1989 1996 2055 2016 non
2078 1986 2228 2025 accipiet,

1260 2029 1364 2058 sentio
1388 2038 1439 2058 me
1461 2028 1626 2069 indignum
1650 2038 1742 2065 esse,
1768 2028 1821 2067 qui
1845 2028 2009 2057 exaudiar.
2054 2027 2102 2057 lta
2123 2028 2229 2058 deter-

1259 2076 1307 2100 ret
1338 2070 1512 2110 indignitas
1542 2080 1559 2099 a
1588 2071 1766 2109 precando.
1819 2069 1885 2099 Sed
1922 2069 2151 2109 opponendum
2179 2075 2229 2099 est

1258 2117 1486 2152 praeceptum:
1519 2111 1612 2142 Deus
1642 2113 1775 2152 requirit
1804 2110 1887 2141 hunc
1911 2110 2031 2141 cultum
2059 2112 2101 2141 ab
2128 2111 2229 2142 omni-

1259 2155 1331 2184 bus.
1378 2153 1471 2187 Quae
1505 2159 1592 2184 esset
1628 2154 1768 2183 amentia
1803 2153 1834 2182 in
1870 2153 2011 2183 eaetem‘s
2040 2153 2228 2192 praeceptis

1260 2196 1440 2235 disputare:
1464 2205 1525 2226 nos
1548 2196 1621 2225 ideo
1634 2194 1723 2226 nolle
1742 2195 1916 2231 abstinere,
1933 2205 1953 2225 a
1964 2193 2071 2232 tun-tis,
2084 2205 2104 2225 a
2117 2195 2228 2232 caede,

1260 2238 1334 2276 quia
1357 2247 1422 2266 non
1445 2238 1546 2267 simus
1570 2238 1674 2278 digni,
1705 2239 1758 2277 qui
1777 2237 1850 2267 Deo
1874 2238 2147 2276 obtemperemus.
2191 2236 2225 2268 Si

1261 2280 1332 2319 quis
1361 2277 1594 2319 paterfamilias
1625 2280 1759 2319 imperet
1794 2289 1892 2309 servo
1920 2277 2105 2322 legitimumj
2130 2288 2226 2318 opus,

1259 2406 1304 2435 23)
1324 2406 1391 2430 Ovid.
1410 2407 1490 2429 Amor.
1509 2405 1546 2433 ΙΙΙ,
1568 2406 1604 2433 11,
1625 2406 1649 2429 7.

1258 2456 1303 2483 24)
1324 2455 1470 2485 Praecipue]
1489 2456 1525 2479 sic
1544 2455 1617 2479 Editt.
1637 2455 1710 2479 6—8.
1732 2455 1836 2479 11—14.
1855 2457 1880 2479 et
1899 2454 1973 2486 Opp.;
1991 2454 2064 2479 Editt.
2086 2455 2106 2478 1.
2124 2454 2147 2478 2.
2162 2434 2222 2478 4⁴⁹.

1326 2488 1477 2518 Praecipuae

1258 2538 1316 2567 24⁵)
1336 2538 1400 2566 Virg.
1421 2539 1480 2561 Aen.
1500 2537 1537 2566 iv,
1555 2538 1611 2561 218.
