2358 2933
266 149 324 181 135

301 629 340 654 50,
359 628 381 652 b.

340 1101 365 1119 10

341 1322 367 1341 15

307 1744 346 1768 51.
373 1750 393 1767 a.

288 1778 341 1806 (28.
372 1780 406 1803 a.)

345 2165 369 2182 10

344 2372 370 2395 1:³1

888 146 996 177 PHlL.
1022 144 1124 176 MEL.
1150 144 1332 178 SCRIPTA
1355 147 1627 180 DOGMATICA.

420 251 555 281 regnum
581 247 691 279 putant
718 238 879 277 Papi-stae.
917 238 1097 278 Principio.
1116 244 1151 268 nt
1169 249 1234 269 uno

420 282 510 313 fasce·
531 281 709 321 complecta
719 291 733 309 r
745 287 775 310 et
795 279 942 311 moralia.
967 287 997 311 ct
1019 281 1235 313 ceremonias.

420 335 484 354 non
505 324 577 353 lii-et
594 323 764 363 Episcopis
785 323 961 362 quidquam
974 323 1129 353 mandare
1141 333 1235 362 prae-

420 375 468 397 ter
492 376 528 395 ea
550 376 633 405 quae
654 365 770 394 divinis
791 363 893 394 literis
913 365 1040 404 prodita
1066 372 1151 395 sunt.
1176 364 1234 395 Mi-

419 410 456 437 >sit
491 409 572 436 enim
598 406 748 437 flu-istus
775 406 959 446 Apostolos
984 408 1123 439 docere.
1150 417 1234 447 quae

419 451 489 490 ipse
514 450 700 479 tradiderat.
746 448 902 479 Matthaei
922 448 1043 479 ultimo.
1071 450 1135 487 [28.
1154 450 1234 487 20.:]

419 492 588 522 Diu-entes
610 502 667 521 eos
688 501 823 521 servare
853 492 960 522 onmia
979 502 1063 532 quae
1083 491 1235 521 mandati

420 534 524 563 vobis.
572 533 698 563 Ademit
723 534 819 574 igitur
842 540 1039 573 potestatem
1067 544 1171 564 novas
1191 532 1234 562 le-

419 586 498 615 ges.
529 586 635 606 novos
663 577 742 605 ritus
768 577 939 606 condendi.
984 576 1058 606 Non
1078 576 1235 616 praecipit

420 618 572 648 flu-istus
605 617 797 658 Apostolis
828 619 965 655 docere,
1000 619 1060 648 nisi
1085 617 1235 657 Evange-

419 659 504 691 lium.
558 659 652 690 sude
677 661 773 700 igitur
801 662 983 700 probabunt
1011 660 1165 701 Episcopi
1185 661 1234 689 ius
1257 689 1259 694 ,

421 704 481 733 sibi
504 712 580 733 esse
601 703 760 732 comiendi
781 701 893 743 leges?
912 703 963 733 An
977 713 1016 733 ex
1031 703 1092 733 hac
1106 708 1235 733 senten-

422 746 477 782 tia,
505 756 576 774 cum
603 745 643 774 ait
666 744 757 782 [Luc.
781 746 830 779 10,
852 746 926 784 16.].
962 745 1023 779 Qui
1049 756 1110 775 vos
1136 745 1235 781 audit,

421 798 471 817 me
491 788 576 817 audit
586 787 600 817 ⁴?
619 788 660 816 At
682 788 713 817 in
733 788 858 817 decimo
880 798 950 826 cap.
966 786 1091 824 [Matth.
1110 786 1156 823 10,
1170 786 1235 824 41.]

418 829 611 869 prophetam
642 828 707 858 xnlt
740 830 868 859 nomine
899 829 1080 869 prophetae
1124 828 1236 868 recipi.

421 872 495 901 Non
516 870 581 901 vult
602 871 697 910 igitur
716 872 815 911 recipi
830 870 1160 911 pseudoprophetam,
1173 870 1238 899 hoc
1258 898 1259 903 ,

423 921 484 946 est.
504 923 576 943 eum
596 914 649 952 qni
669 912 808 943 humana
830 920 1027 951 commenta,
1046 913 1237 943 traditiones
1258 905 1260 926 ¹

423 955 588 986 hominum
607 956 715 985 docet.

465 1014 548 1045 Nam
584 1013 645 1044 hos
683 1014 844 1055 scriptura
881 1020 978 1044 vocat
1008 1004 1261 1044 smnniaioresst

424 1056 556 1091 Quaeso
581 1063 688 1086 autem
711 1067 772 1086 vos
793 1055 934 1087 Solones
955 1056 1117 1097 Papistae‚
1138 1066 1177 1085 ac
1197 1067 1239 1084 ro-

422 1111 461 1136 μο
485 1102 589 1129 Sirra.
626 1097 679 1128 vel
704 1097 865 1140 syllabam
889 1109 906 1129 e
928 1099 1099 1139 scripturis
1119 1098 1238 1137 produ-

424 1141 497 1177 cite,
517 1150 601 1181 quae
620 1141 715 1170 vobis
735 1141 961 1171 auctoritatem
974 1139 1082 1177 saciat,
1097 1140 1238 1169 conden-

423 1183 454 1213 di
473 1181 565 1223 leges
574 1183 588 1212 ‘3
607 1182 727 1212 Adimit
745 1190 852 1213 autem
870 1184 1033 1222 scriptura
1052 1180 1237 1212 facultatem

428 1224 589 1257 condendi
621 1223 725 1266 leges.
746 1235 818 1255 cum
841 1226 1009 1265 praecipit,
1028 1234 1070 1254 nc
1090 1224 1165 1264 quid
1184 1222 1237 1253 vel
1258 1235 1260 1267 g

424 1269 573 1304 addatur,
592 1266 645 1298 vel
665 1266 854 1297 detrahatur
872 1266 936 1307 legi
956 1267 1017 1297 dei.
1066 1266 1187 1296 Adimit
1206 1270 1238 1295 et
1258 1268 1260 1299 ξ

425 1309 559 1347 Paulus,
580 1320 651 1340 cum
668 1312 778 1340 'vocat
797 1310 929 1349 spiritus
949 1309 1132 1345 ministros,
1162 1307 1237 1347 Epi·
1259 1314 1260 1337 i

425 1363 547 1393 scopos
567 1353 642 1382 novi
662 1352 856 1382 testamenti.
881 1352 963 1382 Nam
982 1351 1127 1381 minister
1146 1350 1239 1390 spiri-

424 1403 475 1426 tus
507 1402 567 1432 est,
598 1395 651 1435 qni
685 1404 743 1434 per
772 1393 878 1435 legem
901 1394 953 1424 dei
979 1393 1119 1423 omnium
1139 1392 1241 1421 corda

425 1439 572 1468 damnat.
607 1443 639 1467 et
663 1435 854 1467 consolatur
879 1445 994 1466 rursus
1012 1445 1071 1475 per
1089 1434 1240 1474 Evange-

423 1480 511 1511 lium.
531 1478 649 1510 efficax
668 1480 781 1519 spiritu
800 1479 861 1510 dei.
881 1479 933 1508 Ad
954 1488 1024 1508 eam
1043 1476 1242 1507 functionem

425 1523 502 1563 quid
536 1532 659 1562 quaeso
691 1520 832 1552 fa‘ciunt
860 1521 1050 1551 traditiones
1076 1522 1241 1555 humanae,

425 1574 509 1606 quae
535 1566 575 1595 de
602 1564 744 1594 externis
764 1569 887 1594 tantum
911 1563 1066 1603 operibus
1088 1562 1240 1591 iudicant.

423 1607 566 1638 Damnat
586 1607 779 1637 traditiones
799 1606 961 1645 scriptura
981 1605 1125 1644 saepiuS‚
1145 1613 1242 1643 quam

425 1655 458 1679 ut
480 1650 657 1679 obscurum
676 1658 751 1679 esse
770 1648 896 1687 possit,
927 1648 1001 1688 quid
1032 1647 1072 1676 de
1097 1647 1143 1676 eis
1167 1655 1241 1675 sen-
1261 1652 1262 1660 ¹

426 1692 492 1721 tiat.
541 1691 721 1721 Hieremias
745 1690 861 1720 XXlIl.
882 1692 943 1727 [vs.
964 1688 1030 1726 28]
1050 1687 1164 1728 paleas
1182 1697 1239 1717 vo-

432 1740 494 1764 cat.
532 1733 617 1767 Quid
636 1731 738 1773 paleis
758 1733 799 1762 ad
819 1732 980 1762 triticum?
998 1732 1072 1761 item
1093 1730 1239 1760 'menda-

429 1776 522 1812 cium,
536 1776 610 1805 item
623 1775 758 1804 somnia.
789 1774 904 1804 Esaias
918 1774 1071 1804 vomitum
1084 1773 1240 1808 sordium,

426 1818 578 1854 scoriam,
597 1815 751 1847 Ezechiel
770 1815 1020 1852 fornicationeS,
1040 1824 1157 1845 carnes
1177 1814 1239 1844 asi-

425 1860 531 1896 ninas,
568 1859 794 1898 hippomanes.
831 1857 884 1888 alii
913 1857 1105 1898 prophetae,
1135 1855 1238 1886 aliter.

427 1901 548 1932 Paulus
581 1900 875 1941 blandiloquentias
899 1910 959 1929 seu
993 1900 1239 1938 χρησῑωλογίας.

427 1943 467 1973 Et
492 1949 525 1973 ut
549 1941 648 1973 multa
673 1943 833 1979 omittam,
862 1942 982 1972 indicat
1007 1939 1129 1970 Paulus
1154 1940 1241 1970 unde

425 1985 677 2026 proficiscantur
695 1985 884 2014 traditiones
903 1984 1063 2014 humanae
1081 1983 1113 2012 in
1132 1982 1241 2022 priore

429 2028 469 2058 ad
489 2027 691 2057 Timotheum
712 2027 754 2064 [4,
776 2026 834 2065 1.;]
860 2026 894 2056 In
913 2025 1099 2056 novissimis
1118 2031 1240 2064 tempo-

428 2070 518 2099 ribus
549 2070 717 2099 discedent
744 2069 871 2109 quidam
891 2079 909 2098 a
936 2068 998 2098 fide
1028 2064 1239 2098 attendentes¹

427 2112 593 2152 spiritibus
614 2112 734 2142 erroris
755 2118 783 2141 et
805 2111 959 2141 doctrinis
980 2110 1239 2147 daemoniorum„

429 2155 460 2184 in
486 2153 654 2195 hypocrisi
679 2153 878 2194 loquentium
895 2153 1108 2190 mendacium,
1121 2157 1152 2182 et
1165 2162 1239 2182 cau-

429 2196 575 2226 teriatam
595 2196 781 2226 habentium
800 2207 892 2226 suam
905 2196 1148 2232 conscientiam,
1164 2204 1238 2235 pro-

427 2237 604 2269 hibentium
628 2239 770 2269 nubere.
793 2239 959 2269 abstinere
982 2249 1001 2268 a
1035 2238 1131 2274 cibis,
1157 2247 1239 2278 quos

430 2280 510 2310 deus
532 2282 652 2311 creavit
673 2282 783 2320 etc-⁴7)
813 2280 919 2311 Viden
932 2281 1078 2321 spiritum
1091 2278 1240 2310 fallacem

429 2328 595 2352 auctorem
621 2333 697 2353 esse
724 2324 929 2353 traditionum
948 2324 988 2353 de
1008 2322 1180 2359 coelibatu,
1200 2323 1240 2352 de

428 2364 614 2395 discrimine
635 2366 798 2395 ci¹borum
817 2372 877 2395 etc.
905 2365 947 2395 At
967 2366 1043 2405 quid
1061 2363 1147 2395 aliud
1166 2370 1239 2394 sunt

428 2407 584 2449 pontificii
611 2417 764 2444 canones,
785 2409 845 2438 nisi
869 2408 1058 2438 traditiones
1083 2408 1123 2438 de
1143 2405 1240 2437 coeli-

1259 1032 1261 1046 *
1282 1027 1389 1052 autem
1419 1022 1458 1052 de
1477 1020 1634 1052 scandalo
1654 1027 1800 1062 post'ea.

291 2572 336 2601 47]
360 2571 416 2600 etet]
437 2578 491 2594 orn.
510 2570 551 2595 Ed.
573 2572 595 2594 7.

1282 241 1369 275 batn,
1394 241 1434 271 de
1455 241 1601 271 ciborum
1615 241 1811 279 discrimine,
1831 249 1861 273 et
1881 244 1922 274 de
1941 244 2099 276 similibus

1280 283 1386 323 nugis.
1406 282 1520 313 Matth.
1541 283 1612 313 XV.
1638 286 1698 320 [vs
1723 283 1778 322 9.].
1828 285 1963 317 Frustra
1990 286 2100 318 colunt

1280 335 1330 355 me
1349 325 1508 355 mandatis
1522 325 1697 362 hominum,
1718 335 1813 365 quem
1826 325 1935 358 locum
1947 339 1987 359 ex
1999 328 2099 360 Esaia

1280 367 1345 404 [29.
1369 367 1428 404 134
1449 368 1565 407 repetit
1588 367 1765 398 Christus-d

1323 434 1406 468 Quid
1437 434 1549 475 igitur.
1586 435 1750 475 quomodo
1782 436 1991 476 obstringunt
2021 448 2096 469 con-

1280 476 1432 506 scientias
1458 477 1647 507 traditiones
1672 477 1854 508 humanae?
1872 484 2012 517 peccant
2047 490 2100 519 ne,

1281 519 1334 558 qui
1365 517 1486 548 violant
1525 518 1688 549 hominum
1719 520 1991 551 constitutiones?
2034 521 2098 554 Re-

1280 561 1442 600 spondeo,
1461 560 1507 590 lta
1527 560 1680 591 serendas
1701 572 1777 591 esse
1790 562 1978 601 pontificum
1991 562 2097 605 legeS,

1281 608 1315 632 ut
1334 600 1468 632 serimus
1484 604 1527 635 4θ’)
1548 613 1776 644 ‹plancumque
1796 605 1954 642 iniuriam,
1973 611 2028 636 aut
2047 612 2095 648 ty·

1284 654 1342 674 ran
1358 645 1360 654 ¹
1375 645 1490 675 nidem.
1520 644 1609 675 luxta
1630 644 1706 676 illud
1727 646 1840 677 Matth.
1861 647 1901 677 V.
1923 648 1985 685 [vs.
2005 648 2094 689 4l.:].

1281 686 1343 720 Qui
1369 692 1400 716 te
1425 686 1572 727 adegerit
1597 688 1638 718 ad
1658 687 1744 718 mille
1763 700 1894 728 passus,
1915 690 1998 721 vade
2025 702 2097 723 cum

1281 727 1337 758 illo
1358 734 1387 758 et
1407 727 1471 758 alia
1490 729 1565 759 duo.
1603 730 1685 760 Sunt
1704 736 1811 761 autem
1830 738 1965 762 eatenus
1990 732 2097 764 feren-

1282 771 1358 807 dae,
1390 776 1548 810 quatenus
1579 782 1644 801 non
1670 771 1871 812 periclitattu·
1896 776 2097 807 conscientia

1282 822 1340 853 per
1370 822 1426 842 eas
1446 812 1563 843 Actum
1594 813 1635 843 V.
1656 816 1717 851 [vs.
1747 814 1840 854 ⁶29.sp
1856 816 1858 826 ¹
1873 816 2011 856 Oportet
2034 818 2097 848 deo

1281 854 1385 893 magis
1398 854 1532 883 obedire
1545 864 1641 893 quam
1652 854 1847 893 hominibus,
1866 864 1901 888 ut
1914 868 1986 889 cum
2000 859 2097 890 fidem

1283 897 1461 925 obscurant
1480 896 1682 933 traditiones,
1703 907 1775 927 cum
1787 900 1918 928 occasio
1932 907 2008 929 sunt
2020 911 2096 940 pec-

1258 957 1261 973 2,
1283 944 1374 974 cato,
1404 936 1577 968 violandae
1601 944 1695 975 sunt,
1725 948 1786 968 nec
1804 946 1920 979 peccat
1943 942 1997 981 qui
2017 942 2098 973 citra

1938 981 2096 1014 Dicemus

1856 1023 1967 1055 Habes
1987 1030 2096 1057 autem

1281 1074 1346 1094 non
1383 1064 1544 1094 obscuras
1580 1065 1759 1095 sententias
1788 1066 1981 1105 scripturae,
2011 1077 2096 1107 quae

1282 978 1474 1010 scandalum
1492 980 1610 1010 iudicio
1629 980 1762 1020 spiritus
1783 981 1892 1012 violat.

1260 1135 1261 1141 ,
1282 1107 1412 1143 docent,
1436 1116 1501 1135 non
1527 1106 1688 1147 obstringi
1713 1108 1931 1138 conscientias
1954 1109 2097 1139 traditio-

1281 1149 1375 1178 nibus
1405 1147 1571 1185 humanis,
1602 1148 1630 1178 1.
1661 1147 1807 1179 Corinth.
1838 1149 1890 1179 111.
1921 1152 1985 1187 [vs.
2011 1150 2096 1189 21.:]

1281 1190 1395 1220 Omnia
1414 1196 1525 1220 vestra
1542 1196 1629 1227 sunt,
1648 1191 1717 1221 sive
1736 1189 1870 1228 Paulus,
1879 1192 1949 1222 sive
1963 1191 2098 1232 Apollo,

1280 1233 1311 1263 id
1341 1238 1408 1269 est,
1427 1232 1497 1262 Nec
1515 1231 1654 1269 Paulus,
1684 1242 1745 1262 nec
1769 1231 1881 1272 Zepha
1909 1232 2010 1264 habet
2028 1241 2097 1265 au·-

1281 1275 1462 1305 ctoritatem
1501 1272 1666 1315 obligandi
1707 1275 1925 1305 conscientias
1967 1281 2098 1307 vestras

1282 1316 1323 1347 Et
1359 1315 1447 1346 clare
1489 1317 1521 1346 in
1557 1317 1670 1346 eadem
1707 1315 1856 1356 Epistola
1892 1317 1997 1357 capite
2025 1317 2096 1349 Vll.

1284 1361 1346 1396 [vs.
1366 1358 1447 1397 232]
1467 1358 1577 1388 Pretio
1598 1359 1694 1398 empti
1713 1359 1807 1393 estis,
1832 1357 1932 1388 nolite
1951 1358 2021 1389 fieri
2038 1359 2097 1391 ho—

1283 1401 1403 1431 minum
1428 1401 1533 1437 servi,
1560 1405 1593 1430 at
1619 1400 1698 1430 fiunt
1717 1399 1880 1431 homiuum
1899 1402 1997 1438 servi,
2017 1411 2096 1442 quo-

1284 1453 1354 1473 rum
1373 1443 1580 1473 conscientiis
1600 1441 1733 1472 libertas
1753 1452 1811 1482 per
1836 1443 2028 1474 traditiones
2047 1448 2098 1474 est

1286 1491 1408 1525 erepta.
1470 1485 1553 1515 Nam
1581 1490 1616 1514 ut
1645 1484 1848 1515 Christia¹na
1871 1483 2006 1516 libertas
2037 1491 2100 1526 est,

1287 1525 1508 1558 conscientiae
1526 1526 1673 1564 libertas,
1692 1527 1736 1558 ita
1750 1526 2009 1557 Christianorum
2028 1538 2097 1558 ser-

1285 1571 1386 1607 vitus,
1407 1575 1457 1600 est
1476 1569 1698 1599 conscientiae
1722 1570 1875 1599 servituS.
1920 1568 2100 1609 Apertissi-

1285 1622 1354 1642 mus
1380 1611 1474 1641 locus
1500 1617 1551 1640 est
1568 1611 1600 1640 in
1619 1609 1869 1641 Colossensium
1886 1610 2036 1651 Epistola
2054 1612 2099 1651 [2‚

1283 1654 1366 1693 20.]‚
1397 1653 1563 1693 Siquidem
1579 1662 1645 1683 una
1664 1662 1736 1683 cum
1755 1652 1886 1683 Christo
1907 1656 2099 1686 commortui

1284 1697 1380 1733 estis,
1407 1696 1483 1736 quid
1503 1694 1610 1725 adhuc
1628 1700 1782 1735 tanquam
1800 1696 1948 1725 viventes
1967 1697 2099 1736 mundo,

1282 1744 1344 1777 tra,
1358 1738 1532 1768 ditionibus
1551 1737 1723 1773 vexamini,
1738 1742 1768 1767 et
1781 1737 1909 1767 subiicit
1920 1740 2097 1777 μιμητικῶς,

1282 1780 1410 1811 illorum
1422 1780 1611 1810 traditiones
1623 1785 1778 1819 repetens
1792 1779 1834 1817 [2,
1847 1779 2011 1818 21-23.].
2046 1781 2098 1812 Ne

1283 1822 1464 1863 tetigeritis,
1484 1831 1525 1852 ne
1543 1822 1764 1862 gustaveritis,
1784 1831 1824 1852 ne
1844 1824 2097 1854 contrectaveri-

1282 1866 1334 1902 tis,
1355 1874 1438 1904 quae
1457 1869 1528 1895 sunt
1541 1864 1648 1893 omnia
1660 1864 1691 1893 in
1704 1864 1866 1894 interitum
1879 1864 1951 1904 ipso
1971 1874 2034 1895 usu
2046 1875 2097 1896 se-

1284 1907 1424 1938 cundum
1448 1908 1644 1946 prae‘cepta
1670 1912 1702 1936 et
1731 1906 1897 1936 doctrinas
1923 1906 2098 1945 hominum,

1284 1959 1368 1990 quae
1387 1954 1462 1979 sunt
1481 1948 1638 1978 rationem
1657 1948 1785 1988 quidem
1804 1948 1957 1979 habentia
1969 1950 2097 1990 sapien-

1283 1992 1359 2028 tiae,
1378 1991 1408 2021 in
1426 1991 1675 2031 superstitione,
1702 1996 1733 2021 et
1755 1989 1950 2028 humilitate,
1977 1997 2009 2021 et
2031 2001 2099 2022 non

1284 2034 1325 2063 ad
1343 2034 1542 2074 parcendum
1555 2033 1695 2072 corpori,
1715 2043 1780 2062 non
1792 2033 1824 2062 in
1837 2032 1964 2063 honore
1975 2031 2098 2074 aliquo,

1286 2076 1339 2116 qui
1367 2076 1505 2106 debetur
1534 2075 1722 2105 necessitati
1753 2075 1871 2105 carnis.
1917 2075 2099 2106 Hieremiae

1284 2117 1398 2148 xxm.
1418 2122 1505 2147 vetat
1525 2117 1695 2147 ‹lo-minus
1713 2127 1755 2147 ne
1773 2118 1945 2147 audiantur
1956 2118 2097 2157 pseudo-

1282 2159 1474 2201 prophetae,
1494 2160 1582 2200 quod
1601 2158 1688 2189 haud
1708 2160 1804 2189 dubie
1828 2160 1869 2189 ad
1890 2170 1963 2190 eum
1983 2168 2097 2190 casum

1283 2201 1398 2233 referri
1418 2202 1526 2238 debet,
1546 2202 1599 2232 ubi
1620 2202 1840 2231 conscientiae
1859 2200 2096 2241 periclitantur.

1283 2246 1338 2277 Sic
1363 2250 1470 2275 autem
1495 2244 1596 2284 inquit
1623 2246 1684 2281 [vs.
1714 2243 1762 2273 16.
1782 2247 1811 2282 ],
1845 2242 1954 2274 Nolite
1984 2244 2098 2274 audire

1284 2288 1385 2319 verba
1403 2285 1646 2326 prophetarum,
1667 2287 1720 2326 qui
1738 2285 1935 2326 prophetant
1946 2286 2053 2323 vobiS,
2067 2290 2098 2316 et

1285 2330 1447 2369 decipiunt
1465 2339 1543 2366 vos,
1568 2329 1726 2359 visionem
1740 2331 1742 2341 ⁴
1758 2328 1866 2358 cordis
1890 2328 1940 2357 sui
1959 2326 2096 2367 loquun-

1284 2379 1346 2409 tur,
1365 2382 1431 2402 non
1450 2371 1490 2401 de
1510 2381 1566 2402 ore
1586 2371 1715 2401 domini.
1761 2370 1875 2400 Habeo
1893 2370 1925 2399 in
1944 2368 2096 2400 hocloco

1285 2412 1538 2454 adstipulatores
1569 2414 1664 2444 etiam
1693 2413 1893 2444 recentiores
1927 2411 2098 2452 quosdam,

1286 2566 1331 2595 48)
1357 2566 1474 2596 ferimus]
1494 2565 1535 2590 Ed.
1554 2567 1576 2590 2.
1597 2571 1628 2590 ex
1647 2566 1739 2595 typoth.
1758 2570 1856 2589 errore:
1877 2564 1990 2588 seirmus.

2193 155 2255 188 136

2165 440 2195 458 20

2132 658 2172 689 51,
2192 660 2214 685 b.

2167 1033 2193 1051 1⁰

2163 1283 2192 1302 1⁵

2168 1490 2200 1510 20

2133 1742 2174 1774 52,
2193 1749 2217 1769 a.

2117 1775 2172 1808 (28,
2194 1777 2232 1810 b.)

2167 2128 2194 2147 10

2169 2345 2195 2364 15
