2358 2933
120 115 184 147 529

120 207 246 238 loribus
274 206 488 247 agnoscimus
518 214 579 235 nos
604 205 757 235 divinitus
780 204 897 244 puniri.
943 204 1009 234 Sed
1033 203 1097 234 hoc

121 250 229 291 ipsum
245 253 345 289 auget
361 247 573 277 acerbitatem
587 245 711 278 doloris
730 252 763 277 et
780 245 886 276 adfert
898 246 1098 285 desperatio-

121 302 212 329 nem,
240 291 303 321 nisi
326 289 412 319 hanc
436 288 697 319 consolationem
720 295 908 324 teneamus,
933 297 1018 328 quae
1042 288 1097 317 do-

123 340 174 365 cet
199 334 240 364 de
264 331 431 362 voluntate
453 330 534 369 Dei,
557 331 645 371 quod
667 331 795 371 puniat,
823 340 889 360 non
913 335 946 359 ut
969 329 1097 369 perdat,

121 376 181 407 sed
208 380 243 405 ut
271 379 408 404 revocet
434 382 497 403 nos
526 373 567 403 ad
596 373 829 413 poenitentiam
858 377 914 402 aut
944 376 1098 401 exerceat

121 428 193 448 nos.
221 416 330 456 Atque
347 415 393 445 ita
409 415 642 455 interpretatur
659 413 857 444 afflictiones
869 412 1095 454 Evangelium.

207 458 314 498 Saepe
341 458 440 497 igitur
470 456 555 488 hanc
581 455 840 487 consolationem
863 454 1027 495 scriptura
1049 456 1096 485 in-

120 500 240 532 culcat.
286 500 313 530 l.
339 500 416 530 Cor.
442 499 491 529 12.
516 501 579 536 [vs.
604 498 669 537 324
716 497 797 528 Cum
820 498 1012 534 iudicamur,
1027 499 1054 534 ⁶)
1077 507 1097 527 a

118 543 262 574 Domino
287 542 493 581 corripimur,
514 551 556 571 ne
579 550 652 571 cum
671 540 736 570 hoc
755 541 873 570 inundo
894 541 1095 570 damnemur.

118 584 218 615 Prov.
242 584 272 615 3.
298 586 360 622 [vs.
387 584 449 621 12]
485 582 589 617 Quem
613 581 717 623 diligit
739 581 920 619 Dominus,
952 582 1094 621 corripit.

118 627 220 657 Hebr.
246 627 294 659 12.
319 629 383 664 [vs.
406 624 450 663 6.]
495 623 658 665 Flagellat
689 634 817 655 omnem
846 623 965 661 filium,
1000 634 1096 664 quem

119 669 245 709 recipit.
291 667 412 698 Psalm.
438 666 510 697 118.
535 668 598 704 [vs.
624 666 688 705 71.]
723 666 851 696 Bonum
880 665 973 702 mihi,
1008 667 1096 706 quod

119 710 294 740 humiliasti
319 720 381 746 me,
404 714 439 739 ut
461 710 588 739 discam
602 708 851 739 iustificationes
873 714 957 739 tuas.
988 708 1095 748 Apoc.

118 751 149 782 3.
180 754 241 790 [vs.
276 751 339 789 19.]
374 750 447 792 Ego
482 760 565 791 quos
600 751 720 792 diligo,
756 760 835 784 arguo
863 755 888 778 et
900 754 921 781 ⁷)
956 751 1094 791 castigo.

117 793 230 824 Esaia.
253 793 305 824 28.
330 796 393 831 [vs.
420 793 484 832 19.]
517 793 657 824 Vexatio
681 793 737 824 dat
759 791 970 824 intellectum.
1016 792 1095 823 116111

119 839 182 872 lvs.
195 835 256 874 9.]:
278 836 382 870 Quem
395 836 527 866 docebit
539 835 733 866 scientiam?
755 834 951 866 Ablactatos
964 846 984 865 a
996 835 1094 872 lacte,

117 876 254 908 avulsos
278 879 318 908 ab
343 878 511 908 uberibus.
556 877 665 907 Esaia.
689 877 741 907 26.
767 879 829 914 [vs.
854 877 917 915 16.]
942 877 1094 915 Domine,

118 920 150 949 in
181 919 391 951 tribulatione
420 920 553 949 visitant
582 925 634 954 te3
669 922 840 959 angustia,
873 921 906 950 in
937 930 1001 960 qua
1030 918 1094 949 cla-

115 967 220 999 mant,
243 967 294 992 est
318 962 367 992 eis
391 960 574 1001 disciplina.
621 961 736 991 Naum.
764 962 791 991 1.
817 965 880 999 [vs.
906 962 950 999 7.]
979 962 1094 992 Bonus

118 1008 169 1034 est
196 1003 359 1036 Dominus
390 1010 421 1034 et
453 1002 643 1034 confortans
678 1004 710 1032 in
746 1003 1028 1041 tribulationibus,
1064 1009 1095 1033 et

111 1047 271 1086 agnoscit
292 1051 464 1085 sperantes
488 1046 521 1075 in
544 1055 591 1075 se.
627 1044 834 1075 Η161·6111.31.
861 1048 922 1083 [vs.
940 1045 1002 1084 lS.]
1033 1044 1094 1075 Ca-

117 1088 247 1128 stigasti
271 1098 338 1124 me,
361 1087 520 1124 Domine,
546 1092 577 1116 et
601 1087 746 1117 eruditus
770 1097 842 1118 sum
866 1088 960 1128 quasi
983 1089 1094 1118 iuven-

115 1129 211 1165 ,culus
234 1129 420 1166 indomitus,
443 1135 618 1169 postquam
639 1130 829 1160 convertisti
854 1140 917 1166 me,
941 1131 994 1170 egi
1016 1139 1094 1169 poe-

116 1172 283 1203 nitentiam
317 1177 379 1201 etc.
425 1171 504 1201 Item
540 1172 572 1200 in
606 1170 786 1211 Evangelio
824 1171 952 1208 [Matth.
976 1172 1007 1208 5,
1030 1171 1092 1208 3.],1

116 1214 210 1245 Beati
228 1223 392 1254 pauperes
412 1213 544 1252 spiritu3
567 1212 661 1242 Beati
681 1213 733 1253 qui
749 1212 863 1254 lugent
877 1219 937 1244 etc.
968 1214 1047 1244 Luc.
1061 1214 1091 1244 6.

118 1259 182 1295 [vs.
206 1256 272 1294 254
304 1256 375 1285 Vae
397 1255 511 1292 vobis,
548 1255 601 1294 qui
630 1255 731 1285 saturi
760 1257 850 1285 estis.
896 1256 990 1286 Item:
1021 1255 1093 1286 Vae

117 1299 229 1335 vobis,
258 1298 313 1338 qui
335 1308 421 1328 nunc
444 1296 568 1327 ridetis.
614 1296 656 1326 Et
678 1297 710 1327 in
740 1308 866 1328 summa
893 1296 1091 1329 afflictiones

115 1346 192 1370 sunt
215 1349 293 1379 pars
316 1339 413 1380 legis,
437 1339 512 1379 quia
535 1344 612 1369 sunt
634 1349 761 1379 poenae
783 1340 915 1370 additae
937 1339 1014 1382 legi.

201 1382 294 1412 Sicut
327 1383 428 1423 igitur
460 1379 676 1422 Evangelium
711 1383 806 1412 docet
841 1381 949 1423 legem
983 1384 1091 1413 datam

115 1433 207 1461 esse,
228 1430 262 1454 ut
287 1423 433 1454 humiliet
455 1433 534 1459 nos,
560 1428 595 1455 ut
617 1434 812 1464 quaeramus
838 1423 1018 1460 Christtun3
1047 1426 1091 1455 ita

115 1467 211 1496 docet
236 1472 268 1496 et
289 1475 414 1506 poenas
437 1466 566 1496 additas
590 1476 684 1503 esse,
707 1477 773 1497 non
796 1473 830 1497 ut
854 1468 1007 1507 perdant,
1031 1467 1090 1497 sed

115 1514 149 1539 ut
166 1515 324 1539 revocent
341 1517 403 1538 1105
420 1508 461 1538 ad
479 1509 723 1548 poenitentiam,
746 1514 778 1539 ut
792 1508 934 1539 feramus
948 1519 1089 1539 crucem.

113 1550 283 1581 Pertinent
322 1550 419 1590 igitur
458 1549 523 1579 huc
557 1551 739 1581 sententiae
772 1550 849 1581 illae
884 1551 1090 1582 universales

116 1591 222 1629 [Rom.
249 1592 299 1629 ll,
322 1592 405 1629 324:
430 1591 601 1622 Conclusit
624 1603 738 1622 omnes
761 1594 823 1623 sub
847 1600 1032 1633 peccatum,
1056 1599 1091 1623 ut

114 1635 255 1666 onmium
283 1635 487 1664 misereatur.
532 1634 615 1664 Nam
644 1633 796 1665 concludi
825 1636 886 1665 sub
917 1641 1089 1675 peccatum

114 1676 290 1718 significat,
313 1686 374 1706 nos
398 1677 565 1706 subiectos
589 1685 665 1705 esse
689 1687 754 1706 non
778 1676 885 1707 solum
907 1678 1089 1717 praesenti-

116 1720 177 1749 bus
195 1717 445 1755 calamitatibus,
468 1719 527 1748 sed
546 1719 807 1749 condemnationi
828 1725 889 1749 etc.
924 1719 965 1749 Et
982 1725 1089 1749 tamen

115 1762 155 1791 116
184 1761 247 1791 hac
282 1770 408 1790 summa
442 1758 622 1790 afflictione
657 1760 751 1791 docet
780 1759 994 1801 Evangelium
1027 1771 1089 1791 nos

115 1813 180 1833 non
197 1803 301 1843 perdi,
324 1803 383 1832 sed
401 1803 581 1840 admoneri,
607 1809 640 1833 ut
657 1812 878 1843 agnoscamus
896 1802 1089 1833 beneficium

114 1845 235 1876 Christi
248 1851 311 1875 616.
333 1844 457 1874 Eodem
470 1846 610 1884 pertinet
622 1846 783 1876 sententia
793 1844 924 1883 [Ezech.
939 1845 991 1882 33,
1006 1845 1088 1883 ll.]:

114 1887 201 1918 Nolo
224 1893 361 1917 mortem
384 1887 568 1926 peccatoris
592 1894 655 1917 616.

199 1929 377 1960 Praeterea
400 1929 440 1959 116
462 1928 617 1959 Ecclesia
638 1929 811 1969 plurimum
835 1935 923 1960 extat
946 1930 1089 1960 testimo-

112 1973 251 2008 niorum,
276 1972 364 2011 quod
388 1976 538 2011 oporteat.
560 1982 631 2002 eam
652 1972 808 2008 exerceri,
833 1977 867 2001 111
886 1974 1038 2001 crescant
1056 1972 1088 2001 in

113 2015 238 2045 sanctis
261 2014 357 2044 timor
380 2019 412 2044 et
434 2013 515 2043 fides
541 2020 572 2044 et
591 2014 711 2044 caeteri
728 2011 855 2043 fructus
873 2014 1006 2053 spiritus
1024 2019 1086 2044 etc.

115 2057 143 2086 l.
166 2056 254 2086 Petr.
280 2056 308 2085 1.
334 2055 453 2093 [v=‚.6.1
486 2054 622 2095 Oportet
647 2056 832 2087 contristari
862 2056 961 2086 variis
984 2061 1087 2086 tenta-

113 2099 268 2135 tionibus,
293 2103 328 2127 ut
350 2098 503 2137 probatio
527 2097 601 2128 fidei
625 2104 756 2128 vestrae
780 2109 860 2128 auro
883 2098 996 2137 purior
1019 2098 1085 2128 fiat.

112 2141 142 2171 2.
164 2139 240 2170 Cor.
263 2140 291 2169 l.
317 2142 380 2177 [vs.
399 2139 445 2177 9.]
474 2139 509 2168 111
531 2140 627 2170 nobis
650 2141 730 2180 ipsis
753 2150 948 2180 responsum
972 2140 1085 2170 mortis

111 2183 297 2219 habuimus,
321 2192 362 2212 ne
386 2180 627 2212 confideremus
649 2182 745 2212 nobis
768 2183 860 2221 ipsis.
905 2182 935 2211 2.
956 2180 1034 2212 Cor.
1054 2182 1083 2211 4.

115 2233 177 2262 qu.
204 2224 266 2262 16.]
300 2223 371 2254 Etsi
405 2229 518 2253 noster
546 2225 688 2254 exterior
720 2223 819 2254 1101110
855 2224 1085 2263 corrumpitur,

112 2273 220 2298 tamen
254 2267 391 2296 interior
424 2271 600 2296 renovatur
633 2266 777 2306 quotidie
811 2273 873 2297 616.
928 2265 1022 2296 Rom.
1053 2266 1083 2296 5.

114 2312 176 2347 [vs.
200 2309 244 2346 3.]
275 2306 456 2339 Tribulatio
479 2308 665 2347 patientiam
688 2306 804 2345 efficit,
834 2309 988 2348 patientia
1010 2318 1084 2348 pro-

114 2352 294 2387 bationem,
328 2351 478 2390 probatio
513 2359 603 2389 spem
639 2355 701 2379 etc.
754 2349 862 2380 lacobi
889 2350 916 2380 1.
952 2352 1014 2387 [vs.
1039 2350 1083 2388 2.]

131 2478 160 2507 6)
185 2476 308 2501 Comma
330 2476 441 2500 omittit
459 2476 501 2500 Ed.
525 2476 553 2505 1.,
573 2475 743 2506 transponit
757 2477 827 2506 post
845 2476 949 2500 Domino
968 2476 1009 2501 Ed.
1026 2478 1048 2500 2.

131 2528 160 2556 7)
186 2533 265 2557 arguo
283 2528 309 2552 et
326 2525 439 2550 addunt
457 2526 530 2552 Editt.
550 2527 572 2551 7.
590 2527 613 2550 8.
637 2525 742 2548 11-14.
764 2526 789 2549 et
807 2525 863 2555 opp.

267 2584 385 2603 1011111111
400 2583 466 2603 orm
481 2583 530 2603 voi.
545 2583 593 2602 m.

578 113 601 143 1.
620 112 721 143 LOCl
740 110 1014 143 THEOLOGICI:
1038 110 1075 142 C.
1095 110 1304 142 SECUNDA
1323 109 1479 142 EORUM
1497 110 1652 143 AETAS.

2060 112 2125 145 53⁰

1141 202 1245 233 Omne
1263 204 1420 244 gaudium
1439 205 1631 242 existimate,
1651 215 1725 235 cum
1742 205 1773 234 in
1793 204 1902 235 varias
1923 208 2119 238 tentationes

1140 245 1331 283 incideritis,
1351 247 1507 283 scientes,
1527 248 1616 287 quod
1633 247 1786 287 probatio
1800 246 1875 277 fidei
1888 254 2021 278 vestrae
2034 250 2119 288 parit

1140 288 1336 327 patientiam.
1384 287 1466 318 Gen.
1490 288 1542 318 22.
1568 291 1630 326 [vs.
1657 288 1720 327 12.]
1745 290 1786 319 de
1808 288 1994 320 Abraham:
2023 290 2120 321 Nunc

1141 330 1294 370 cognovi,
1312 331 1400 370 quod
1416 331 1531 360 timeas
1547 330 1664 361 Deum.
1701 330 1973 362 Constituendum
1989 337 2041 362 est
2059 333 2118 373 igi-

1140 376 1191 401 tur
1210 372 1249 401 de
1268 371 1331 401 11116
1350 382 1410 402 seu
1427 371 1566 402 utilitate
1584 371 1811 410 afflictionum,
1834 373 1923 414 quod
1940 374 2005 404 sint
2022 375 2118 415 signa

1140 414 1246 443 bonae
1260 413 1437 444 voluntatis
1450 414 1527 451 Dei,
1545 424 1605 444 seu
1623 416 1710 454 quod
1723 414 1815 445 Deus
1829 417 1914 445 sinat
1926 426 1989 446 nos
2002 415 2118 458 affligi,

1140 465 1205 485 non
1228 461 1263 485 ut
1286 457 1402 496 perdat
1424 466 1498 493 nos,
1522 457 1580 486 5611
1604 462 1637 486 111
1661 464 1793 487 revocet
1814 458 1855 487 atl
1873 459 2117 497 poenitentiam,

1139 507 1199 527 seu
1230 504 1264 527 ut
1293 504 1446 528 exerceat
1469 508 1540 529 nos.
1588 498 1678 528 Haec
1702 498 1887 529 consolatio
1911 501 2012 530 munit
2035 499 2117 530 affli-

1140 545 1212 569 ctos
1236 546 1353 570 contra
1378 541 1659 581 desperationem,
1689 547 1717 571 et
1749 541 1907 579 ostendit,
1938 542 2015 582 quid
2039 543 2115 572 boni

1139 582 1216 611 insit
1240 583 1272 612 in
1296 581 1540 613 afflictionibus.

1226 623 1371 655 Tertium
1396 631 1493 665 caput
1522 623 1770 655 consolationis.
1816 626 1942 657 Natura
1963 626 2115 665 hominis,

1138 667 1334 706 praesertim
1364 678 1436 698 cum
1467 668 1596 698 videtur
1619 667 1754 709 indigna
1776 669 1843 708 pati
1865 674 1919 699 aut
1943 670 2036 699 minis
2061 671 2116 700 du-

1140 709 1218 738 riter
1246 707 1366 750 affligi,
1401 710 1606 750 impatienter
1634 708 1697 739 fert
1729 710 1964 748 calamitatem,
1998 710 2116 749 fremit,

1139 751 1345 792 indignatur,
1381 757 1413 782 et
1442 753 1596 783 irascitur
1620 752 1740 782 iudicio
1763 752 1842 785 Dei,
1877 754 1964 793 quod
1988 754 2117 784 videtur

1139 794 1291 833 iniquum.
1335 793 1420 828 Quia
1443 804 1517 824 cum
1538 795 1625 834 impii
1645 801 1676 824 et
1695 793 1838 835 Tyranni
1862 796 1972 825 vivant
1994 795 2026 825 in
2050 806 2116 826 ma-

1138 836 1232 865 ximis
1257 836 1374 876 opibus
1398 846 1438 867 ac
1456 835 1681 877 voluptatibus
1700 835 1878 877 tranquilli,
1901 847 1963 867 nos
1988 838 2116 868 interim

1139 878 1290 908 omnibus
1314 879 1455 909 miseriis
1480 879 1701 918 opprimimur.
1742 878 1915 909 Adversus
1938 879 2024 909 hanc
2047 886 2115 910 ten-

1139 921 1293 950 tationem
1317 921 1456 951 docemli
1481 926 1557 951 sunt
1580 920 1742 958 homines,
1765 931 1806 951 ne
1825 921 2016 963 indulgeant
2038 921 2115 952 huic

1137 963 1353 1003 indignationi
1381 969 1435 993 aut
1466 962 1590 1000 dolori,
1619 964 1678 993 sed
1710 964 1796 1003 quod
1826 963 1909 994 haec
1934 964 2115 1005 indignatio

1139 1014 1198 1034 seu
1220 1005 1422 1044 impatientia
1444 1006 1484 1036 sit
1509 1011 1697 1045 peccatum,
1728 1011 1757 1035 et
1781 1006 1869 1045 quod
1891 1005 1983 1036 Dens
2008 1007 2114 1046 requi-

1137 1052 1189 1076 rat
1213 1047 1447 1084 obedientiam,
1477 1054 1506 1078 et
1532 1046 1609 1078 velit
1632 1047 1696 1077 1106
1716 1048 1812 1077 1110110
1836 1048 2030 1088 praesertim
2052 1048 2114 1079 Ec-

1138 1087 1272 1118 clesiam
1298 1090 1456 1119 exerceri.

1202 1125 1294 1160 ‘Huc
1318 1132 1479 1170 pertinent
1503 1133 1686 1162 sententiae
1715 1133 1755 1163 116
1781 1131 2014 1166 afflictionibus
2041 1147 2113 1176 pro-

1136 1172 1215 1212 priis
1228 1171 1412 1210 Ecclesiae,
1432 1184 1517 1214 quae
1529 1173 1614 1204 hanc
1629 1175 1844 1205 obedientiali}
1864 1182 1894 1207 61
1912 1177 2113 1218 singularem

1136 1213 1259 1244 cultum
1272 1216 1450 1255 requirunt.
1483 1216 1566 1246 Hinc
1586 1227 1664 1247 vero
1684 1218 1861 1248 sumendae
1876 1226 1951 1249 sunt
1964 1220 2113 1261 insignes

1136 1255 1401 1287 consolationes:
1423 1257 1542 1296 Prima,
1567 1259 1653 1299 quod
1672 1259 1763 1289 Deus
1787 1258 1871 1290 hanc
1895 1262 1957 1291 obe
1972 1263 2113 1293 {ientiam

1134 1297 1306 1329 Ecclesiae
1336 1301 1727 1341 p1·aecepe1·it;Deinde‚
1754 1303 1781 1332 si
1811 1302 2007 1334 afflictiones
2037 1310 2112 1335 sunt

1135 1339 1242 1371 cultus
1267 1341 1341 1379 Dei,
1365 1352 1431 1372 non
1455 1349 1505 1373 est
1527 1344 1748 1381 sentiendtnn,
1772 1343 1967 1376 afflictiones
1981 1348 2011 1387 8)
2037 1357 2112 1378 esse

1134 1383 1230 1423 signa
1258 1384 1343 1421 irae,
1379 1390 1434 1415 aut
1462 1386 1536 1415 ideo
1567 1385 1669 1427 affligi
1699 1396 1778 1424 1105,
1813 1389 1889 1428 quia
1916 1390 2112 1427 reiiciamur,

1133 1426 1193 1455 sed
1227 1430 1262 1455 ut
1295 1425 1411 1457 fiamus
1445 1428 1592 1459 membra
1633 1427 1749 1459 similia
1788 1430 1936 1470 imaginis
1973 1430 2112 1468 Christi3

1134 1468 1227 1504 item,
1259 1474 1293 1498 ut
1316 1474 1522 1508 praestemus
1549 1469 1670 1500 cultum
1694 1470 1766 1501 Deo
1790 1472 1942 1502 debitum.
1989 1473 2110 1511 Tertio,

1134 1508 1160 1539 C
1177 1520 1217 1539 {m
1229 1508 1380 1540 Ecclesia
1399 1512 1574 1552 praecipue
1596 1511 1775 1553 affligatur,
1800 1520 1887 1544 certe
1911 1513 2109 1546 afflictiones

1133 1561 1199 1581 non
1217 1558 1293 1582 sunt
1317 1553 1412 1592 signa
1432 1553 1510 1590 irae,
1536 1555 1612 1594 quia
1632 1554 1725 1585 Deus
1745 1556 1884 1586 maxime
1903 1555 2007 1597 diligit
2026 1563 2056 1587 et
2073 1556 2109 1587 li-

1133 1594 1260 1624 berabit
1284 1593 1481 1632 Ecclesiam,
1506 1596 1591 1626 sicut
1615 1602 1646 1627 et
1671 1596 1835 1628 Christum
1859 1599 2068 1630 resuscitavit

1219 1635 1348 1667 Caussa
1371 1642 1497 1675 autem,
1527 1649 1585 1668 cur
1608 1637 1761 1669 Ecclesia
1783 1641 1960 1681 praecipue
1983 1639 2108 1682 affliga-

1132 1683 1194 1714 tur,
1217 1677 1302 1708 haec
1325 1686 1390 1709 est:
1425 1679 1709 1719 RegnumCliristi
1729 1683 1788 1711 erit
1809 1692 1895 1712 nova
1920 1689 1951 1713 et
1974 1690 2108 1714 aeterna

1132 1719 1252 1750 iustitia
1275 1730 1314 1749 ac
1337 1721 1415 1751 vita.
1461 1721 1602 1752 Haerent
1633 1729 1740 1753 autem
1769 1724 1801 1753 in
1831 1735 1969 1763 corpore
1992 1730 2107 1756 nostro

1132 1760 1289 1801 reliquiae
1312 1763 1456 1801 peccati3
1487 1764 1559 1794 ideo
1590 1764 1652 1795 hoc
1681 1775 1801 1805 corpus
1825 1766 1950 1796 aboleri
1975 1765 2044 1797 mlt
2066 1777 2107 1797 ac

1133 1804 1269 1833 subiecit
1302 1802 1534 1835 afflictionibus
1563 1817 1601 1836 ac
1624 1809 1738 1841 morti,
1769 1814 1801 1836 ut
1826 1814 1944 1847 postea
1967 1819 2053 1839 nova
2076 1815 2107 1839 et

1131 1844 1289 1885 spirituali
1323 1852 1439 1877 natura
1473 1848 1651 1878 vestiamur
1683 1854 1713 1879 61
1748 1847 1988 1889 glorificemur,
2022 1860 2106 1892 quae

1131 1889 1203 1917 sine
1226 1894 1363 1926 peccato
1387 1894 1418 1918 et
1441 1890 1511 1919 sine
1534 1896 1637 1920 morte
1660 1892 1712 1920 sit.
1747 1890 1786 1920 Et
1810 1892 1878 1922 vult
1902 1893 2029 1923 interim
2052 1904 2105 1923 ex-

1132 1930 1234 1959 erceri
1276 1929 1372 1960 fidem
1406 1929 1468 1960 hac
1504 1933 1690 1962 occasione.
1745 1933 1816 1963 Hoc
1852 1936 1948 1965 (locet
1982 1934 2105 1965 Paulus

1130 1970 1224 2001 Rom.
1248 1972 1278 2002 S.
1303 1974 1367 2009 [vs.
1395 1972 1443 2002 13.
1467 1972 1533 2010 36]
1570 1972 1698 2014 Corpus
1728 1976 1942 2007 mortificatur
1968 1984 2105 2016 propter

1130 2020 1312 2053 peccatum,
1337 2013 1473 2052 scilicet,
1497 2026 1659 2055 praesens
1683 2017 1713 2046 in
1739 2027 1847 2048 carne.
1893 2018 1933 2048 Et
1958 2018 2051 2049 Rom.
2071 2018 2102 2048 6.

1132 2058 1193 2091 {vsu
1219 2055 1262 2093 6.]
1309 2056 1413 2086 Vetus
1442 2063 1556 2087 noster
1583 2057 1681 2088 homo
1711 2057 1805 2089 simul
1835 2061 2011 2092 crucifixus
2042 2067 2103 2098 est,

1129 2103 1163 2128 ut
1187 2098 1374 2128 destruatur
1397 2109 1517 2138 corpus
1541 2102 1678 2138 peccati.

1215 2139 1363 2170 Humana
1386 2142 1468 2171 ratio
1492 2148 1664 2172 exercetur
1686 2141 1749 2171 hoc
1773 2149 1978 2184 argumento:
2002 2145 2102 2175 Iustis

1128 2181 1225 2211 debet
1255 2182 1337 2212 bene
1368 2192 1460 2219 esse;
1491 2182 1642 2214 Ecclesia
1671 2189 1719 2213 est
1741 2185 1843 2220 iusta,
1867 2186 1963 2226 igitur
1977 2189 2004 2221 9)
2040 2187 2102 2217 Ec-

1129 2222 1231 2254 clesia
1253 2234 1318 2254 11011
1343 2224 1481 2255 debebat
1504 2224 1615 2265 afiligi.
1651 2226 1716 2256 Sed
1739 2227 1875 2265 primum
1898 2230 2100 2267 responden-

1128 2266 1203 2296 dum
1221 2271 1271 2296 est
1289 2266 1330 2296 ad
1342 2266 1516 2297 Minorem:
1536 2266 1687 2297 Ecclesia
1707 2274 1755 2298 est
1776 2269 1857 2299 iusta
1879 2270 2099 2309 imputatione,

1144 2377 1173 2406 8)
1198 2378 1257 2400 sunt
1273 2377 1356 2400 cultus
1374 2389 1405 2393 —
1420 2376 1569 2400 afflictiones
1587 2377 1698 2400 ‹mn'ttit
1715 2377 1756 2401 Ed.
1772 2378 1809 2401 11.
1828 2376 1876 2407 (ob
1887 2377 2096 2404 homoeoteleu-

1196 2410 1278 2439 ἰωῆς
1304 2408 1381 2432 male
1401 2409 1494 2442 igitur
1516 2411 1546 2432 ἰη
1564 2408 1638 2441 Opp.
1654 2408 1840 2434 Basileenses
1860 2412 1881 2435 si
1897 2419 2010 2444 quoque
2030 2416 2099 2438 ante

1197 2442 1347 2466 afflictiones
1353 2443 1442 2473 prius
1450 2443 1600 2467 eiecerunt
1608 2445 1635 2467 et
1645 2445 1714 2466 onte
1723 2444 1780 2474 quia
1791 2452 1832 2476 sq.
1845 2451 1893 2469 non
1901 2446 2096 2471 inseruerunt.

1145 2493 1174 2521 9)
1196 2492 1285 2548 igitur]
1305 2492 1341 2516 sic
1359 2493 1430 2517 Editt.
1453 2494 1474 2515 1.
1491 2494 1513 2517 4.
1527 2494 1550 2516 5.
1566 2493 1605 2519 9.:
1624 2494 1695 2518 Editt.
1713 2494 1736 2518 2.
1755 2494 1830 2517 6—8.
1852 2496 1956 2519 11—14.
1977 2498 2002 2521 et
2021 2497 2092 2527 opu:

1195 2532 1202 2549 1
1222 2531 1252 2550 60

1913 2581 1946 2606 34
