2358 2933
138 114 197 145 901

139 213 171 237 te
203 207 236 237 in
268 205 398 237 nomine
419 203 529 235 Patris
563 210 595 236 et
616 204 688 235 Filii
710 210 742 235 et
764 203 905 244 Spiritus
924 204 1048 240 sancti,
1082 204 1114 234 id

139 255 201 286 est,
230 248 301 289 Ego
331 247 485 278 mandato
509 247 573 278 Dei
605 246 763 288 profiteor
795 252 829 276 te
858 246 921 276 iam
948 246 1049 286 recipi
1071 246 1112 276 ab

139 290 203 322 hoc
226 300 306 321 vero
328 289 419 326 Deo,
450 290 504 329 qui
528 296 580 320 est
601 295 756 320 aeternus
778 288 878 319 Pater
898 287 1032 318 Domini
1054 297 1112 318 no-

138 333 198 363 stri
234 332 309 363 Iesu
333 331 467 369 Christi,
500 337 533 362 et
564 342 584 362 a
606 330 688 362 Filio
723 331 795 361 eius
818 330 961 361 Domino
996 336 1113 361 nostro

139 374 212 406 lesu
236 374 386 411 Christo,
422 375 476 415 qui
507 384 568 415 pro
591 380 625 405 te
646 382 768 414 passus
792 378 862 409 est,
897 379 929 403 et
951 382 971 402 a
991 372 1114 412 Spiritu
1134 384 1136 407 ξ

138 424 267 454 5311010,
286 417 341 457 qui
364 416 462 447 datur
484 417 517 446 in
540 416 641 447 corda
663 414 969 451 reconciliator-mn,
997 421 1032 444 nt
1055 424 1113 445 eos
1134 416 1136 453 ᾖ

854 456 984 487 Remitti
1018 457 1136 497 igitur

137 466 231 500 regat
260 465 292 490 et
324 458 456 489 inchoet
488 459 588 489 vitam
621 464 796 489 aeternam.

138 502 193 532 tibi
217 507 355 542 peccata
381 507 411 532 et
435 507 467 531 te
490 500 560 531 fieri
582 500 758 531 haeredem
780 500 868 530 vitae
891 504 1046 530 aeternae
1069 505 1115 530 te-

137 549 218 574 stor.

224 585 362 620 Quidam
396 595 483 616 novo
518 590 702 616 commento
738 582 917 615 defendunt
947 582 1113 614 Canonem

137 628 178 658 de
201 628 454 658 Enumeratione
475 627 541 659 1100
562 627 676 657 modo:
718 625 912 658 Consensus
934 632 1113 667 perpetuus

136 669 310 701 Ecclesiae
331 670 461 700 videtur
483 679 559 700 esse
582 670 702 710 dogma
725 679 745 700 a
768 670 891 709 Spiritu
909 675 1026 699 sancto
1049 675 1114 699 tra-

137 712 256 747 ditum;
280 712 418 752 Semper
437 718 544 742 autem
563 710 622 742 fuit
644 722 716 742 mos
729 711 992 742 Enumerationis
1010 710 1114 741 111Εο-

138 753 256 790 clesia3
279 754 426 784 Necesse
449 760 499 784 est
522 755 620 795 igitur
638 764 711 785 eum
734 755 876 784 retineri.

224 796 424 836 Respondeo
458 797 500 827 ad
528 797 702 827 minorem:
743 796 818 827 Mos
853 795 912 827 fuit
939 794 1114 826 manifesta

136 845 275 879 peccata
308 839 467 869 recitandi
497 844 530 869 et
563 838 766 879 deplorandi,
789 839 850 869 sed
876 844 1024 869 vetustas
1046 847 1113 868 non

136 881 301 912 mandavit
325 880 463 922 singulis
487 882 776 916 31031131·801131·8;
800 881 892 912 Sicut
905 880 996 912 clare
1010 879 1114 921 Chry-

138 929 304 953 sostomus
338 923 441 963 inquit
464 924 498 953 in
521 925 728 954 enarratione
752 923 876 954 Psalmi
898 923 951 953 50.
998 923 1033 953 Si
1056 933 1114 963 pu-

137 966 191 996 det
214 964 310 996 alicui
333 965 443 996 dicere
466 971 613 1006 peccata,
641 967 738 997 dicito
762 976 801 996 ea
825 966 969 1006 quotidie
992 965 1024 995 in
1047 965 1114 995 ani-
1134 968 1136 970 ’

137 1017 189 1038 1113
223 1013 290 1043 1113,
326 1017 391 1037 11011
415 1008 500 1045 dico,
533 1014 568 1039 ut
587 1008 776 1039 confitearis
800 1018 965 1039 conservo
989 1013 1057 1045 tuo,
1079 1012 1114 1036 ut

136 1050 193 1080 tibi
225 1050 425 1089 exprobret,
459 1051 557 1080 dicito
592 1050 688 1087 Deo,
722 1051 776 1091 qui
798 1057 894 1081 sanat
912 1060 962 1081 ea.
1006 1049 1046 1079 Et
1071 1049 1115 1080 ci-

137 1097 247 1123 tantur
275 1091 393 1122 similia
427 1093 515 1123 dicta
537 1093 579 1123 ab
602 1092 693 1130 aliis,
723 1103 808 1134 quae
832 1093 952 1133 opponi
976 1097 1114 1132 possunt

136 1134 187 1171 iis,
213 1135 266 1174 qui
279 1132 425 1177 allegant
438 1141 630 1175 perpetuum
644 1145 852 1172 consensum,
864 1141 898 1166 ut
911 1135 1113 1175 superstitio·
1134 1136 1138 1142 ’

137 1176 322 1216 5155131156)
348 1177 493 1207 Uanonis
513 1178 726 1208 acerbitatem
749 1176 937 1214 defendant,
961 1177 1014 1217 qui
1039 1186 1115 1206 0011-

138 1219 282 1249 scientiis
317 1217 454 1259 laqueos
485 1220 594 1250 iniicit.
650 1219 709 1250 Est
742 1226 850 1250 autem
885 1220 929 1259 pii
958 1219 1112 1259 pastoris,

136 1262 330 1301 prospicere
349 1267 380 1291 et
404 1271 523 1292 cavere
543 1262 818 1292 conscientiarum
836 1260 984 1301 pelicula
1002 1267 1035 1291 et
1057 1261 1114 1291 do·

136 1303 260 1333 ctrinae
280 1302 504 1344 corruptelas,
528 1310 560 1334 et
583 1310 691 1334 tamen
709 1304 838 1341 videre,
873 1304 1037 1344 quomodo
1061 1304 1113 1344 pie

137 1346 307 1377 retinenda
330 1346 373 1376 sit
395 1344 578 1386 disciplina.

395 1474 453 1505 DE
495 1473 853 1505 SATISFACTIONE.

223 1585 327 1616 Vetus
360 1595 433 1616 mos
454 1586 488 1616 in
510 1584 662 1625 Ecclesia
681 1583 751 1622 fuit,
786 1594 852 1615 non
888 1584 1033 1624 recipere
1067 1584 1113 1615 la-

137 1638 229 1668 psos,
252 1629 307 1669 qui
329 1626 515 1659 defecerant
527 1627 569 1657 ab
581 1626 764 1668 Evangelio
777 1633 865 1658 metu
878 1625 1114 1667 suppliciorum

138 1676 194 1702 aut
216 1670 331 1712 polluti
354 1669 482 1701 fuerant
507 1670 609 1700 caede
632 1676 688 1700 aut
710 1668 890 1700 manifestis
913 1668 1114 1706 libidinibus,

139 1714 201 1744 nisi
236 1714 327 1754 prius
362 1713 555 1753 castigatos.
611 1712 652 1743 Et
685 1711 738 1742 hic
770 1721 843 1742 mos
878 1722 951 1742 cum
975 1710 1113 1752 exempli

140 1766 260 1786 caussa
294 1756 384 1786 initio
419 1755 467 1785 sic
496 1755 709 1792 servabatur,
733 1760 767 1785 ut
790 1753 845 1784 alii
868 1754 1022 1784 admoniti
1046 1753 1115 1785 dili-

139 1799 268 1839 gentius
301 1804 455 1840 regerent
487 1807 615 1835 mores,
650 1802 716 1827 tum
751 1807 830 1827 vero
866 1795 1115 1836 explorarentur

139 1841 248 1878 animi,
266 1851 308 1871 an
327 1840 416 1872 serio
435 1840 579 1870 redirent
601 1840 643 1870 ad
661 1839 855 1870 Ecclesiam.
891 1838 1028 1879 Fuitque
1048 1845 1115 1870 tota

140 1892 193 1913 res
228 1881 382 1923 politicus
412 1883 493 1913 ritus
528 1892 595 1912 non
628 1883 794 1922 pertinens
818 1882 860 1912 ad
883 1882 1115 1912 conscientiam

139 1934 199 1955 seu
224 1926 453 1956 remissionem
466 1931 678 1965 peccatorum
697 1935 809 1955 coram
827 1923 911 1954 Deo.
946 1924 1013 1955 Sed
1025 1931 1115 1965 post-

140 1977 190 2004 ea,
223 1973 259 1999 ut
282 1967 329 2005 fit,
351 1966 473 1998 multae
496 1967 747 2007 superstitiosae
771 1967 942 2006 opiniones
965 1976 1116 1997 accesse-

140 2015 225 2047 runt,
250 2020 290 2040 ex
313 2010 430 2051 quibus
454 2009 570 2040 deinde
592 2008 836 2040 inextricabiles
859 2008 1036 2049 labyrinthi
1056 2010 1117 2040 orti

140 2057 227 2082 sunt.
273 2051 383 2086 Quare
405 2061 546 2082 necesse
565 2057 616 2082 est
639 2057 671 2082 et
680 2053 727 2092 57)
751 2052 791 2082 (18
813 2051 877 2082 hac
898 2057 990 2090 parte
1001 2051 1116 2083 Eccle-

141 2094 208 2123 sias
230 2099 323 2125 recte
346 2095 470 2131 doceri,
492 2094 688 2134 praesertim
711 2104 785 2126 cum
807 2094 840 2124 in
858 2094 1055 2125 refutatione
1067 2105 1117 2125 er-

141 2146 251 2167 rormn
284 2134 380 2167 simul
412 2135 534 2166 multae
566 2136 781 2177 gravissimae
814 2146 868 2167 res
903 2136 1116 2177 explicandae

141 2179 216 2209 sint.
262 2177 446 2209 Illustratur
480 2178 629 2209 doctm'na
662 2178 702 2209 de
723 2178 930 2210 Remissione
963 2186 1116 2219 peccato-

141 2231 223 2258 rum,
257 2226 460 2251 monstratur
489 2221 663 2251 discrimen
696 2221 899 2253 remissionis
935 2221 1051 2262 culpae
1085 2229 1116 2253 et

142 2263 344 2294 remissionis
367 2273 547 2303 poenarum
570 2262 807 2303 temporalium,
841 2265 1018 2296 recitantur
1040 2275 1116 2305 poe-

141 2391 186 2422 86)
205 2391 457 2423 superstitiosissimi]
479 2392 550 2417 Editt.
569 2392 591 2414 2.
611 2392 686 2417 4—9.
706 2393 744 2418 12.
763 2394 946 2425 superstitiosi;
982 2393 1054 2418 Editt.
1076 2394 1114 2417 10.

213 2425 248 2450 ll.
268 2425 374 2450 13-16,
397 2426 434 2449 18.
458 2426 496 2451 19.
516 2426 626 2451 22—-24,
645 2425 753 2450 26—29.
773 2427 881 2452 31—33.
901 2427 1116 2458 superstitiosiss.;

209 2459 281 2494 Editt.
299 2455 339 2482 20.
359 2460 409 2489 25„
429 2460 502 2490 corp.
524 2460 606 2488 1—8.‚
637 2460 696 2490 Opp.
718 2461 738 2485 l.
757 2461 780 2484 2.
801 2462 1075 2492 superstitiosissimam

142 2508 187 2537 87)
207 2504 232 2568 ιδ(
250 2502 385 2566 omfttg'n't
413 2510 484 2536 Editt.
508 2511 543 2536 18.
562 2511 601 2536 20.
621 2511 661 2535 22.
683 2512 722 2536 2„
742 2512 783 2535 25.
804 2512 922 2543 28-34.‚
942 2513 1014 2543 com.
1038 2513 1117 2538 1-8..

230 2549 270 2574 pp.
310 2547 328 2566 .“
354 2562 358 2566 .

607 112 630 143 1.
653 110 754 143 LOCI
776 108 1051 143 THEOLOGICI:
1073 108 1116 142 D.
1139 108 1299 142 TERTIA
1320 108 1477 141 EORUM
1499 108 1655 142 AETAS.

1134 293 1135 302 ¹
1157 286 1334 318 Manassae
1343 289 1391 328 ²⁵⁵)
1437 294 1497 318 cte.

2071 110 2133 142 902

1158 212 1221 234 nae
1253 201 1465 242 temporales,
1499 204 1531 234 in
1565 203 1684 243 quibus
1714 199 1783 233 vult
1806 201 1901 233 Deus
1936 203 2017 233 iram
2040 212 2133 234 suam

1157 246 1319 276 adversus
1352 252 1491 285 peccata
1525 245 1687 284 conspici;
1715 250 1750 276 ut
1783 244 1816 274 in
1849 254 1957 285 poena
1984 243 2135 282 Dat-iuis,

1543 288 1680 318 traditur
1713 287 1888 318 discrimen
1922 297 2074 318 verorum
2104 294 2134 318 et

1158 330 1460 360 commenticiorum
1484 329 1639 362 cultuum.
1685 329 1754 360 Has
1783 335 1891 360 tantas
1914 339 1969 360 res
1994 328 2135 370 comple-

1158 372 1201 403 cti
1223 381 1365 402 necesse
1389 378 1450 402 est.

1242 413 1295 444 Ac
1328 420 1363 444 ut
1392 414 1433 445 de
1467 420 1605 445 externo
1640 414 1703 445 ritu
1736 413 1852 445 harum
1882 415 2135 456 castigationum

1158 456 1247 486 initio
1272 456 1388 494 dicam,
1412 457 1554 487 arbitror
1571 466 1697 487 morem
1720 467 1740 488 a
1758 457 1868 497 primis
1881 457 2036 488 Patribus
2049 466 2135 488 surn-

1157 505 1248 538 ptum
1282 507 1369 528 esse.
1414 498 1498 529 Nam
1531 499 1672 540 vestigia
1705 506 1895 530 manserunt
1930 499 2027 529 etiam
2049 500 2135 539 apud

1160 539 1323 577 Graecos,
1357 541 1413 571 ubi
1446 540 1566 582 aliquis
1601 541 1736 572 caedem
1759 541 1911 572 iniustam
1934 540 2059 572 fecerat
2082 548 2137 572 aut

1159 582 1368 613 commiserat
1401 584 1574 623 incestum,
1603 584 1963 621 excommunicabatur‚
1986 583 2050 614 1100
2075 590 2134 619 est,

1136 633 1137 639 ¹
1158 623 1394 656 excludebatur
1429 635 1468 656 ex
1492 626 1730 656 consuetudine
1754 626 2028 663 00111111111111111139)
2064 624 2135 656 offi-

1159 667 1294 704 ciorum,
1328 673 1360 697 et
1393 668 1598 698 addebantur
1630 669 1725 709 signa
1759 668 1920 708 quaedam
1949 669 1981 699 in
2004 669 2135 705 vestitu,

1158 719 1242 749 quae
1265 708 1496 750 significabant
1520 720 1593 741 eum
1616 710 1778 741 hominem
1800 720 1904 748 reum,
1925 709 2086 750 pollutum
2105 717 2135 742 et

1158 751 1324 782 vitandum
1347 761 1434 789 esse,
1459 762 1498 783 30
1520 762 1616 784 1181110
1640 763 1704 783 11113
1724 753 1830 783 cibum
1850 753 2010 793 capiebat,
2030 754 2135 784 donec

1158 792 1213 824 illa
1248 794 1343 835 signa
1376 801 1486 825 reatus
1519 796 1665 836 gerebat.
1711 794 1928 826 Ε131118113111
1952 802 2063 826 certae
2081 797 2136 826 im-

1157 837 1365 877 precationes
1389 843 1421 867 et
1445 838 1547 875 dirae,
1573 848 1657 878 quae
1677 843 1792 868 contra
1802 836 1965 878 pollutum
1984 838 2136 869 diceban-

1158 884 1221 909 tur.
1267 878 1323 910 Sic
1342 878 1490 910 Phoenix
1513 881 1600 921 apud
1613 880 1789 911 Homerum
1812 887 1936 918 narrat,
1961 887 2076 912 contra
2099 890 2136 911 58

1157 926 1291 961 propter
1325 927 1506 962 stupratam
1541 924 1714 963 coniugem
1742 924 1844 963 patris
1869 924 1957 953 diras
1980 924 2136 954 recitatas

1158 973 1246 993 esse.
1291 963 1333 994 Et
1357 965 1494 995 Orestes
1513 965 1665 996 discurrit
1683 966 1715 995 111
1740 965 1879 996 Graecia
1903 966 2071 996 abstinens
2095 966 2136 996 ab

1157 1005 1298 1037 aliorum
1318 1007 1472 1038 convictu
1495 1017 1534 1038 ac
1553 1017 1672 1048 gerens
1696 1008 1791 1049 signa
1810 1014 1932 1046 reatus,
1956 1015 1987 1039 et
2011 1009 2136 1048 passim

1158 1047 1257 1079 multa
1292 1048 1443 1089 exempla
1483 1050 1701 1087 inveniuntur,
1741 1056 1775 1081 ut
1814 1050 1916 1087 Pelei,
1958 1049 2137 1088 Antilochi,

1159 1091 1306 1128 Adrasti,
1330 1092 1384 1132 qui
1407 1092 1449 1122 ad
1462 1091 1623 1123 Croesum
1646 1093 1735 1123 venit
1760 1103 1880 1134 gerens
1904 1094 1999 1133 signa
2011 1100 2135 1124 reatus,

1157 1133 1249 1164 Haec
1273 1133 1422 1174 exempla
1445 1135 1527 1164 satis
1550 1141 1685 1175 apparet
1709 1146 1727 1165 a
1750 1136 1860 1175 primis
1874 1135 2027 1166 Patribus
2051 1145 2136 1166 sum-

1157 1182 1212 1215 pta
1241 1185 1328 1213 esse,
1352 1177 1406 1217 qui
1429 1176 1492 1207 hos
1515 1177 1596 1207 ritus
1620 1176 1813 1217 disciplinae
1837 1187 1956 1208 caussa
1980 1178 2136 1208 observa-

1156 1224 1244 1255 runt,
1267 1224 1301 1248 ut
1324 1217 1473 1249 homines
1499 1220 1685 1260 cogitarent
1708 1220 1964 1261 magnitudinem
1988 1220 2055 1250 irae
2073 1220 2136 1250 Dei

1157 1260 1320 1290 adversus
1341 1260 1486 1301 pollutos
1511 1267 1541 1292 et
1566 1272 1605 1292 80
1630 1262 1737 1304 magis
1756 1261 2136 1293 abhorrerentatalibus

1157 1301 1350 1334 sceleribus.

1244 1344 1349 1377 Huius
1383 1346 1505 1377 vetusti
1539 1348 1639 1378 moris
1673 1347 1780 1388 imago
1811 1348 1907 1378 etiam
1932 1349 1963 1378 in
1986 1347 2137 1379 Ecclesia

1157 1388 1189 1418 in
1212 1389 1549 1419 excommunicatione
1573 1396 1703 1420 servata
1730 1396 1792 1427 est,
1816 1389 2074 1421 excludebantur
2091 1390 2137 1422 la-

1157 1431 1209 1470 psi
1231 1440 1272 1461 ex
1296 1432 1458 1462 communi
1483 1433 1666 1470 consortio,
1685 1442 1725 1463 ac
1748 1433 2001 1463 denuntiabatur
2020 1434 2067 1464 eis
2090 1434 2138 1464 ira

1157 1472 1232 1510 Dei,
1266 1483 1328 1504 nec
1362 1475 1562 1504 denuntiatio
1596 1473 1654 1505 illa
1686 1473 1745 1505 fuit
1766 1475 1868 1513 irrita,
1902 1476 1962 1506 sed
1985 1476 2138 1506 divinitus

1159 1516 1382 1555 sequebantur
1403 1526 1547 1556 poenae,
1583 1523 1615 1547 et
1638 1527 1711 1547 cum
1730 1518 1884 1557 petebant
1909 1528 1946 1548 se
1969 1519 2070 1558 recipi
2091 1517 2138 1548 la-

1158 1559 1220 1598 psi,
1244 1557 1369 1599 aliquot
1393 1559 1508 1590 diebus
1522 1566 1597 1590 ante
1616 1558 1857 1590 absolutionem
1869 1560 2138 1601 explorabantur,

1159 1601 1290 1631 stabant
1313 1607 1406 1632 extra
1429 1600 1539 1632 locum
1563 1612 1686 1633 coenae
1709 1602 1840 1632 Domini
1864 1613 1937 1633 cum
1961 1604 2065 1644 signis
2089 1613 2138 1633 re-

1159 1649 1245 1680 atus,
1258 1644 1290 1674 id
1302 1650 1364 1681 est,
1383 1642 1555 1683 plorantes
1569 1650 1600 1675 et
1614 1645 1783 1682 sordidati,
1798 1651 1827 1675 et
1841 1644 1972 1685 publice
1984 1646 2137 1685 petebant

1158 1685 1413 1717 absolutionem.
1470 1686 1541 1718 Hac
1575 1686 1784 1728 promulgata
1798 1709 1806 1724 ,
1842 1698 1957 1718 11115115
1992 1689 2138 1719 admitte-

1159 1729 1276 1759 bantur
1300 1729 1342 1759 ad
1366 1739 1502 1760 coenam
1524 1728 1655 1760 Domini
1687 1736 1718 1760 et
1741 1730 1983 1770 recipiebantur
2006 1731 2036 1760 in
2061 1740 2138 1761 con-

1158 1771 1305 1801 sortium.

1245 1813 1339 1844 Hunc
1373 1814 1469 1844 ritum
1504 1813 1655 1854 publicae
1679 1815 1908 1855 castigationis
1933 1822 1963 1846 et
1988 1815 2138 1855 explora-

1159 1856 1257 1886 tionis
1280 1866 1487 1897 nequaquam
1507 1858 1745 1897 improbamus3
1769 1858 1835 1888 Imo
1860 1864 2047 1898 optaremus
2066 1867 2139 1888 eum

1160 1899 1305 1939 graviter
1328 1899 1398 1929 51118
1421 1898 1515 1929 falsis
1540 1900 1765 1940 opinionibus,
1799 1901 1871 1931 sine
1895 1900 2138 1940 superstitione,

1160 1942 1231 1972 sine
1264 1942 1446 1972 inunodicis
1482 1943 1636 1973 oneribus
1660 1943 1797 1980 servari,
1832 1949 1863 1973 et
1886 1943 2061 1983 prodesset
2085 1953 2138 1973 ex-

1161 1982 1303 2024 emplum
1326 1984 1367 2014 ad
1392 1983 1607 2025 disciplinam,
1627 1991 1661 2015 ut
1684 1984 1795 2015 laudat
1816 1984 2000 2016 Ecclesiam
2024 1984 2138 2015 Corin-

1160 2026 1261 2057 thiam
1282 2025 1408 2058 Paulus
1431 2027 1462 2056 2.
1487 2026 1564 2058 Cor.
1585 2027 1614 2057 7.
1639 2028 1727 2068 quod
1747 2028 1891 2069 graviter
1914 2027 1999 2058 hanc
2023 2037 2139 2058 censu-

1160 2079 1230 2099 ram
1253 2075 1368 2100 contra
1391 2070 1552 2100 incestum
1575 2077 1788 2107 exercuerat,
1823 2071 1912 2111 quod
1931 2080 2004 2101 eum
2029 2069 2139 2101 exclu-

1160 2118 1262 2149 serat,
1283 2118 1402 2152 postea
1421 2122 1501 2143 vero
1525 2111 1656 2153 publice
1673 2111 1895 2143 declarantem
1907 2114 2138 2152 poenitentiam

1160 2160 1349 2195 receperat:
1373 2153 1530 2192 Tristitia,
1549 2156 1652 2196 inquit
1676 2158 1738 2193 [vs.
1754 2155 1837 2194 11.]‚
1861 2161 1973 2186 vestra
1985 2161 2138 2196 quantam

1161 2197 1315 2227 excitavit
1338 2197 1607 2238 indignationem,
1631 2196 1738 2229 zelum
1762 2204 1792 2228 ct
1819 2198 2008 2235 vindictam,
2025 2198 2059 2228 id
2078 2204 2139 2235 est,

1159 2249 1311 2280 poenam,
1334 2239 1486 2271 videlicet
1508 2240 1614 2280 ipsam
1638 2241 2008 2272 excommunicationem
2020 2239 2137 2281 polluti

1160 2288 1275 2322 stupro
1297 2292 1473 2313 novercae.

1247 2325 1313 2356 Sed
1335 2330 1412 2365 post
1428 2323 1610 2365 Apostolos
1631 2326 1864 2365 superstitione
1887 2332 2058 2356 creverunt
2085 2335 2137 2355 ca·

1160 2377 1266 2398 nones
1288 2366 1494 2405 muletarum,
1518 2367 1748 2399 indicebantur
1771 2367 1897 2409 aliquot
1909 2369 1986 2398 anni
2005 2368 2136 2398 ieiunio-

1161 2495 1205 2525 SS)
1224 2495 1368 2525 Manassae]
1387 2495 1462 2520 Editt.
1487 2495 1557 2520 l-5.
1576 2496 1666 2519 s-lo.
1686 2496 1803 2527 manasse

1161 2546 1207 2575 89)
1227 2546 1409 2578 communium]
1431 2546 1502 2571 Editt.
1523 2548 1542 2571 1.
1562 2546 1585 2570 3.
1606 2547 1718 2572 omnium
