2358 2933
93 138 155 170 733

95 215 190 245 bonis
214 213 382 254 operibus,
404 218 514 242 tamen
538 212 682 242 continet
704 210 955 251 promissionem
968 209 1060 239 bene-

94 256 159 287 ficii
182 254 313 292 Christi,
337 263 421 294 quae
444 259 493 283 est
514 254 647 294 propria
671 258 701 283 et
724 252 901 293 praecipua
914 250 1066 291 Evange-

93 297 127 329 lii
151 298 312 334 doctrina,
335 301 366 327 et
390 296 594 336 seiungenda
615 295 754 336 aLege3
784 294 887 335 gratis
910 294 994 323 enim
1018 302 1067 322 re-

94 340 188 371 mittit
209 344 349 380 11666313
372 343 404 368 et
426 338 614 378 pronuntiat
637 346 698 368 1105
721 337 839 373 iustos,
865 335 989 365 etiamsi
1003 333 1068 376 legi

94 392 161 414 non
194 379 425 412 satisfacimus.
471 379 565 415 Quor.
581 380 644 410 odo
679 385 786 409 autem
820 377 903 408 haec
927 387 1069 408 consen-

95 425 192 463 tiant,
217 424 305 464 quod
327 421 544 464 Evangelium
566 422 689 462 pariter
708 421 748 451 de
770 420 969 461 poenitentia
993 430 1069 450 con-

95 467 244 497 cionetur
277 471 308 496 et
342 464 435 506 lege,
469 471 501 495 et
523 470 632 495 tamen
654 463 830 504 promissio
853 463 895 492 sit
917 462 1070 503 gratuita,

95 509 205 540 statim
227 517 440 548 exponemus.
470 506 565 537 Prius
588 506 672 537 enim
690 505 872 536 monendus
892 510 941 535 est
953 502 1070 541 lector,

96 556 129 581 ut
165 550 341 581 discrimen
369 550 623 590 promissionum
646 549 818 583 observet3
862 546 963 578 habet
986 547 1070 577 enim

96 600 127 623 et
137 593 184 632 3ὃ)
209 592 280 623 Lex
302 592 552 632 promissiones.

183 634 249 665 Sed
272 634 442 665 sciendum
466 640 533 671 est,
562 631 710 673 duplices
735 642 811 663 6556
834 631 1070 673 promissiones

95 679 128 708 in
162 677 334 717 scripturis
369 676 494 706 divinis.
541 675 711 710 Quaedam
743 680 819 705 sunt
851 674 982 705 additae
1005 672 1070 714 legi

97 726 129 750 et
152 718 274 749 habent
298 719 518 750 conditionem
540 717 641 758 legis,
677 717 740 748 hoc
777 723 841 754 est,
877 715 1072 747 exhibentur

96 767 231 802 propter
253 760 472 801 impletionem
495 759 591 802 legis.
615 759 713 791 Tales
738 766 813 790 sunt
835 759 1072 800 promissiones

96 803 193 844 legis.
239 802 309 833 Lex
343 804 439 834 docet
474 802 583 834 Deum
617 804 737 833 bonum
766 808 798 833 et
827 801 1072 833 misericordem

97 855 190 883 esse,
224 846 284 877 sed
307 845 370 882 his,
404 847 458 886 qui
481 852 557 877 sunt
581 845 653 875 sine
671 851 820 886 peccato.
866 844 954 875 Idem
977 844 1073 875 docet

98 894 129 919 et
141 887 284 919 humana
302 889 398 925 ratio,
418 888 515 919 habet
537 888 621 918 enim
639 888 721 917 ratio
741 887 905 928 quandam
929 886 1074 917 notitiam

97 929 192 972 legis.
217 930 277 961 Hic
295 940 332 961 se
351 931 422 971 ipse
439 931 577 972 quisque
602 929 770 965 6011511131,
794 929 1017 970 deprehendet
1027 930 1073 969 39)

98 974 183 1003 6111111
216 972 407 1004 naturaliter
439 984 477 1003 56
499 974 542 1004 ita
564 973 711 1003 iudicare
734 973 774 1002 de
796 972 887 1009 Deo,
921 972 1009 1012 quod
1032 971 1073 1001 sit

98 1015 298 1052 misericors,
321 1016 379 1046 sed
402 1021 524 1046 tantum
548 1015 668 1056 dignis,
692 1014 757 1045 hoc
776 1020 837 1052 est,
856 1014 919 1052 his,
932 1015 1074 1054 quisunt

99 1057 172 1088 sine
203 1063 351 1097 peccato.
397 1058 468 1089 Nec
500 1064 611 1098 potest
645 1063 791 1088 statuere
813 1067 851 1087 se
875 1057 981 1097 ipsum
1004 1056 1073 1096 pla—

99 1109 175 1130 cere
198 1099 284 1137 Deo,
318 1109 392 1130 cum
415 1100 458 1130 sit
480 1100 634 1141 indignus
658 1108 688 1130 et
711 1100 904 1130 immundus.
950 1099 996 1128 lta
1019 1098 1072 1129 lex

99 1148 133 1173 et
153 1142 390 1182 promissiones
413 1140 513 1183 legis,
548 1152 621 1173 611111
643 1143 709 1172 sint
732 1140 991 1177 conditionales,
1025 1151 1073 1171 re-

98 1183 249 1225 linquunt
273 1185 492 1215 conscientias
516 1184 547 1214 in
572 1184 781 1214 dubitatione.

186 1224 259 1256 Alia
283 1232 332 1256 est
355 1227 528 1266 promissio
541 1224 711 1267 Evangelii
734 1227 878 1266 propria,
901 1236 985 1266 quae
1008 1235 1072 1256 non

100 1269 199 1299 habet
232 1268 452 1299 conditionem
486 1267 569 1308 legis
604 1274 756 1308 tanquam
792 1278 966 1305 caussam,
1007 1267 1072 1298 hoc

100 1317 162 1347 est,
197 1320 264 1341 non
297 1311 453 1350 promittit
485 1316 621 1351 propter
654 1310 820 1350 impletam
856 1309 979 1352 legem,
1014 1311 1072 1341 sed

99 1353 203 1395 gratis
236 1358 372 1393 propter
395 1352 571 1384 Christum.
619 1353 709 1385 Haec
744 1360 795 1384 est
824 1354 1000 1394 promissio
1024 1363 1073 1383 re-

98 1395 265 1426 missionis
289 1401 499 1435 peccatorum
523 1406 582 1426 seu
606 1395 882 1427 reconciliationis
906 1406 965 1426 seu
983 1396 1073 1426 iusti-

101 1437 279 1474 ficationis,
313 1438 353 1468 de
388 1448 452 1478 qua
486 1439 700 1469 concionatur
722 1440 899 1479 praecipue
922 1438 1073 1479 Evange-

99 1479 188 1511 lium.
234 1478 277 1510 Ut
307 1481 391 1510 enim
424 1479 507 1511 haec
541 1480 698 1511 beneficia
732 1487 844 1511 essent
868 1486 973 1517 certa,
1007 1491 1073 1511 non

101 1522 242 1562 pendent
266 1532 306 1553 ex
330 1523 518 1553 conditione
541 1522 693 1563 impletae
716 1521 810 1564 legis.
835 1523 869 1554 Si
893 1518 978 1554 enini
1001 1533 1073 1553 sen-

100 1564 244 1595 tiendum
266 1570 366 1601 esset,
390 1571 466 1595 tunc
490 1566 616 1596 demum
640 1575 699 1595 nos
713 1565 836 1596 habere
849 1566 1074 1596 remissionem

100 1612 322 1647 peccatorum,
346 1618 420 1637 qun
443 1607 508 1649 legi
531 1606 831 1645 satisfecissemus,
868 1608 1074 1648 desperanda

102 1650 246 1682 esset⁴⁰›
277 1649 425 1679 remissio
454 1656 678 1690 peccatorum.
725 1650 801 1681 ideo
827 1651 929 1692 gratis
953 1651 1075 1681 donan-

103 1698 155 1722 tur
188 1692 338 1721 remissio
362 1691 583 1722 reconciliatio
608 1702 663 1722 seu
689 1692 892 1730 iustificatio,
926 1692 990 1724 hoc
1014 1699 1075 1730 est,

102 1743 168 1764 non
201 1740 336 1773 propter
362 1741 508 1765 nostram
539 1735 737 1776 dignitatem.
782 1735 823 1765 Et
846 1742 955 1766 tamen
980 1746 1075 1777 opor—

103 1776 242 1807 tuitesse
250 1775 392 1817 aliquam
405 1777 568 1807 victimam
580 1787 639 1816 pro
649 1778 755 1808 nobis.
769 1778 845 1808 Ideo
856 1777 1008 1809 Christus
1019 1779 1075 1808 do-

102 1824 198 1849 natus
232 1824 282 1848 est
316 1819 411 1849 nobis
447 1825 476 1849 et
507 1817 612 1850 factus
647 1826 696 1850 est
723 1820 849 1858 hostia,
883 1826 917 1851 ut
941 1827 1076 1861 propter

102 1861 208 1900 ipsum
232 1867 321 1891 certo
345 1868 525 1892 statuamus
551 1871 611 1891 nos
634 1861 768 1902 placere
791 1862 889 1894 Patri.

188 1902 248 1933 Est
269 1904 379 1943 itaque
402 1902 485 1934 haec
507 1903 709 1945 Evangelica
731 1906 905 1945 promissio
929 1906 1075 1936 reconci-

101 1944 246 1976 liationis
281 1944 435 1987 legalium
458 1945 640 1983 (115511111115,
676 1948 752 1987 quia
774 1949 877 1989 gratis
900 1947 1076 1988 pollicetur

102 1993 235 2028 propter
257 1986 433 2019 Christum.
463 1989 606 2030 Ideoque
618 1988 740 2021 Paulus
765 1990 849 2021 hanc
872 1990 1076 2031 particulam,

103 2030 232 2067 Gratis,
272 2031 368 2061 1101115
409 2030 580 2072 diligenter
621 2037 651 2062 et
693 2042 793 2073 saepe
833 2031 986 2064 inculcat.
1032 2033 1076 2063 Ut

103 2071 195 2103 Rom.
220 2073 248 2102 4.
275 2075 339 2110 [vs.
356 2072 419 2111 16.]
444 2073 520 2104 Ideo
546 2074 648 2115 gratis
671 2085 710 2105 ex
731 2074 802 2115 fide,
826 2081 859 2106 111
877 2075 1074 2115 sitfi1·n1a⁴¹)

104 2114 289 2154 promissio.
352 2114 433 2145 Nam
467 2115 551 2147 haec
584 2116 764 2156 particula,
795 2117 906 2148 Gratis
942 2124 1076 2159 propter

104 2155 288 2193 Christum,
322 2155 400 2187 facit
433 2158 608 2189 discrimen
632 2159 730 2201 Legis
759 2166 790 2191 et
814 2160 995 2202 Evangelii.
1040 2161 1075 2192 Si

105 2200 188 2229 enim
222 2209 288 2229 11011
322 2199 488 2231 videamus
522 2200 608 2231 113116
638 2201 828 2242 particulam
865 2203 905 2234 de
935 2204 1076 2244 gratuita

104 2242 332 2283 promissione,
356 2248 464 2273 manet
487 2243 518 2273 in
536 2244 650 2274 animis
675 2245 845 2283 dubitatio,
869 2252 899 2276 et
924 2245 1074 2286 Evange-

104 2283 182 2315 lium
215 2282 467 2315 transformatur
501 2286 532 2316 in
568 2285 690 2327 legem,
726 2294 756 2318 et
788 2287 886 2319 nihilo
916 2289 1074 2319 certiores

106 2396 151 2426 38)
171 2398 196 2420 et
214 2396 292 2421 abest
309 2396 344 2420 ab
362 2396 434 2421 Editt.
457 2398 526 2422 1—4.
546 2396 620 2422 6-9.
643 2399 679 2423 12.

105 2446 151 2476 39)
172 2446 356 2477 deprehendet]
376 2447 418 2472 Ed.
439 2448 489 2474 22..
508 2450 567 2478 opp.
589 2449 610 2470 1.
631 2450 653 2473 2.
674 2449 839 2479 deprehendit

107 2497 151 2526 40)
169 2497 250 2528 esset]
268 2497 340 2522 Editt.
360 2497 399 2520 22.
420 2498 460 2521 24.
481 2498 520 2521 28.
540 2501 580 2524 est

108 2548 152 2575 tt)
170 2548 201 2572 sit
219 2547 301 2579 firma]
323 2549 395 2573 Editt.
416 2549 454 2571 22.
475 2550 514 2572 24.
535 2550 650 2575 28—34..
670 2550 729 2581 opp.
751 2552 772 2573 1.
793 2552 814 2575 2.
834 2551 903 2576 firma
923 2552 953 2577 sit

571 136 593 165 1.
618 134 717 166 LOCI
739 131 1013 165 THEOLOGICI:
1037 132 1078 163 D.
1101 129 1260 162 TERTIA
1276 126 1433 160 EORUM
1452 125 1606 157 AETAS.

2022 117 2083 149 734

1109 208 1214 238 reddit
1248 204 1470 236 conscientias
1503 203 1543 233 de
1571 200 1764 231 remissione
1792 200 2002 238 peccatorum
2025 203 2083 224 seu

1108 249 1349 285 iustificatione,
1373 256 1470 287 quam
1493 244 1548 275 lex
1567 248 1623 274 aut
1646 238 1795 272 naturale
1819 237 1969 269 iudicium
1987 237 2083 266 ratio-

1109 293 1170 322 nis.
1217 290 1310 321 Sicut
1347 287 1528 319 adversarii
1563 285 1678 322 nostri,
1713 283 1773 313 etsi
1802 279 2024 312 vociferantur
2048 287 2085 307 se

1110 334 1231 365 docere
1254 330 1490 373 Evangelium,
1524 335 1648 364 tamen,
1683 326 1759 367 quia
1792 334 1859 355 non
1893 323 2009 354 docent
2045 320 2085 350 de

1111 376 1254 417 gratuita
1289 370 1576 407 reconciliatione,
1599 368 1785 409 relinquunt
1809 364 2030 397 conscientias
2053 363 2085 392 in

1112 418 1323 454 dubitatione,
1346 422 1378 446 et
1401 425 1460 455 pro
1480 411 1661 454 Evangelio
1682 412 1800 441 docent
1813 409 1936 449 Legem
1948 412 2003 436 aut
2024 405 2085 435 He-

1112 461 1252 497 siodum,
1277 460 1341 490 1106
1365 464 1431 494 est,
1454 456 1607 487 iudicium
1629 452 1779 484 naturale
1801 451 1949 482 rationis.
1995 447 2085 489 Ergo

1112 502 1310 534 intendenda
1334 510 1427 531 mens
1451 505 1501 530 est
1525 503 1623 538 atque
1636 494 1724 527 oculi
1736 496 1768 525 in
1780 494 1867 525 hanc
1879 488 2087 533 particulam,

1114 545 1237 576 Gratis.
1282 544 1359 574 Ideo
1383 542 1468 574 enim
1490 549 1631 571 necesse
1655 544 1706 569 est
1730 538 1770 568 de
1793 536 1935 578 gratuita
1944 535 1990 569 η)
2013 542 2088 582 pro-

1112 588 1270 618 missione
1283 587 1414 623 docere,
1425 590 1461 615 ut
1473 593 1528 614 res
1541 583 1581 613 sit
1591 587 1692 618 certa,
1706 586 1739 610 ut
1751 577 1961 610 conscientiis
1971 584 2088 605 exima-

1114 636 1165 661 tur
1178 629 1348 666 dubitatio,
1364 634 1399 658 ut
1417 626 1560 657 habeant
1578 624 1703 655 firmam
1717 620 1978 653 consolationem
1990 618 2022 647 in
2034 626 2088 647 ve-

1115 674 1159 703 ris
1172 672 1365 703 terroribus.
1400 669 1437 699 ln
1448 668 1500 699 his
1513 669 1598 698 enim
1610 676 1691 697 vere
1703 664 1837 696 iudicari
1853 667 1973 703 potest,
1994 669 2091 700 quam

1115 716 1155 746 sit
1177 725 1260 756 opus
1278 714 1341 745 hac
1359 712 1501 754 gratuita
1520 710 1750 751 promissione.
1784 706 1825 737 Et
1844 706 1886 737 ad
1902 704 1966 734 1106
1987 707 2090 733 certa-

1116 767 1190 789 men
1201 757 1285 788 haec
1298 755 1449 786 doctrina
1462 754 1602 784 maxime
1613 751 1787 783 referenda
1799 755 1860 780 est.

1202 799 1285 830 lllud
1298 804 1407 830 autem
1420 797 1588 827 sciendum
1600 801 1661 832 est,
1673 793 1924 835 promissionem
1937 799 2090 833 oportere

1118 843 1182 874 fide
1194 842 1310 882 accipi.
1325 841 1360 872 ld
1368 839 1490 871 Paulus
1504 839 1599 869 docet
1622 837 1717 869 Rom.
1731 837 1761 867 4.
1776 839 1840 875 [vs-
1853 835 1916 874 16]
1931 835 2007 866 Ideo
2020 846 2091 877 gra-

1118 887 1158 916 tis
1171 896 1211 916 ex
1224 884 1299 921 fide,
1311 890 1346 915 ut
1361 884 1401 913 sit
1415 882 1507 913 firma
1519 881 1706 922 promissio.
1726 879 1914 909 Etloannes
1927 879 1969 909 ait
1984 878 2027 917 [1.
2041 888 2089 918 ep.

1116 928 1148 965 5,
1164 928 1244 966 10.]:
1270 927 1333 962 Qui
1346 936 1412 957 non
1425 925 1527 955 credit
1539 923 1625 961 Deo,
1643 923 1835 954 mendacem
1852 920 1931 952 facit
1942 931 2015 952 611111
2028 927 2090 951 etc.

1117 970 1260 1002 Proinde
1278 967 1442 1010 particula
1455 967 1565 998 Gratis
1580 976 1645 997 non
1658 965 1804 996 excludit
1816 964 1924 1001 fidem,
1943 964 2002 994 sed
2015 974 2091 994 con-

1118 1014 1271 1044 ditionem
1304 1018 1439 1042 nostrae
1473 1010 1640 1051 dignitatis
1672 1007 1833 1045 excludit,
1869 1012 1900 1037 et
1933 1004 2091 1037 transfert

1117 1065 1271 1086 caussam
1291 1053 1439 1085 beneficii
1461 1052 1586 1083 anobis
1604 1052 1636 1082 in
1649 1050 1825 1082 Christum.
1855 1049 1967 1090 ltaque
1986 1059 2093 1090 neque

1118 1098 1334 1129 obedientiam
1359 1102 1509 1126 nostram
1533 1093 1692 1131 excludit,
1715 1098 1841 1124 tantum
1864 1101 2015 1122 caussam
2039 1093 2092 1121 be-

1118 1141 1224 1171 neficii
1264 1150 1283 1170 a
1323 1139 1483 1180 dignitate
1524 1143 1659 1167 nostrae
1699 1135 1902 1166 obedientiae
1937 1132 2091 1164 transfert

1117 1184 1149 1213 in
1173 1182 1356 1218 Christum,
1391 1187 1425 1210 ut
1450 1179 1643 1210 beneficium
1666 1179 1708 1209 sit
1731 1183 1863 1208 certum.
1910 1175 2092 1207 Conciona-

1118 1232 1169 1256 tur
1192 1225 1291 1265 igitur
1312 1221 1528 1263 Evangelium
1551 1222 1592 1252 de
1614 1220 1829 1262 poenitentia,
1864 1219 1923 1249 sed
1945 1224 1979 1249 ut
2004 1224 2092 1249 certa

1117 1269 1157 1298 sit
1182 1265 1425 1302 reconciliatio,
1460 1265 1556 1296 docet
1587 1264 1705 1294 remitti
1727 1268 1867 1303 peccata
1891 1267 1921 1291 et
1940 1270 2002 1291 nos
2024 1259 2092 1301 pla-

1119 1320 1194 1341 cere
1213 1309 1304 1345 Deo,
1335 1319 1401 1338 non
1425 1314 1559 1348 propter
1582 1307 1773 1347 dignitatem
1795 1304 2014 1346 poenitentiae
2036 1309 2092 1333 aut

1118 1359 1253 1383 nostrae
1287 1352 1451 1382 novitatis.
1497 1350 1587 1380 Haec
1621 1356 1671 1379 est
1700 1347 1889 1379 necessaria
1913 1344 2094 1377 consolatio

1117 1396 1177 1436 piis
1202 1394 1424 1425 conscientiis.
1470 1393 1580 1433 Atque
1601 1391 1679 1422 111116
1701 1391 1836 1422 iudicari
1859 1394 1986 1430 potest,
2015 1396 2094 1428 quo-

1118 1438 1216 1468 modo
1238 1437 1323 1467 haec
1347 1436 1571 1472 consentiant,
1606 1434 1693 1476 quod
1718 1434 1856 1464 diximus
1879 1429 2094 1472 Evangelium

1119 1480 1306 1511 concionari
1331 1479 1371 1509 de
1394 1478 1612 1519 poenitentia,
1648 1483 1680 1507 et
1708 1483 1816 1507 tamen
1840 1475 1942 1516 gratis
1965 1472 2095 1514 promit-

1119 1529 1187 1553 tere
1210 1520 1519 1553 reconciliationem.
1565 1520 1633 1551 Sed
1651 1520 1692 1550 de
1714 1519 1779 1550 hac
1798 1517 1975 1550 collatione
1997 1513 2095 1556 paulo

1118 1571 1193 1606 post
1224 1565 1389 1605 copiosius
1414 1564 1570 1594 (1166111115.

1204 1607 1327 1638 Definit
1362 1607 1472 1647 itaque
1496 1604 1648 1636 Christus
1672 1604 1887 1646 Evangelium
1911 1604 2023 1636 Lucae
2048 1604 2094 1636 ul-

1120 1651 1208 1688 timo,
1232 1649 1330 1690 plane
1349 1656 1384 1679 ut
1406 1648 1540 1683 artifex,
1577 1658 1650 1679 cum
1672 1648 1761 1678 iubet
1785 1648 1905 1678 docere
1927 1648 2094 1688 poeniten-

1119 1694 1196 1723 tiam
1231 1698 1262 1723 et
1297 1692 1523 1723 remissionem
1558 1696 1772 1731 peccatorum
1806 1691 1837 1721 in
1871 1690 1999 1721 nomine
2022 1700 2093 1722 suo.

1120 1735 1178 1766 Est
1213 1736 1310 1777 igitur
1333 1733 1548 1775 Evangelium
1581 1733 1780 1774 praedicatio
1814 1733 2035 1773 poenitentiae
2063 1739 2094 1763 et

1121 1779 1312 1818 promissio,
1346 1787 1443 1818 quam
1478 1776 1561 1806 ratio
1597 1786 1661 1806 non
1684 1782 1772 1806 tenet
1795 1773 2006 1812 naturaliter,
2035 1776 2094 1806 sed

1121 1819 1267 1851 revelata
1292 1819 1456 1857 (1111111135,
1480 1819 1512 1849 111
1536 1829 1601 1859 qua
1624 1818 1717 1849 Deus
1741 1817 1926 1859 pollicetur,
1949 1827 1986 1848 se
2020 1828 2093 1858 pro-

1121 1870 1192 1904 pter
1216 1862 1380 1893 Christum
1414 1861 1514 1892 filitun
1548 1872 1643 1892 suum
1676 1862 1843 1892 remittere
1875 1865 2027 1901 peccata,
2062 1867 2093 1892 et

1122 1916 1182 1936 nos·
1206 1906 1393 1946 pronuntiat
1422 1906 1544 1941 1115105,
1579 1904 1611 1934 id
1635 1910 1704 1941 est,
1740 1908 1917 1944 acceptos,
1941 1908 1972 1934 et
1995 1903 2093 1934 donat

1122 1948 1275 1989 Spiritum
1298 1953 1448 1978 sanctum
1472 1953 1502 1977 et
1526 1947 1625 1977 'vitam
1648 1952 1826 1983 aeternam,
1851 1945 1948 1976 modo
1974 1952 2006 1976 ut
2025 1956 2093 1976 cre-

1122 1992 1247 2027 damus,
1267 1989 1331 2020 hoc
1344 1996 1407 2027 est,
1422 1989 1635 2026 confidamus,
1648 1989 1732 2020 haec
1746 1989 1842 2019 nobis
1855 1993 1989 2029 propter
2002 1987 2093 2019 Chri-

1120 2040 1206 2064 stum
1218 2034 1364 2067 cei-10⁴³>
1385 2032 1584 2073 contingere.
1616 2031 1727 2073 Atque
1742 2030 1826 2062 haec
1845 2031 1948 2072 gratis
1960 2029 2092 2070 pollice-

1120 2083 1182 2113 tur,
1200 2081 1234 2106 ut
1252 2076 1316 2105 sint
1336 2081 1436 2105 certa.
1461 2074 1552 2105 Haec
1570 2074 1612 2104 sit
1624 2073 1795 2116 Evangelii
1809 2072 1963 2110 definitio,
1983 2073 2015 2103 in
2028 2083 2092 2114 qua

1122 2119 1223 2149 tribus
1242 2118 1396 2148 membris
1421 2116 1583 2157 complexi
1606 2126 1718 2147 sumus
1741 2114 1898 2146 beneficia
1919 2114 2092 2157 Evangelii

1120 2162 1267 2202 propria,
1287 2158 1424 2197 scilicet,
1441 2160 1528 2200 quod
1541 2165 1674 2200 propter
1692 2158 1858 2189 Christum
1871 2158 1972 2199 gratis
1986 2158 2091 2188 remit-

1120 2210 1231 2235 tantur
1253 2208 1402 2242 pet-cata,
1426 2202 1514 2243 quod
1537 2202 1640 2243 gratis
1659 2201 1905 2242 pronuntiemur
1917 2200 2003 2238 iusti,
2027 2200 2090 2231 hoc

1120 2253 1181 2284 est,
1216 2243 1418 2276 reconciliati
1441 2254 1501 2275 seu
1523 2244 1665 2284 accepti,
1691 2250 1722 2274 et
1745 2243 1905 2274 haeredes
1928 2242 2014 2273 vitae
2037 2253 2090 2273 ae-

1119 2295 1240 2319 ternae.
1286 2287 1378 2318 Haec
1411 2287 1472 2317 tria
1505 2287 1650 2317 membra
1683 2285 1782 2326 paulo
1815 2290 1891 2325 post
1914 2284 2089 2326 explicabi-

1118 2341 1200 2362 mus.
1245 2330 1384 2372 Tantum
1417 2328 1470 2360 hic
1503 2329 1698 2365 memineriS,
1721 2327 1805 2358 haec
1826 2328 1959 2368 propria
1982 2327 2088 2359 Evan—

1119 2434 1164 2464 4⁶2,
1184 2433 1215 2457 de
1233 2432 1353 2463 gratuita]
1374 2432 1445 2457 Editt.
1465 2432 1503 2456 22.
1523 2432 1562 2456 24.
1582 2431 1612 2454 28
1628 2444 1658 2447 —
1673 2430 1729 2459 34.‚
1755 2429 1827 2460 Coi-p.
1848 2429 1871 2452 2.
1891 2430 1923 2458 4.,
1942 2430 2000 2460 Opp,
2023 2431 2042 2453 t.
2064 2432 2086 2454 ι),

1187 2467 1218 2491 de
1237 2467 1284 2490 hac
1300 2467 1409 2495 gratuita

1119 2520 1163 2547 413>
1183 2522 1251 2542 certo
1271 2515 1426 2547 contingere]
1448 2516 1489 2541 Ed.
1511 2517 1548 2541 18.
1569 2518 1638 2540 certe
1656 2515 1819 2544 contingere;
1839 2514 1910 2539 Editt.
1928 2514 1968 2537 22.
1987 2515 2026 2537 24.
2046 2516 2085 2538 28.

1188 2552 1225 2575 29,
1246 2550 1364 2575 31—:2·.2:..
1385 2551 1445 2580 opp.
1466 2550 1487 2572 1.
1508 2550 1530 2572 2.
1550 2550 1695 2578 contingere
1715 2549 1836 2577 (omissa
1852 2553 1918 2573 voce
1935 2550 2016 2579 certo)
