2358 2933
269 143 329 174 703

269 239 298 267 in
323 235 372 265 his
404 232 556 275 periculis
581 242 734 264 exercere
755 232 867 270 tidem,
899 233 1020 264 docere
1043 232 1146 270 alios,
1172 232 1238 263 vult

269 279 414 317 conspici
439 276 622 307 testimonia
646 275 826 311 doctrinae,
851 285 935 315 quae
952 274 1045 306 Deus
1068 286 1126 315 per
1148 276 1240 315 ipsos

268 320 413 352 exhibet.
447 317 513 349 vult
543 318 710 348 subiectos
741 328 816 347 esse
829 318 876 357 55)
909 318 1069 348 communi
1093 318 1240 348 servituti

268 371 401 403 propter
415 361 631 392 obedientiam
647 359 719 390 Deo
741 360 889 390 debitam.
909 359 954 389 lta
971 359 1040 390 Lex
1055 359 1131 390 facit
1147 370 1240 390 exae-

268 406 452 446 quationem
465 403 617 433 omnium.
632 400 741 432 officia
754 403 928 442 imperans.
942 403 972 432 in
986 403 1104 442 quibus
1117 397 1240 443 siiiguli

267 445 402 487 singulis
428 445 584 481 serviunt.
605 454 676 474 cum
701 442 809 474 officia
832 454 892 474 sua
915 442 1050 481 faciunt,
1074 450 1107 475 ut
1127 454 1240 474 omnes

268 491 367 519 simus
401 488 495 518 unius
530 487 678 526 corporis
711 487 873 522 membra,
909 492 1018 516 mutua
1053 485 1238 523 dilectione,

267 531 383 562 mutuis
407 529 524 560 officiis
550 529 724 559 coniuncti.
748 536 781 559 ut
795 527 869 558 Deo
885 529 1084 559 obediamus,
1120 528 1239 559 Disca—

267 585 338 604 mus
362 573 458 613 igitur
482 572 624 612 praecipi
648 570 719 600 hir.
751 577 785 600 ut
809 571 991 601 communia
1016 580 1116 601 onera
1139 572 1238 601 totius

268 617 352 646 xime
375 622 405 645 et
430 624 629 644 communem
645 614 834 644 servitutem
849 611 1003 649 seramus,
1030 612 1238 644 conferamus

266 668 397 698 opei'as.
422 666 461 686 ac
484 656 724 686 meminerimus·
748 666 809 685 nos
832 666 851 685 a
870 654 943 685 Deo
966 656 1007 685 ad
1026 654 1111 685 hanc
1133 654 1238 696 politi-

266 712 337 731 cam
379 700 567 729 societatem
607 698 756 728 conditos
796 708 877 727 esse.
937 697 1009 727 Non
1044 699 1129 727 enim
1163 698 1240 728 dicit

267 744 367 782 prima
398 741 482 772 Lex.
519 740 649 775 Quaere
679 739 902 776 solitudinem,
936 746 1009 769 tuas
1040 739 1236 779 voluptates,

265 785 364 816 facito
399 784 455 814 tibi
491 783 606 819 otium,
648 782 707 812 sed
735 782 851 822 inquit:
887 781 1020 812 Honora
1053 787 1177 821 patrem
1207 787 1239 811 et

265 834 416 858 matrem.
444 826 551 855 sancit.
578 825 711 864 imperia
735 830 764 853 et
790 824 1016 854 obedientiam.
1063 824 1237 854 Discamus

263 871 361 910 igitur
391 875 419 898 ct
448 878 545 908 opera
578 867 742 897 secundae
773 865 902 896 tabulae
928 876 1005 895 vere
1031 876 1107 896 esse
1131 864 1237 895 cultus

267 912 338 942 Dei.
363 918 395 941 ut
416 921 516 949 supra
540 909 699 948 descripsi
724 907 849 945 cultus,
874 907 1001 938 scilicet
1025 918 1097 938 cum
1121 908 1238 948 guber—

265 962 382 984 nantur
405 963 422 983 a
449 953 563 982 timore
585 950 648 981 Dei
675 958 703 981 et
730 951 803 981 fide.
850 950 960 985 Quare
983 950 1079 980 toties
1103 950 1135 979 in
1158 949 1238 979 Pro—

265 997 386 1037 phetis.
413 1006 485 1024 cum
511 993 543 1023 iit
569 992 700 1023 collatio
725 992 886 1029 cultuum,
910 991 1136 1022 anteferuntur
1159 990 1238 1031 poli-

264 1040 329 1070 tica
353 1036 462 1068 officia
486 1036 689 1073 ceremoniis,
716 1035 777 1065 les.
795 1035 822 1064 l.
848 1034 991 1073 [vs-111]
1016 1034 1158 1064 Iudicate
1181 1044 1237 1073 pu-

264 1079 341 1122 pillo
371 1087 432 1110 etc.
478 1078 518 1108 Et
541 1078 592 1108 58.
624 1081 685 1115 [vs.
712 1078 754 1115 7.]
787 1077 916 1117 Frange
939 1077 1093 1107 esurienti
1120 1086 1237 1116 panem

265 1133 364 1155 tuum,
397 1123 504 1152 Oscae
527 1121 558 1151 (i.
590 1124 652 1157 lvs.
671 1120 717 1158 5.]
743 1118 842 1150 Zach.
869 1119 897 1148 7.
923 1121 985 1156 [vs.
1005 1118 1048 1156 9.1
1085 1119 1239 1149 Iudicium

266 1176 377 1197 verum
400 1164 547 1195 iudicate,
595 1162 633 1192 Et
662 1163 801 1192 maxime
832 1162 915 1191 haec
946 1159 1057 1191 officia
1088 1160 1238 1191 Christus

265 1214 378 1239 ornat.
416 1217 487 1237 cum
518 1205 704 1235 mandatum
734 1205 774 1234 de
815 1203 988 1234 dilectione
1022 1204 1161 1242 proximi
1196 1203 1239 1232 ait

265 1260 342 1281 esse
355 1247 458 1279 simile
470 1249 585 1288 primo,
599 1246 662 1277 hoc
676 1254 736 1278 est.
756 1246 860 1277 Deum
879 1246 1094 1276 obedientiam
1108 1246 1138 1275 in
1151 1251 1239 1275 utro-

265 1302 329 1333 que
357 1300 480 1333 genere
507 1288 602 1320 simul
632 1288 816 1329 postulare.
852 1294 880 1318 et
912 1288 1080 1328 utriusque
1108 1287 1238 1327 generis

266 1333 375 1365 officia
400 1332 507 1364 cultus
532 1331 592 1362 Dei
619 1341 703 1361 esse.

473 1459 531 1489 DE
555 1457 737 1493 QUARTo
762 1455 1031 1488 PRAECEPTO.

353 1546 485 1575 Ordimr
516 1550 625 1574 autem
660 1547 809 1583 quartum
840 1546 1050 1581 praeceptum
1084 1550 1102 1570 a
1137 1540 1240 1580 primo

267 1589 371 1631 gradu
390 1587 536 1627 Imperii.
562 1584 688 1616 scilicet
711 1594 731 1615 a
753 1584 956 1624 parentibus,
981 1583 1035 1624 qui
1061 1582 1177 1612 debent
1192 1583 1240 1621 ⁸⁹)

267 1641 341 1661 esse
365 1628 484 1671 regula
507 1627 644 1659 aliomm
668 1627 935 1667 gubernatorum,
960 1626 1000 1656 de
1024 1625 1141 1665 quibus
1165 1623 1241 1654 alibi

266 1674 393 1709 dicitur,
417 1679 451 1702 ut
476 1671 570 1702 Rom.
594 1669 642 1700 133.
666 1669 705 1699 Et
729 1669 926 1708 praecipitur
949 1676 1094 1698 summus
1118 1667 1241 1707 gradus

266 1715 488 1750 obedientiae,
525 1712 650 1743 scilieet
680 1711 805 1748 honos,
841 1711 894 1751 qui
918 1710 980 1740 tria
1003 1707 1240 1749 complectitur.

267 1758 408 1787 Primum
422 1756 620 1797 agnitionem
633 1753 705 1790 Dei.
730 1763 826 1793 quem
844 1758 970 1783 statuas
994 1761 1069 1782 esse
1093 1756 1240 1781 autorem

268 1800 430 1831 humanae
454 1797 708 1828 consociationis
732 1803 797 1826 tum
821 1796 852 1826 in
878 1794 1030 1835 coniugio
1049 1800 1114 1823 tum
1135 1794 1166 1823 in
1184 1803 1240 1833 po-

267 1842 344 1873 litia.
402 1841 435 1871 ln
471 1840 522 1870 his
558 1839 815 1869 ordinationibus
850 1837 1050 1877 conspicitur
1083 1836 1240 1875 sapientia

267 1885 341 1921 Dei,
368 1884 498 1913 bonitas
522 1892 601 1922 erga
627 1891 700 1917 nos,
725 1880 858 1917 iustitia,
882 1880 931 1910 ira
953 1879 1114 1909 adversus
1138 1876 1241 1908 scele-

269 1933 372 1963 ratos,
396 1924 544 1955 defensio
567 1923 781 1954 innocentiae.
815 1921 876 1952 Est
898 1922 997 1962 igitur
1013 1920 1121 1950 honos
1138 1929 1240 1961 agno-

270 1978 376 2005 scere,
399 1967 484 1998 hanc
508 1967 698 1996 societatem
723 1975 798 1995 esse
823 1974 904 2004 opus
929 1963 1240 1999 divinum,testimo-

270 2013 354 2041 nium
378 2010 619 2050 providentiae,
642 2006 787 2037 salutare
810 2006 950 2037 humano
974 2006 1098 2047 generi,
1121 2005 1241 2035 bonum

270 2061 298 2084 et
320 2053 506 2089 honestum,
531 2057 562 2081 et
577 2060 686 2081 amare
702 2050 788 2080 hunc
812 2049 957 2079 ordinem
979 2052 1113 2088 propter
1136 2046 1240 2077 Deum

271 2102 301 2126 et
324 2101 460 2135 propter
482 2092 663 2129 utilitatem,
687 2098 718 2122 et
739 2092 802 2131 piis
824 2091 977 2131 precibus
993 2089 1097 2120 aDeo
1116 2095 1240 2129 petere,

270 2146 303 2168 ut
324 2138 393 2176 ipse
408 2141 592 2167 conservet.
618 2135 771 2165 Secundo
786 2132 1012 2174 complectitur
1025 2131 1241 2162 obedientiam

271 2186 447 2216 externam,
462 2185 494 2209 ut
508 2178 732 2208 communibus
740 2174 855 2207 officiis
868 2181 1015 2206 tueamur
1026 2172 1241 2215 politias,non

272 2221 496 2252 dilaceremus.
531 2219 640 2250 Tertio
659 2221 835 2255 ἐπιείκειαν,
859 2227 923 2258 qua
944 2218 976 2247 in
1000 2223 1091 2247 tanta
1112 2215 1242 2246 infirmi-

272 2270 336 2294 tate
364 2263 505 2293 humana
529 2262 687 2302 quaedam
710 2266 818 2292 errata
843 2260 1063 2290 condonemus
1086 2258 1240 2298 imperiis,

272 2313 305 2336 et
331 2316 369 2336 ea
403 2312 516 2335 nostra
549 2305 726 2344 aequitate,
760 2303 982 2334 moderatione
1016 2307 1048 2332 et
1077 2299 1243 2341 diligentia

274 2358 426 2378 sanemus
450 2354 479 2376 et
504 2347 700 2383 sarciamus,
730 2346 779 2375 sie
801 2351 926 2381 tamen,
954 2354 995 2374 ne
1018 2349 1132 2374 contra
1154 2352 1243 2373 man-

275 2391 349 2421 data
372 2388 433 2420 Dei
458 2388 624 2419 faciamus.

278 2520 321 2545 μ’)
347 2525 404 2542 esso
424 2518 501 2542 abest
520 2518 554 2542 ab
573 2517 645 2541 Editt.
667 2517 705 2541 ¹22².
725 2517 770 2540 24..
791 2516 848 2545 Opp.
872 2517 890 2539 l.
910 2517 931 2540 2.

278 2570 323 2599 ω)
348 2568 450 2599 debent]
473 2567 542 2593 Editt.
566 2569 584 2591 1.
605 2569 626 2591 ⁵2.
647 2567 749 2590 4—15.
773 2567 809 2590 19.
832 2566 904 2590 debet

894 140 1001 171 PlllL.
1026 140 1125 171 MEL.
1156 139 1340 172 SCRIPTA
1362 140 1632 172 DooMATch.

2195 145 2255 177 704

1370 233 1522 264 Discerni
1555 239 1663 264 autem
1696 243 1750 264 res
1783 244 1802 264 a
1837 236 1988 274 personis
2021 236 2151 267 debent.
2194 237 2254 269 Hic

1285 273 1402 316 triplex
1425 275 1549 312 honos,
1573 286 1667 315 quem
1691 276 1767 313 dixi,
1791 286 1918 317 semper
1940 278 2077 308 debetur
2099 279 2254 319 imperiis,

1284 317 1348 349 hoc
1372 323 1438 355 est,
1461 319 1521 358 ipsi
1545 319 1696 348 societati
1720 318 1881 359 coniugali
1905 325 1936 350 et
1957 320 2121 360 politicae,
2144 321 2253 352 devin-

1285 366 1356 390 ctae
1378 359 1526 390 honestis
1550 359 1690 400 legibus,
1709 370 1791 400 quas
1803 360 1895 392 Deus
1913 363 2075 393 mentibus
2090 361 2254 394 hominum

1283 403 1407 439 indidit,
1431 408 1461 432 et
1484 401 1556 432 aliis
1579 403 1672 433 iustis
1694 401 1835 433 legibus.
1880 404 1935 434 Sic
1958 404 2085 442 Patres,
2108 404 2253 445 Prophe-

1284 450 1348 481 tae,
1373 443 1524 475 Christus
1548 450 1580 475 et
1601 427 1754 485 Apostoli
1778 455 1909 485 semper
1925 452 2131 486 agnoverunt
2144 448 2254 478 coniu-

1283 488 1371 527 gium
1400 493 1431 517 et
1459 485 1625 527 politicum
1649 487 1793 517 ordinem
1818 496 1894 517 esse
1917 497 2018 527 opera
2041 494 2072 519 et
2096 489 2254 520 beneficia

1282 528 1362 566 Dei,
1396 529 1480 559 sicut
1508 530 1598 559 vices
1632 534 1775 559 motuum
1805 534 1837 559 et
1866 535 2045 569 temporum
2075 536 2107 561 et
2134 530 2254 562 multos

1282 572 1382 601 miros
1406 577 1541 601 eventus
1565 572 1858 601 consideraverunt
1881 572 1913 601 in
1935 571 2073 611 politiis‚
2095 573 2181 603 unde
2205 583 2254 604 ra-

1282 614 1426 644 tiocinati
1460 618 1552 649 sunt,
1586 612 1659 643 Deo
1689 624 1788 644 curae
1822 623 1897 644 esse
1931 624 2034 655 genus
2067 614 2252 647 humanum.

1282 655 1411 686 interim
1442 660 1548 685 tamen
1576 654 1636 685 has
1665 656 1753 695 ipsas
1782 665 1836 686 res
1865 666 1882 685 a
1910 657 2061 696 personis
2085 663 2117 687 et
2139 667 2159 687 a
2177 656 2254 688 Dia-

1284 697 1349 728 boli
1377 698 1531 737 operibus
1560 697 1806 735 discernebant,
1839 699 1909 738 qui,
1945 708 2008 739 quo
2032 699 2155 730 maiora
2177 706 2253 730 sunt

1281 739 1343 770 Dei
1368 749 1478 779 opera,
1503 749 1542 769 eo
1566 737 1720 770 furiosius
1741 750 1779 770 ea
1802 740 1997 777 deformare,
2022 746 2199 772 concutere
2220 748 2253 772 et

1282 788 1431 812 evertere
1461 786 1607 811 conatur.
1658 781 1800 811 Amabat
1830 783 1925 823 igitur
1947 782 2070 813 Paulus
2098 782 2252 823 politiam,

1281 824 1344 854 hoc
1369 829 1429 859 est,
1453 821 1546 853 leo-es
1569 823 1693 862 imperii
1710 822 1858 860 Romani,
1881 829 1912 854 et
1928 823 1979 855 his
1998 826 2252 866 obtemperabat.

1282 865 1349 896 Sed
1373 864 1488 905 Caligu
1503 875 1554 894 am
1579 870 1610 895 et
1632 864 1795 895 Neronem
1819 875 1883 895 non
1914 868 2059 903 amabat,
2089 868 2153 898 imo
2176 877 2252 898 exe-

1281 909 1435 938 crabatur
1457 912 1611 947 tanquam
1635 916 1759 947 organa
1771 906 1915 944 Diaboli,
1941 907 2113 940 maledicta
2136 909 2253 946 aDeo,

1281 960 1417 990 quorum
1446 948 1629 979 sceleribus
1658 950 1870 979 contaminari
1898 955 1998 980 totam
2023 960 2131 982 rerum
2160 957 2252 982 natu-

1281 1002 1349 1022 ram
1371 992 1511 1022 videbat.
1557 990 1648 1021 Haec
1672 991 1833 1022 distinctio
1858 992 1898 1022 de
1920 993 2018 1023 rebus
2044 998 2076 1023 et
2098 994 2252 1033 personis

1281 1034 1489 1065 observanda
1512 1039 1574 1070 est,
1606 1038 1639 1063 ut
1665 1044 1765 1073 opera
1787 1033 1850 1064 Dei
1877 1035 1917 1064 ab
1942 1035 2098 1075 operibus
2120 1034 2253 1067 Diaboli

1282 1077 1519 1106 discernantur.
1564 1075 1615 1105 Ac
1643 1077 1747 1116 magis
1774 1077 1893 1106 amabit
1926 1083 1958 1107 et
1991 1077 2194 1108 reverebitur
2206 1079 2252 1113 ⁹⁰)

1281 1119 1370 1158 ipsas
1394 1117 1526 1158 politias
1550 1122 1581 1148 et
1602 1116 1721 1158 Leges,
1745 1118 1798 1158 qui
1820 1119 1937 1158 poterit
1961 1129 2014 1149 res
2038 1125 2069 1150 et
2091 1129 2252 1159 personas

1282 1161 1483 1197 discernere,
1509 1165 1540 1190 et
1563 1160 1691 1190 intuens
1714 1161 1747 1190 in
1771 1166 1893 1191 tantam
1917 1159 2142 1192 confusionem
2153 1162 2253 1202 impe-

1281 1203 1417 1239 riorum,
1437 1212 1520 1243 quae
1544 1202 1644 1232 oritur
1667 1201 1842 1233 aDiabolo
1867 1208 1898 1233 et
1922 1204 1990 1234 eius
2014 1203 2163 1244 organis,
2187 1213 2254 1234 ma-

1280 1246 1340 1275 iori
1365 1255 1437 1275 cum
1460 1243 1575 1274 dolore
1598 1245 1760 1284 spectabit
1779 1244 1911 1275 Diaboli
1933 1246 2121 1284 potentiam,
2144 1246 2198 1286 qui
2219 1246 2252 1276 in

1281 1297 1407 1317 summo
1447 1285 1521 1316 loco
1562 1286 1808 1325 gubernationis
1841 1288 1978 1317 maxima
2010 1286 2189 1328 petulantia
2222 1293 2254 1318 et

1281 1330 1452 1359 atrocitate
1476 1328 1623 1358 declarat
1649 1329 1757 1358 odium
1779 1328 1940 1359 adversus
1966 1328 2090 1367 Deum,
2120 1335 2153 1360 et
2176 1339 2251 1360 con—

1282 1377 1436 1410 temptum
1461 1371 1590 1411 generis
1619 1369 1748 1400 humani
1771 1376 1803 1400 et
1826 1372 1996 1401 saevitiam
2019 1381 2123 1402 suam.
2168 1371 2253 1406 Quid

1283 1414 1366 1444 enim
1389 1413 1618 1449 monstrosius,
1642 1413 1769 1452 turpius
1788 1418 1820 1442 et
1842 1412 2091 1443 abominabilius
2115 1414 2253 1454 cogitari

1281 1460 1389 1496 potest
1420 1455 1567 1495 tyrannis
1596 1455 1737 1484 omnium
1760 1460 1956 1494 temporum,
1985 1460 2017 1485 et
2040 1465 2136 1495 quam
2158 1455 2253 1496 pauci

1283 1498 1432 1528 omnibus
1465 1496 1626 1527 aetatibus
1659 1495 1789 1526 fuerunt
1823 1502 1855 1526 et
1884 1501 1960 1526 sunt
1989 1495 2043 1527 vel
2069 1497 2254 1529 medioeres

1283 1539 1473 1579 Principes?
1517 1538 1606 1568 Haec
1629 1544 1717 1569 tanta
1739 1536 1824 1568 mala
1847 1537 2057 1580 intelligenda
2086 1544 2119 1570 et
2141 1538 2254 1580 deplo-

1283 1582 1385 1612 randa
1409 1586 1502 1617 sunt,
1537 1586 1570 1611 et
1591 1581 1766 1620 petendum
1789 1591 1808 1611 a
1829 1580 1921 1618 Deo,
1954 1587 1989 1612 ut
2010 1581 2081 1621 ipse
2103 1582 2254 1612 emendet

1284 1630 1315 1655 et
1338 1629 1448 1654 servet
1470 1622 1613 1663 politias.
1657 1622 1728 1653 Nec
1750 1628 1922 1663 praetextu
1946 1624 2055 1663 operis
2078 1623 2176 1654 divini
2198 1633 2254 1655 ex·-

1284 1667 1429 1697 cusanda
1462 1670 1518 1696 aut
1545 1665 1666 1695 tuenda
1699 1671 1774 1695 sunt
1803 1666 1895 1702 vitia,
1929 1675 1990 1696 nee
2023 1671 2156 1706 propter
2188 1665 2254 1697 loci

1284 1710 1474 1749 dignitatem
1491 1706 1681 1737 tolerandae
1704 1713 1779 1738 sunt
1803 1706 1992 1738 manifestae
2015 1713 2047 1738 et
2065 1713 2196 1739 atroces
2207 1709 2255 1739 in-

1283 1752 1395 1786 iuriae,
1418 1750 1600 1790 impietates
1624 1755 1655 1779 et
1679 1749 1863 1791 flagitiosae
1878 1749 2029 1780 libidines
2042 1755 2253 1791 tyrannorum

1283 1795 1355 1824 sine
1373 1792 1437 1823 fine
1460 1792 1690 1833 grassantium,
1714 1792 1773 1822 sed
1796 1790 1921 1833 reliqua
1939 1790 2063 1832 politia,
2087 1793 2138 1823 cui
2160 1792 2254 1824 Deus

1284 1835 1427 1877 gladium
1450 1835 1553 1872 dedit,
1576 1840 1666 1865 recte
1689 1832 1784 1871 facit,
1808 1840 1880 1865 cnm
1905 1832 2073 1875 Caligulas
2096 1839 2128 1864 et
2149 1834 2253 1865 Nero—

1283 1888 1341 1908 nes
1362 1883 1391 1907 et
1404 1875 1520 1907 similia
1532 1882 1682 1916 portenta
1693 1883 1837 1907 removet
1856 1876 2132 1916 agabernatione.
2162 1876 2254 1907 Sicut

1282 1920 1513 1950 honestissime
1524 1918 1683 1949 Traianus
1694 1919 1735 1949 ad
1746 1919 1935 1959 magistrmn
1948 1918 2090 1958 equitum
2101 1919 2178 1949 dixit
2189 1924 2254 1949 tra-

1284 1963 1364 1992 dens
1388 1963 1416 1992 ei
1440 1960 1598 2002 gladium:
1624 1960 1695 1990 Hoc
1711 1959 1820 2000 gladio
1838 1970 1897 1999 pro
1914 1969 1965 1990 me
1979 1960 2093 1997 utaris,
2117 1961 2146 1991 si
2167 1960 2254 1992 iusta

1283 2005 1468 2044 imperabo;
1492 2004 1541 2033 sin
1563 2012 1642 2033 vero
1661 2003 1797 2039 iniusta,
1822 2008 1935 2033 contra
1957 2011 2009 2032 me
2029 2002 2141 2032 utaris.
2186 2001 2253 2034 Sed

1284 2047 1311 2077 si
1335 2047 1571 2087 gubernatores
1595 2050 1670 2075 sunt
1692 2042 1823 2081 fideles,
1857 2044 1922 2075 hoc
1944 2050 2013 2081 est,
2046 2044 2253 2076 mediocriter

1285 2090 1415 2119 student
1438 2086 1578 2118 officium
1602 2085 1712 2117 facere
1736 2092 1767 2116 et
1789 2085 1979 2126 plerumque
2001 2087 2088 2117 iusta
2106 2091 2207 2127 agunt
2219 2092 2251 2117 et

1283 2130 1365 2171 lapsi
1388 2130 1596 2170 resipiscunt,
1619 2127 1779 2159 tolerandi
1802 2134 1877 2159 sunt
1899 2134 1932 2159 et
1954 2138 2066 2158 eorum
2078 2134 2187 2159 errata
2197 2127 2251 2160 vel

1283 2173 1425 2214 tegenda
1455 2170 1508 2202 vel
1539 2171 1685 2201 sananda
1718 2176 1804 2202 sunt.
1850 2170 1948 2201 Tales
1975 2168 2106 2201 fuerunt
2133 2169 2252 2208 David,

1285 2214 1454 2251 Salomon,
1485 2212 1650 2253 losaphat,
1675 2213 1729 2254 qui
1753 2223 1826 2244 cum
1840 2214 1885 2253 91)
1909 2211 2028 2243 fuerint
2050 2210 2253 2244 excellentis-

1284 2258 1353 2288 simi
1376 2256 1563 2296 Principes,
1588 2255 1709 2286 habent
1732 2261 1838 2286 tamen
1862 2265 1942 2285 suos
1965 2254 2093 2295 lapsus,
2122 2255 2176 2295 qui
2198 2255 2251 2286 de·

1285 2300 1481 2335 scribuntur,
1504 2304 1539 2329 ut
1556 2298 1787 2328 admoneamur
1806 2296 2026 2328 difficillimam
2043 2301 2075 2327 et
2092 2296 2252 2337 periculo·

1286 2343 1447 2372 sissimam
1472 2350 1539 2371 rem
1562 2349 1637 2370 esse
1661 2340 1937 2381 gubernationem.
1973 2339 2056 2369 Nam
2078 2338 2252 2376 Diabolus,

1287 2395 1360 2415 cum
1386 2384 1425 2414 sit
1451 2382 1626 2419 homicida,
1656 2381 1785 2413 molitur
1812 2381 2042 2422 dissipationes
2070 2379 2253 2421 politiamm

1288 2511 1334 2541 90)
1358 2510 1525 2541 reverebitur]
1547 2510 1617 2535 Editt.
1639 2511 1659 2535 1.
1679 2512 1702 2535 3.
1720 2511 1880 2536 venerabitur

1266 2571 1269 2592 1
1289 2561 1334 2591 91)
1360 2561 1400 2591 qui
1418 2561 1485 2592 eum]
1507 2561 1578 2586 Editt.
1600 2562 1619 2585 ί.
1641 2561 1664 2584 3.
1684 2561 1724 2592 qui
1743 2563 1826 2586 tamen
1846 2566 1901 2585 cum
