2358 2933
91 123 154 155 745

561 120 584 150 1.
608 118 711 151 LOCl
731 117 1012 150 THEOLOGICI:
1031 118 1073 149 D.
1097 117 1259 149 TERTIA
1281 116 1437 148 EORUM
1461 116 1617 148 AETAS.

2026 114 2039 144 7
2048 114 2088 144 443

90 215 264 246 tumaciam
288 213 410 249 cordis,
432 218 567 253 propter
589 221 710 252 pravas
735 212 928 252 cupiditates
951 220 1066 241 assen-
1110 220 1226 241 revera
1259 216 1310 241 est
1342 210 1426 241 haec
1448 210 1568 241 fiducia
1591 209 1794 250 amplectens
1817 208 2086 248 promissionem:

91 258 140 288 sio
161 257 332 287 excutitur.

176 299 218 329 Et
240 299 348 329 vicina
370 303 422 327 est
444 295 652 338 significatio,
670 296 814 332 Fiducia,
837 296 921 326 sicut
943 296 976 325 in
997 305 1067 325 ver-

90 352 131 373 su
140 340 358 381 TheognidiS,
381 343 480 369 πίστει
502 338 625 379 χρήματ’
647 339 768 377 ὅλεσσα,
788 338 928 374 ἅπιστείῃ
951 336 978 367 δ’
1001 338 1067 367 ἐσά-

90 393 164 414 ωσα.
208 382 249 413 Et
279 382 366 422 apud
390 381 583 411 Hesiodum:
625 380 778 411 Fiduciae
807 386 839 410 et
867 378 1067 410 diffidentiae

90 425 222 456 fuerunt
252 423 411 454 exitiales.
465 422 618 453 Ceterum
648 421 731 452 aliae
754 428 831 452 sunt
855 422 1067 462 significatio-

89 478 161 504 neS,
189 477 327 508 quarum
351 466 530 506 praecipua
554 470 622 501 est,
646 469 747 499 πίστις
768 474 829 504 pro
847 463 1012 501 fidelitate,
1035 465 1067 495 id

90 515 156 547 est,
190 519 250 549 pro
279 509 398 539 virtute
431 513 526 548 pacta
556 512 722 537 servante.
767 506 857 537 Haec
879 507 934 536 ubi
958 505 1068 537 locum

90 552 209 582 habeat
242 552 274 581 in
309 552 414 581 sacris
449 550 559 586 libris,
589 547 762 590 diligenter
791 549 1067 579 considerandum

90 600 150 624 est.
196 593 279 623 Nam
308 592 458 632 profecto
487 593 520 622 in
542 591 723 621 iudicandis
747 591 982 621 controversiis
1006 590 1067 621 Ec-

90 635 288 667 clesiasticis
311 637 343 666 in
367 634 513 675 quolibet
536 632 611 663 loco
640 643 721 664 vera
744 634 920 663 verborum
944 633 1067 673 signifi-

91 680 176 709 catio
207 678 388 708 sententiae
422 685 611 716 congruens
646 676 833 716 quaerenda
867 681 928 705 est.
995 675 1067 705 Huc

91 721 198 750 studia
220 719 406 760 linguarum
430 717 603 748 referenda
625 723 713 748 sunt.

176 761 284 802 Saepe
306 767 425 797 autem,
449 766 485 791 ut
508 761 585 797 dixi,
607 765 708 795 πίστις
733 759 922 791 fidelitatem
945 759 1067 801 signifi-

90 810 155 842 cat,
177 810 212 834 ut
234 804 266 834 in
288 813 390 834 versu
411 801 588 843 Sophoclis
615 802 710 840 ΙΟ6ᾱ.
736 801 808 833 Col.
831 802 918 839 6174
943 803 1067 840 θνήσκει

90 847 122 877 δὲ
140 851 256 883 πίστις,
282 846 440 886 βλαστάνει
459 845 486 875 δ’
509 845 643 882 α’πιστία,
667 845 699 875 id
722 851 786 881 est,
810 844 950 875 fidelitas
963 846 1067 886 periit.

89 888 131 919 Et
153 898 256 928 saepe
279 887 373 925 alias,
396 893 432 918 ut
453 888 540 927 apud
563 886 681 928 Polyb.
706 886 762 917 lib.
785 888 816 918 2.
842 891 883 924 [c.
909 887 960 918 39.
975 892 1001 924 ς.
1018 887 1067 917 10.

90 932 141 962 ed.
166 930 370 972 Schweigh.]
405 931 586 970 εἶ’χοντοόῐῦ)
621 929 653 959 δὲ
686 931 787 959 πλεῖον
816 931 858 964 εἰς
891 930 939 967 τὴν
968 934 1069 960 πίστιν

90 976 141 1003 καὶ
163 973 212 1010 τὴν
231 971 299 1009 ὅλην
322 972 561 1010 καλοκάγαθίαν,
575 970 816 1002 antecellebant
830 972 987 1003 fidelitate
1000 982 1068 1002 ser-

89 1021 187 1046 vante
210 1020 317 1055 pacta,
341 1013 407 1051 vel,
431 1015 520 1054 quod
543 1015 627 1044 idem
649 1013 749 1051 valet,
772 1014 847 1052 fide,
870 1016 901 1045 id
926 1020 988 1052 est,
1011 1025 1068 1045 au-

89 1058 251 1093 ctoritate,
275 1067 359 1097 quae
381 1058 429 1086 eis
453 1057 666 1093 tribuebatur,
691 1057 779 1096 quod
792 1056 944 1088 videlicet
956 1062 1067 1086 essent

89 1098 215 1137 fideles,
239 1104 413 1129 servantes
436 1104 618 1139 pactorum,
641 1099 728 1136 iusti,
752 1099 900 1130 benefici.
940 1099 1067 1129 Deinde

89 1141 209 1173 multae
233 1141 492 1182 significationes
516 1152 556 1172 ex
579 1141 642 1171 hac
665 1148 857 1177 nascuntur,
880 1151 965 1182 quae
988 1140 1067 1171 nihil

88 1185 131 1215 ad
163 1183 258 1214 Pauli
292 1185 544 1223 disputationem
578 1184 750 1223 pertinent.
806 1183 966 1224 Polybius
1000 1183 1066 1221 ull,

88 1226 142 1264 30,
167 1226 210 1264 1.]
236 1225 336 1255 δοῦναι
358 1226 476 1260 ἑαυτοὺς
494 1228 536 1261 εἰς
558 1230 660 1255 πίστιν
682 1225 864 1263 (Ρωμαίων,
888 1226 1008 1256 dedere
1030 1235 1068 1256 se

88 1271 120 1299 in
143 1268 240 1299 fidem
263 1268 498 1304 Romanorum,
522 1269 555 1297 id
579 1273 645 1304 est,
669 1268 701 1297 in
725 1267 822 1298 fidem
844 1267 1068 1298 Romanorum

88 1316 184 1351 pacta
208 1310 421 1347 servantium,
444 1310 599 1340 iustitiam
624 1309 797 1341 clementia
818 1311 1067 1341 moderantium.

89 1353 167 1384 Item
198 1352 268 1390 [1V,
294 1353 344 1390 17,
369 1352 446 1391 11.],
469 1352 569 1382 δοῦναι
587 1356 712 1393 πίστεις,
742 1353 931 1393 promittere
965 1352 1068 1383 fideli-

88 1401 198 1426 tatem.
237 1395 278 1425 Et
301 1395 388 1435 apud
410 1394 574 1427 Rhetores
598 1396 681 1428 et5‘2)
705 1394 919 1425 Aristotelem
942 1400 1067 1431 πίστεις,

88 1438 312 1478 probationes,
337 1443 541 1478 argumenta,
566 1438 753 1468 testimonia
776 1437 972 1478 significant.

175 1479 246 1510 Hae
268 1481 486 1520 metonymiae
507 1489 573 1510 non
596 1486 671 1510 sunt
693 1480 734 1510 ad
757 1479 852 1510 Pauli
876 1480 1068 1520 disputatio-

88 1532 163 1552 nem
185 1520 390 1552 referendae.
401 1524 447 1562 ⁵³)
472 1522 500 1551 O
520 1532 588 1551 rem
609 1522 772 1552 miseram.
807 1521 961 1553 Ecclesia
979 1532 1068 1559 vere,

89 1570 125 1595 ut
147 1565 180 1595 in
204 1574 305 1595 versu
329 1574 451 1605 graeco
475 1564 607 1600 dicitur,
632 1565 715 1594 inter
739 1565 899 1594 barbaros
923 1565 1067 1595 nativum

89 1617 274 1637 sermonem
298 1607 466 1641 dedidicit;
505 1606 663 1636 Monachi
687 1616 784 1637 veras
809 1606 1066 1647 significationes

89 1651 280 1681 obruerunt.
293 1659 380 1679 novo
394 1658 516 1690 genere
539 1649 709 1679 doctrinae
723 1650 921 1690 excogitato.
958 1649 1067 1684 Quare

89 1692 132 1732 pii
156 1692 291 1722 redeant
314 1691 355 1721 ad
378 1691 564 1731 Prophetas
588 1697 620 1721 et
643 1690 845 1731 Apostolos,
879 1702 919 1722 ac
942 1693 1066 1732 propri-

89 1745 142 1764 am
175 1733 350 1764 Ecclesiae
384 1732 528 1774 linguam
562 1734 677 1764 iterum
719 1734 847 1763 discant
881 1740 911 1764 et
944 1735 1066 1765 instau-

90 1782 171 1807 rent.

174 1818 271 1853 Quod
300 1824 408 1848 autem
430 1816 554 1847 Paulus
578 1817 731 1848 fiduciam
754 1819 998 1850 misericordiae
1021 1819 1066 1849 in-

89 1860 192 1902 telligi
215 1859 291 1891 velit
316 1859 480 1891 vocabulo
504 1860 603 1896 Fidei,
627 1871 667 1890 ex
691 1861 903 1900 sequentibus
922 1862 1067 1891 testimo-

88 1903 150 1933 niis
174 1903 383 1943 perspicuum
406 1907 466 1932 est.
514 1901 565 1941 [L]
590 1902 683 1932 Rom.
707 1903 737 1933 4.
763 1905 826 1940 [vs.
849 1903 911 1940 164
937 1902 1066 1934 confer-

89 1951 142 1976 tur
177 1945 354 1985 promissio
387 1945 429 1975 ad
463 1944 560 1975 fidem
584 1944 797 1975 correlative:
843 1945 920 1976 ldeo
944 1956 985 1976 ex
1002 1946 1066 1976 fide

89 1988 205 2029 gratis,
228 1993 265 2018 ut
287 1988 328 2017 sit
351 1986 444 2017 firma
467 1987 651 2026 promissio.
687 1987 748 2018 Hic
772 1988 892 2018 diserte
909 1987 1065 2028 postulat,

88 2035 124 2060 ut
146 2030 367 2060 assentiamur
388 2030 612 2069 promissioni,
635 2040 686 2067 ac,
708 2036 744 2060 ut
767 2030 933 2069 possimus
952 2040 1065 2061 assen-

89 2072 152 2107 tiri,
177 2073 221 2102 ait
245 2072 417 2112 gratuitam
437 2081 524 2108 esse,
548 2073 622 2112 quia
632 2074 689 2110 54),
711 2073 739 2102 si
759 2073 900 2103 conditio
913 2073 1065 2113 impletae

89 2113 189 2155 Legis
212 2114 322 2144 addita
346 2119 445 2150 esset,
469 2120 663 2154 sequeretur
682 2115 885 2154 desperatio:
909 2114 1064 2146 Placeres

89 2156 176 2193 Deo,
211 2156 239 2186 si
262 2155 344 2196 Legi
378 2154 600 2186 satisfaceres.
646 2156 690 2187 At
712 2156 835 2188 Paulus
870 2158 962 2194 dicit,
986 2158 1063 2189 ldeo

90 2199 264 2238 gratuitam
288 2207 363 2228 esse
386 2198 646 2238 promissionem,
670 2205 705 2229 ut
728 2200 770 2230 sit
794 2199 887 2230 firma
905 2201 1063 2231 credenti.

89 2239 169 2271 Vult
204 2250 284 2281 ergo
319 2250 381 2271 nos
415 2242 566 2271 assentiri
588 2242 808 2281 promissioni.
853 2242 889 2272 ld
911 2243 1065 2273 assentiri

90 2359 148 2390 512¹)
168 2358 289 2398 εἴχοντο]
315 2361 350 2385 sic
368 2366 457 2384 omnes
475 2359 565 2390 Editt.;
599 2360 686 2389 Polyb.
706 2360 746 2384 ed.
765 2361 1008 2391 Schweighaeuser:
1026 2353 1065 2385 εἷ-

158 2400 253 2424 χΟνἽΟ

91 2444 137 2473 52)
156 2444 190 2475 et]
212 2444 285 2469 Editt.
306 2445 327 2468 1.
347 2445 369 2468 3.
388 2450 417 2468 ac

91 2495 137 2524 53)
155 2494 327 2525 referendae]
349 2494 422 2519 Editt.
444 2495 463 2519 1.
484 2495 507 2519 3.
527 2493 728 2518 transferendae.

92 2545 138 2575 54)
157 2545 226 2575 quia]
245 2545 318 2570 Editt.
341 2546 360 2569 1.
380 2547 402 2570 3.
422 2546 516 2575 typoth.
537 2551 639 2570 errore:
658 2551 707 2575 qua

1110 252 1200 283 Haec
1224 251 1397 292 explicatio
1420 251 1615 283 labefactari
1639 262 1703 282 non
1727 256 1848 291 potest.

1195 294 1373 325 Praeterea
1408 295 1581 325 considera
1616 295 1682 324 vim
1717 293 1945 334 promissionis
1978 291 2087 323 Evan-

1110 335 1246 378 gelicae.
1298 336 1333 367 Si
1373 335 1452 366 nihil
1492 347 1575 376 opus
1617 342 1666 366 est
1706 336 1876 373 assentiri,
1910 335 2085 374 promissio

1108 388 1247 419 prorsus
1271 384 1321 409 est
1343 380 1448 409 inanis
1472 379 1617 416 sonituS,
1648 388 1732 419 quae
1762 385 1870 408 tamen
1892 378 1966 408 ideo
1989 378 2086 408 tradi-

1110 428 1143 451 ta
1177 427 1244 458 est,
1278 427 1312 451 ut
1347 421 1580 458 assentiamur,
1614 427 1646 451 et
1675 426 1709 451 ut
1732 421 1885 451 assentiri
1908 420 2085 460 possimus,

1135 464 1254 494 ratuita
1278 469 1339 494 est.
1370 463 1459 500 Item,
1483 473 1541 493 cur
1564 463 1703 493 loannes
1728 464 1805 493 dicit
1829 462 1871 500 [l.
1887 472 1938 502 ep.
1952 462 1983 499 5,
2005 462 2086 500 104:

1142 506 1174 535 ui
1207 515 1273 535 non
1309 505 1410 536 credit
1444 505 1534 542 Deo,
1569 506 1760 536 mendacem
1795 515 1869 535 eum
1904 504 1991 535 facit.
2046 503 2088 535 Et

1111 546 1233 578 Paulus
1257 547 1359 588 inquit
1383 547 1488 585 [Rom.
1507 548 1538 585 4,
1551 547 1633 584 20.1ι
1657 547 1732 577 Non
1756 547 1916 578 dubitavit
1939 545 2087 577 diffiden-

1110 589 1165 626 tia,
1200 590 1259 619 sed
1293 590 1406 620 firmus
1440 590 1505 620 fide
1540 590 1621 620 dans
1656 588 1793 630 gloriam
1818 589 1891 620 Deo
1922 596 1952 620 et
1977 595 2086 619 certus

1111 638 1174 662 etc.
1219 632 1310 662 Haec
1333 630 1423 662 clare
1446 632 1633 669 ostendunt,
1656 633 1787 672 requiri,
1811 638 1845 661 ut
1865 632 2086 662 assentiamur

1110 674 1329 714 promissioni.
1374 674 1526 715 Denique
1554 685 1613 705 cur
1641 680 1736 704 sonat
1763 675 1795 704 in
1819 673 1974 705 Ecclesia
2005 673 2088 704 haec

1110 727 1187 754 vox,
1210 716 1349 756 Propter
1371 715 1473 747 filium
1495 716 1558 747 Dei
1580 718 1786 747 remittuntur
1808 717 1864 747 tibi
1887 722 2035 757 peccata,
2059 716 2088 745 si

1111 759 1225 796 dicas,
1258 769 1325 789 non
1359 768 1435 789 esse
1469 759 1737 789 assentiendum?
1782 759 1854 789 Hoc
1889 759 1966 799 quid
2000 757 2087 789 aliud

1111 807 1172 838 est,
1207 812 1315 842 quam,
1338 809 1371 831 ut
1396 801 1536 832 loannes
1570 803 1687 843 inquit,
1722 801 1828 832 Deum
1862 802 2014 832 mendaci
2037 811 2088 832 ar-

1112 844 1236 885 gnere?

1196 886 1234 915 11.
1279 885 1373 916 Rom.
1397 886 1428 915 5.
1454 890 1516 924 [vs.
1543 886 1585 924 1.]
1617 886 1785 917 lustificati
1808 887 1872 918 fide
1895 897 2010 927 pacem
2032 887 2088 918 ha-

1113 929 1238 958 bemus.
1283 929 1327 958 At
1351 929 1466 959 notitia
1488 928 1648 959 historiae
1670 940 1737 960 non
1759 929 1853 960 affert
1872 940 1999 970 pacem,
2022 931 2088 961 imo

1112 977 1211 1012 auget
1234 980 1377 1011 pavores
1401 977 1433 1000 et
1456 971 1738 1011 desperationem,
1762 973 1847 1003 sicut
1870 973 1901 1002 in
1925 971 2087 1003 Diabolis.

1112 1013 1208 1047 Quod
1242 1014 1327 1043 enim
1360 1012 1539 1043 terribilius
1574 1020 1624 1044 est
1648 1015 1777 1056 signum
1801 1016 1869 1046 irae
1892 1015 1967 1053 Dei,
1991 1027 2087 1057 quam

1112 1054 1237 1095 placari
1260 1055 1365 1086 Deum
1398 1066 1465 1086 non
1499 1054 1563 1086 alia
1596 1057 1727 1087 victima
1750 1058 1912 1097 potuisse,
1947 1060 2008 1089 nisi
2032 1058 2088 1089 filii

1111 1098 1232 1128 morte!
1280 1098 1401 1128 Vident
1434 1097 1567 1129 Diaboli
1601 1109 1637 1129 se
1671 1101 1814 1130 reiectos
1849 1110 1940 1138 esse,
1980 1102 2088 1132 sciunt

1111 1139 1210 1170 filium
1234 1140 1296 1170 Dei
1318 1141 1458 1170 iudicem
1483 1142 1694 1172 constitutum
1718 1153 1811 1179 esse,
1846 1153 1883 1173 se
1905 1141 2033 1174 futuros
2056 1145 2088 1174 in

1111 1183 1252 1213 aeternis
1276 1183 1409 1222 poenis;
1454 1182 1573 1213 Vident
1596 1189 1628 1214 et
1651 1183 1800 1215 homines
1823 1186 1854 1215 in
1879 1187 1964 1216 veris
1987 1197 2088 1226 pavo-

1111 1226 1214 1262 ribus,
1239 1235 1311 1255 cum
1334 1223 1398 1255 alia
1420 1223 1521 1255 multa
1544 1226 1641 1267 signa
1664 1227 1733 1257 irae
1745 1226 1807 1257 Dei
1829 1228 1990 1259 adversus
2014 1239 2087 1268 pec-

1112 1273 1197 1304 cata,
1221 1273 1358 1297 mortem
1382 1272 1413 1297 et
1436 1266 1519 1297 alias
1544 1268 1686 1299 infinitas
1706 1269 1920 1308 calamitateS,
1944 1277 2011 1302 tum
2034 1281 2088 1302 ve-

1112 1320 1149 1339 ro
1185 1308 1249 1339 hoc
1279 1310 1386 1349 ipsum
1421 1311 1568 1351 signum,
1602 1312 1690 1351 quod
1720 1313 1767 1342 ira
1796 1312 1860 1343 Dei
1890 1324 1955 1344 non
1985 1315 2088 1354 potuit

1111 1350 1236 1392 placari
1258 1353 1320 1382 nisi
1343 1363 1403 1392 per
1425 1352 1536 1382 filium.
1582 1353 1684 1384 Huius
1716 1354 1872 1386 historiae
1895 1357 2009 1387 notitia
2032 1368 2088 1388 au-

1113 1400 1167 1435 get
1189 1404 1346 1434 pavores,
1369 1395 1397 1424 si
1421 1394 1504 1425 fides
1528 1406 1593 1426 non
1617 1402 1667 1427 est
1692 1397 1813 1428 fiducia
1835 1397 2005 1438 applicans
2030 1410 2087 1429 no-

1112 1438 1162 1467 bis
1186 1436 1250 1467 hoc
1275 1436 1485 1474 beneficium,
1519 1439 1547 1468 si
1575 1449 1641 1469 non
1665 1446 1715 1470 est
1740 1442 1965 1472 statuendum:
2011 1442 2087 1473 Ideo

1111 1489 1234 1519 passus
1259 1485 1310 1510 est
1332 1478 1417 1510 filius
1441 1479 1515 1517 Dei,
1538 1487 1573 1511 ut
1597 1482 1653 1512 tibi
1675 1483 1878 1524 ignoscatur,
1902 1494 2087 1525 quanquam

1112 1520 1197 1552 male
1219 1523 1347 1558 merito,
1371 1528 1433 1552 etc.
1479 1522 1569 1553 Haec
1593 1524 1711 1555 fiducia
1737 1525 1929 1557 consolatur
1947 1533 2087 1558 mentem

1111 1563 1381 1604 perterrefactam
1404 1570 1435 1595 et
1457 1575 1572 1605 pacem
1595 1566 1699 1598 affert.

1196 1606 1247 1636 111.
1283 1605 1403 1637 Similis
1427 1613 1476 1638 est
1500 1607 1673 1648 explicatio
1697 1616 1728 1641 et
1750 1610 1890 1642 aliorum
1913 1612 2087 1645 multorum

1110 1650 1379 1687 testimoniorum,
1413 1649 1521 1681 Iustus
1555 1661 1595 1681 ex
1628 1651 1692 1682 fide
1725 1654 1822 1684 vivet.
1868 1654 1965 1686 Certe
1988 1655 2087 1687 histo-

1111 1692 1180 1721 riae
1203 1692 1316 1722 notitia
1338 1702 1434 1722 nemo
1458 1694 1563 1731 vivet,
1599 1704 1684 1735 quae
1706 1697 1815 1735 potius
1839 1704 1938 1738 auget
1964 1700 2086 1729 crucia-

1111 1738 1171 1764 tus,
1218 1734 1287 1764 Nec
1309 1733 1393 1775 legis
1418 1737 1530 1766 notitia
1553 1737 1724 1777 quisquam
1747 1739 1834 1769 vivit.
1870 1739 1904 1770 Si
1928 1740 2083 1771 habueris

1110 1777 1247 1807 virtutes
1282 1775 1502 1815 sufficientes,
1534 1777 1692 1818 placebis.
1738 1781 1884 1812 Necesse
1915 1789 1966 1813 est
1989 1784 2084 1824 igitur

1110 1819 1207 1849 fidem
1237 1818 1390 1861 intelligi,
1424 1831 1508 1861 quae
1531 1822 1642 1852 statuit
1664 1823 1760 1853 nobis
1782 1823 1889 1854 Deum
1911 1826 2083 1866 propitium

1110 1871 1186 1892 esse
1210 1868 1241 1891 et
1263 1863 1442 1902 acquiescit
1463 1864 1496 1893 in
1518 1865 1682 1904 promissa
1704 1866 1939 1897 misericordia.

1196 1904 1321 1934 Eodem
1354 1905 1451 1935 inodo
1486 1912 1518 1936 et
1552 1906 1615 1936 hoc
1639 1908 1760 1938 dictum
1784 1907 1919 1949 intelligi
1943 1920 2084 1941 necesse

1110 1953 1160 1978 est
1185 1946 1261 1984 [les.
1283 1946 1337 1984 28,
1363 1947 1410 1977 16.
1424 1947 1518 1978 Rom.
1532 1948 1562 1979 9.
1575 1948 1664 1987 33.]:
1689 1951 1821 1988 Omnis,
1851 1952 1905 1992 qui
1930 1953 2032 1983 credit
2052 1954 2083 1983 in

1110 2000 1200 2028 eum,
1212 1999 1278 2019 non
1293 1988 1520 2021 confundetur.
1536 1993 1579 2026 6δ’)
1605 1991 1681 2022 Item
1695 1993 1725 2022 in
1738 1992 1870 2023 Psalmo
1886 1994 1930 2032 [2,
1946 1994 2008 2032 12]
2023 1995 2083 2026 Os-

1110 2032 1262 2075 cuiamini
1286 2031 1402 2069 filium;
1427 2032 1494 2070 [Ps.
1517 2034 1549 2071 2,
1575 2033 1637 2073 13.]
1662 2034 1754 2065 Beati
1778 2046 1902 2073 omnes,
1926 2038 1980 2077 qui
2005 2048 2083 2068 con-

1109 2075 1209 2104 fidunt
1234 2074 1266 2104 in
1290 2084 1341 2111 eo,
1364 2076 1419 2105 ubi
1443 2077 1579 2106 verbum
1592 2076 1787 2108 Hebraicum
1799 2079 2026 2118 propriissime
2039 2081 2081 2111 si-

1109 2116 1241 2158 gnificat
1263 2117 1440 2147 confidere.

1195 2158 1261 2189 1111.
1305 2158 1389 2198 Eph.
1412 2160 1443 2190 4.
1469 2160 1512 2197 [3,
1537 2161 1599 2199 12]
1646 2161 1709 2192 Per
1732 2172 1827 2202 quem
1849 2164 2006 2195 audemus
2029 2175 2083 2195 ac-

1111 2202 1231 2232 cedere
1258 2202 1463 2232 confidentes
1503 2213 1561 2243 per
1596 2203 1692 2234 fidem
1726 2205 1806 2235 eius·
1864 2205 1925 2236 Hic
1959 2206 2083 2238 Paulus

1109 2244 1213 2274 tribus
1244 2244 1428 2285 insignibus
1452 2245 1623 2276 vocabulis
1647 2253 1793 2277 naturam
1816 2248 1892 2278 fidei
1916 2249 2084 2287 describit,

1110 2286 1229 2322 Audet,
1263 2287 1391 2317 accedit
1424 2287 1635 2319 confidenter.
1680 2289 1801 2329 Magna
1836 2300 1891 2321 res
1915 2297 1964 2321 est
1989 2302 2084 2323 acce-

1111 2329 1188 2359 dere
1211 2329 1252 2359 ad
1275 2328 1381 2359 Deum
1403 2330 1559 2367 iudicem,
1588 2341 1666 2362 vere
1690 2337 1722 2362 et
1745 2331 1943 2363 horribiliter
1965 2334 2083 2365 iratum

1110 2377 1259 2411 peccato.
1307 2371 1367 2401 Hic
1390 2372 1503 2403 iterum
1526 2374 1640 2404 notitia
1661 2374 1821 2405 historiae
1845 2376 1986 2407 deterret
2009 2387 2083 2414 nos,

1110 2415 1172 2444 nisi
1198 2420 1379 2444 statuamus
1403 2413 1503 2446 filium
1525 2417 1620 2447 nobis
1644 2417 1761 2448 ducem
1784 2424 1815 2448 et
1836 2419 2083 2459 propitiatorem

1109 2549 1155 2575 55)
1173 2548 1365 2580 confundetur]
1384 2550 1427 2574 Ed.
1447 2551 1487 2575 22.
1506 2554 1556 2581 typ.
1575 2558 1678 2577 errore:
1698 2553 1874 2580 confundatur.
