2358 2933
145 825 182 851 16.
197 825 218 848 b.

149 1431 187 1459 17,
201 1436 223 1455 a.

153 2040 190 2069 17,
204 2040 226 2064 b.

528 131 551 161 1.
574 129 675 160 LOCI
697 126 971 159 THEOLOGICI:
993 128 1034 159 A.
1058 126 1196 158 PRIMA
1217 126 1371 157 EORUM
1395 123 1695 156 ADUMBRATlO.

262 225 352 254 hendi
369 227 391 261 ¹)
412 223 514 251 formis
534 223 582 251 De
602 223 709 260 poenis
728 221 929 250 maleficorum
940 223 978 257 ²).
1025 220 1077 248 Sic
1097 219 1212 248 Paulus
1236 223 1282 248 12¹..
1303 222 1382 257 [cap.
1403 229 1450 257 ep.
1471 219 1506 246 ad
1528 218 1614 246 Rom.
1640 228 1684 246 vs.
1712 220 1739 245 4.
1752 220 1774 254 z]
1794 218 1850 246 Dei
1876 219 1956 246 mini>

265 270 327 296 ster
345 269 393 295 est
412 265 521 293 vindex
542 266 569 293 in
590 265 659 293 iram
680 264 708 292 ei
728 265 778 301 qui
798 263 876 291 male
896 263 975 291 facit.

434 324 445 335 ⁸
472 325 553 354 Leges
572 325 676 354 propter
694 323 775 347 malos
795 324 855 347 sunt
873 325 898 347 et
916 329 967 347 non
986 324 1063 351 egent
1083 322 1148 346 boui.

433 374 446 388 ‘⁸²
471 375 632 404 Magistratus
651 374 691 397 est
708 374 749 397 lex
766 373 831 397 viua.

436 425 447 436 ⁸
474 425 545 455 Quod
564 425 586 449 si
604 425 646 449 lex
664 429 715 448 non
734 426 803 448 arcet
822 424 870 447 iam
891 429 940 448 non
959 423 1010 452 agit
1031 422 1138 447 offitium
1159 428 1241 447 suuni.

434 475 447 488 *
466 475 506 500 Ius
526 475 674 499 canonicum
695 473 770 498 debet
789 473 881 498 cedere
901 473 949 498 iuri
957 472 981 503 ³)
1001 473 1074 498 ciuili.

856 523 908 552 De.
934 523 1090 561 legibus
1118 522 1365 561 pontisicijs.

348 586 523 614 Primum.
571 583 730 618 Quatenus
749 583 908 621 pontifices
929 585 1063 610 statuunt
1083 582 1120 610 de
1140 581 1246 609 litibus
1266 584 1295 609 et
1316 581 1437 620 iudicijs
1462 581 1550 619 plane
1570 582 1671 609 iiiiiiidi
1691 583 1841 619 principes
1858 586 1958 619 agunt.

262 629 387 666 Alioqui
408 627 489 666 quod
507 627 544 656 ad
563 626 634 655 lites
654 626 821 664 pertinebat
839 629 869 654 et
889 626 975 663 ipsos
995 624 1172 653 sacerdotes
1193 624 1240 651 ius
1261 624 1394 651 diuinum
1414 624 1545 652 subiecit
1564 625 1705 661 potestati
1733 624 1844 652 mundi.
1876 625 1960 653 Sicut

262 674 344 709 patet
363 680 399 699 ex
418 670 526 698 Roma.
550 671 598 698 13.
620 672 649 697 et
659 670 687 701 ⁴⁷)
710 671 722 696 1
746 667 800 695 Pe.
822 670 850 697 2.

435 729 448 743 ⁴·
472 728 616 754 pontificiae
635 728 708 757 leges
729 728 759 751 de
780 729 905 757 potestate
925 726 1105 751 beneficiorum
1125 725 1230 750 ficticiae
1255 727 1279 750 et
1296 725 1380 760 vfalsae
1401 727 1460 749 sunt
1483 731 1571 750 omnes
1591 726 1671 751 Habet
1698 726 1764 750 enini
1789 726 1960 757 riiiisquisque

468 763 586 793 princeps
604 763 757 792 potestatem
779 761 803 785 iii
823 768 869 786 sua
889 761 982 785 ditione
1003 761 1152 790 dispensare
1171 766 1216 789 pro
1236 760 1358 784 arbitratu
1378 765 1424 784 suo
1444 763 1470 784 ut
1490 761 1553 784 ratio
1572 760 1673 789 patitur.

420 813 446 837 l*
466 815 520 839 Non
539 815 579 838 est
596 818 685 837 verum
705 812 771 843 quod
790 812 889 841 fingunt
909 811 1100 836 Constantinum
1120 810 1279 840 pontificibus
1299 810 1401 835 dedisse
1421 811 1459 834 ius
1480 811 1604 835 iudicandi
1625 811 1655 835 de
1675 811 1849 836 sacerdotibus
1869 813 1893 834 et
1908 812 1961 835 suis

469 847 577 873 subditis
597 846 663 877 quod
682 847 744 871 satis
756 848 862 870 constat.
881 846 927 876 ipsi
946 846 1014 870 eniiii
1034 847 1086 870 met
1105 845 1200 869 debent
1219 845 1328 869 subesse
1348 845 1501 875 principibus
1523 845 1617 869 mundi.
1636 846 1722 875 Neque
1733 846 1828 869 babent
1846 848 1960 869 statuere

470 881 563 911 aliquid
583 880 613 905 de
633 881 753 905 moribus.
785 881 870 911 Neque
890 881 1021 905 character
1040 879 1207 904 sacerdotalis
1226 879 1324 936 aliquidV
1333 879 1388 937 tsed,
1398 878 1555 937 3tiggiiigeliistuni
1574 880 1721 904 humanum.
1757 880 1808 904 Duo
1837 882 1896 904 sunt
1921 885 1962 903 ca-

470 938 514 957 sus
534 929 608 962 qui5‘)
627 931 793 956 moderantur
811 937 900 955 omnes
919 931 1045 955 humanas
1065 930 1137 960 leges
1156 930 1252 954 scilicet
1306 947 1465 971 Charitas-

473 983 551 1008 Sola
571 983 721 1007 charitas
740 987 847 1006 rerum
866 982 1037 1010 magistra.

353 1033 573 1063 Secundum.
594 1032 642 1061 De
663 1032 720 1060 fide
740 1042 796 1060 non
816 1031 928 1060 habent
946 1031 1105 1069 pontifices
1133 1031 1180 1059 ius
1200 1031 1332 1059 mutandi
1353 1031 1522 1069 quicquam.
1569 1033 1654 1060 Sicut
1672 1033 1709 1060 ad
1729 1031 1859 1060 Tiinotli.
1873 1034 1899 1065 ⁶)
1919 1034 1961 1069 [2.

266 1087 314 1115 ep.
335 1086 400 1114 cap.
423 1078 450 1104 3.
476 1085 522 1103 vs.
546 1076 608 1112 14.]
654 1073 770 1102 Paulus
797 1074 870 1102 dicit
889 1073 935 1102 Tu
960 1083 1100 1112 permane
1126 1073 1153 1101 in
1180 1072 1229 1101 his
1255 1083 1331 1111 quae
1358 1073 1529 1107 didicisti7)
1557 1075 1660 1102 sciens
1687 1084 1702 1102 a
1730 1084 1789 1112 quo
1809 1074 1961 1103 didiceris.

266 1119 331 1148 Nec
351 1122 399 1147 est
419 1119 494 1146 inter
512 1116 656 1146 articulos
682 1116 750 1145 fidei
771 1116 983 1144 numerandum
1011 1115 1091 1153 quod
1115 1117 1152 1144 ab
1178 1115 1351 1144 hominibus
1379 1116 1566 1145 discernitur.
1612 1117 1688 1145 Naiii
1716 1117 1797 1155 quod
1824 1117 1963 1145 homines

266 1162 441 1190 discernunt
460 1170 516 1188 non
538 1160 652 1187 scimus
672 1158 837 1197 profectum
857 1169 874 1187 a
893 1159 1000 1196 spiritu
1019 1162 1124 1187 sancto
1144 1158 1178 1186 Si
1198 1168 1213 1186 a
1234 1159 1379 1197 scriptura
1399 1159 1478 1197 exigi
1498 1169 1555 1187 non
1575 1163 1687 1198 potest.
1714 1160 1753 1189 Et
1772 1160 1807 1188 ad
1827 1159 1963 1191 Galaesi

270 1208 296 1233 1.
317 1206 378 1241 [vs.
404 1205 450 1231 16.
463 1206 483 1240 z]
502 1202 571 1231 Non
592 1202 731 1240 acquieui
752 1202 830 1230 carni
849 1205 880 1229 et
899 1201 1056 1238 sangwini.

439 1262 452 1275 ”³
477 1262 613 1287 Concilium
622 1261 645 1291 ⁹)
665 1262 859 1286 constantiense
878 1261 1044 1286 manifestiss.
1063 1261 1192 1285 haeresim
1212 1261 1305 1286 statuit.
1325 1262 1438 1286 Pessime
1457 1267 1518 1291 ergo
1529 1264 1616 1286 errant
1634 1263 1675 1292 qui
1689 1262 1774 1287 dicunt
1788 1263 1919 1287 coni-ilium
1932 1263 1965 1291 10)

472 1303 523 1321 non
542 1302 617 1326 posse
637 1302 732 1320 errare.

352 1347 547 1376 Tertium:
571 1345 637 1374 Nec
665 1346 702 1374 de
725 1346 832 1374 ritibus
858 1355 892 1373 ac
913 1344 1105 1384 Ceremonijs
1133 1346 1180 1373 ius
1207 1345 1318 1374 habent
1336 1347 1487 1375 statuendi
1507 1347 1575 1375 Nisi
1596 1347 1675 1385 quod
1702 1357 1755 1386 per
1774 1348 1965 1377 consuetudi-

266 1400 334 1418 nem
359 1390 418 1418 sibi
438 1392 627 1427 vsurparunt.
675 1388 834 1423 Quondam
859 1388 937 1416 enim
964 1388 992 1416 si
1019 1387 1091 1425 quid
1119 1388 1146 1416 in
1172 1388 1228 1416 ritu
1256 1389 1424 1418 nouandum
1451 1390 1608 1418 videbatur
1628 1391 1716 1418 fiebat
1741 1390 1797 1419 hoc
1817 1392 1965 1419 communi

267 1432 419 1461 ecclesiae
439 1441 603 1460 consensu.
650 1431 703 1459 Sic
728 1430 809 1468 quod
833 1429 967 1458 ecclesia
986 1429 1152 1468 Oppidi11)
1177 1430 1307 1459 alicuius
1322 1432 1325 1444 ¹
1342 1433 1526 1461 conueniens
1552 1433 1756 1466 statuebam)
1790 1434 1828 1462 de
1854 1434 1965 1462 ieiunio

267 1475 305 1504 de
323 1475 465 1514 precibus
486 1478 515 1503 et
534 1474 572 1502 de
592 1473 755 1502 similibus.
802 1472 955 1510 Erantque
975 1473 1153 1501 sacerdotes
1180 1474 1277 1511 magis
1300 1484 1467 1512 praecones
1493 1476 1604 1503 decreti
1624 1486 1677 1513 per
1695 1476 1857 1505 ecclesiam
1878 1486 1964 1514 quam

267 1521 417 1546 auctores.
438 1517 617 1554 rogabantur
641 1517 718 1545 enim
744 1520 774 1545 et
799 1515 897 1553 legem
910 1517 950 1551 13)
976 1515 1198 1554 proclamabant
1222 1516 1308 1545 Sicut
1332 1521 1413 1555 patet
1439 1518 1466 1546 in
1487 1516 1663 1547 Uanonibus
1689 1519 1894 1557 apostolorum
1915 1520 1965 1557 qui

268 1560 313 1588 sic
332 1563 483 1588 vocantur.
531 1558 590 1587 lam
610 1569 680 1587 vero
701 1568 766 1587 cuin
786 1559 955 1596 vsurparint
975 1559 1023 1587 ius
1043 1562 1073 1587 et
1092 1558 1274 1587 dominatum
1294 1570 1347 1597 per
1361 1561 1611 1589 consuetudinem
1626 1561 1691 1589 Non
1712 1562 1791 1599 nego'
1809 1562 1855 1590 eis
1876 1561 1966 1590 licere

268 1602 306 1630 de
325 1603 432 1631 ritibus
452 1605 482 1630 et
501 1600 692 1639 Ceremonijs
712 1604 845 1629 statuere
865 1601 928 1629 Sed
950 1603 990 1630 ita
1009 1604 1042 1629 ut
1060 1611 1097 1629 ne
1118 1605 1240 1630 onerent
1258 1601 1426 1631 libertatem
1444 1603 1647 1632 christianam.
1695 1603 1794 1639 Quale
1821 1614 1898 1632 onus
1918 1608 1966 1633 est

269 1644 438 1673 coelibatus
459 1644 570 1679 Qualia
597 1647 667 1672 sunt
686 1647 755 1672 vota
782 1643 862 1677 Quia
880 1642 997 1671 Paulus
1022 1644 1063 1672 ait
1084 1645 1111 1671 2.
1132 1642 1233 1672 Corin.
1255 1645 1294 1673 X.
1309 1647 1349 1679 ¹⁴)
1376 1648 1436 1683 [vs.
1459 1648 1519 1684 Sa]
1538 1646 1631 1675 Dedit
1657 1648 1801 1683 nobis15)
1826 1647 1965 1675 dominus

268 1690 450 1726 potestatem
471 1688 499 1715 in
519 1686 757 1715 aedificationem
778 1695 835 1713 non
856 1685 883 1713 in
904 1685 1149 1714 destructionem.

441 1746 454 1759 ²
482 1746 582 1771 Rectius
601 1746 668 1770 enini
688 1746 799 1770 iudicant
816 1746 932 1769 homines
952 1745 1044 1769 idiotae
1058 1744 1091 1773 16)
1111 1745 1142 1769 de
1162 1746 1253 1771 diuinis
1273 1747 1349 1772 rebus
1369 1754 1444 1778 quam
1459 1749 1552 1774 Scolas.
1571 1750 1690 1779 Theologi
1704 1749 1746 1780 ¹⁷).
1765 1756 1795 1774 eo
1814 1752 1965 1780 peruentum

475 1783 514 1806 est
532 1782 559 1804 ut
578 1780 728 1804 dimicemus
739 1779 772 1808 18)
793 1779 823 1803 de
842 1780 919 1804 rebus
939 1780 1009 1804 nihili
1023 1786 1056 1804 sc.
1076 1780 1194 1810 operibus
1215 1781 1325 1805 externis
1343 1783 1367 1806 et
1382 1783 1532 1812 ceremoniis
1552 1783 1701 1808 Necessaria
1720 1786 1804 1808 autem
1825 1786 1849 1808 et
1868 1783 1966 1808 vtiliora

475 1820 508 1839 sc.
529 1814 560 1838 de
579 1814 643 1838 fide:
662 1814 817 1838 omittamus.

357 1865 549 1901 Quartum.
570 1863 739 1893 Parendum
760 1868 808 1892 est
827 1863 1043 1902 Superioribus
1067 1865 1135 1892 siue
1159 1865 1221 1893 iure
1241 1866 1376 1903 praesint
1394 1867 1461 1894 siue
1482 1877 1661 1905 quocunque
1681 1868 1769 1896 modo
1789 1871 1966 1906 vsurparunt

269 1909 452 1938 dominatum
476 1910 508 1936 ut
530 1910 540 1935 1
565 1906 619 1935 Pe.
641 1905 690 1945 [IL
715 1909 795 1944 13.2]
816 1906 935 1935 Subditi
955 1909 1055 1934 estote
1079 1908 1158 1935 omni
1183 1911 1334 1936 creaturae
1354 1913 1474 1947 propter
1490 1910 1588 1938 deuiii.

356 1951 541 1986 Quintum
572 1949 640 1978 Non
665 1949 798 1987 obligant
823 1949 860 1977 ad
886 1952 1041 1987 peccatum
1061 1949 1186 1978 mortale
1211 1950 1290 1978 vllae
1317 1950 1464 1980 humanae
1489 1953 1727 1981 constituciones
1748 1954 1805 1982 nisi
1825 1957 1965 1991 quantum

270 1993 406 2023 scandali
430 1993 542 2022 vitandi
562 1993 635 2021 ratio
654 1993 755 2031 poscit
772 1992 882 2030 Neque
902 1992 1088 2030 praecipiunt
1107 1993 1166 2020 nisi
1189 1996 1311 2021 externa
1330 2003 1430 2032 opera.
1476 1994 1669 2024 Moderaiitur
1685 1999 1785 2024 autem
1808 1995 1895 2033 leges
1915 1996 1966 2024 hu-

269 2047 373 2066 manas
394 2046 499 2065 omnes
518 2035 701 2064 Necessitas
729 2039 759 2063 et
788 2033 928 2063 Charitas
956 2033 1209 2072 Quandoquidem
1236 2037 1330 2064 eciam
1356 2037 1474 2066 diuinas
1508 2037 1595 2075 leges
1623 2038 1697 2066 haec
1724 2038 1913 2067 moderantur
1935 2042 1967 2067 ut

270 2079 364 2108 Math.
393 2084 409 2107 ὅ
430 2082 459 2107 et
482 2080 530 2107 1-2.
551 2079 599 2106 vbi
626 2076 767 2106 Christus
787 2077 941 2115 leprosum
967 2078 1061 2115 tangit
1089 2082 1189 2106 contra
1214 2078 1312 2116 legem
1340 2079 1481 2109 diuinam.
1528 2080 1759 2109 scandalum
1779 2091 1867 2109 vero
1888 2082 1966 2109 eius-

269 2122 350 2150 modi
370 2121 499 2150 offensio
519 2124 567 2149 est
587 2130 646 2158 qua
664 2120 792 2149 laeditur
816 2121 914 2158 pietas
941 2123 991 2148 aut
1017 2120 1157 2149 charitas.
1204 2121 1252 2149 Ad
1277 2121 1336 2150 Ro.
1360 2125 1407 2151 15.
1430 2126 1488 2159 ivs.
1511 2125 1570 2160 [Lx]
1590 2123 1815 2162 Vnusquisque
1834 2128 1965 2152 vestrum

270 2165 403 2203 proximo
424 2163 541 2201 placeat
560 2164 588 2191 iii
608 2163 857 2191 aedificationem.

441 2222 452 2233 ‘¹
476 2223 540 2248 Nihil
565 2223 645 2247 refert
672 2223 693 2247 si
721 2223 810 2247 dimitti
835 2222 929 2252 aliquid
955 2224 1038 2252 potest
1065 2223 1228 2248 traditionum
1254 2224 1422 2249 humanarum
1447 2226 1508 2250 citra
1528 2226 1677 2251 scandalum
1701 2226 1807 2256 proximi
1826 2226 1898 2251 Modo
1916 2232 1966 2251 non

476 2263 585 2287 quaeras
603 2257 731 2281 licentiam
751 2257 797 2281 sed
817 2256 857 2280 fae
876 2256 976 2280 interim
995 2257 1089 2287 aliquid
1110 2258 1209 2282 melius
1247 2259 1290 2288 Qui
1317 2261 1403 2284 autem
1423 2261 1573 2285 conturbant
1593 2261 1741 2285 charitatem
1761 2262 1786 2285 et
1805 2268 1836 2286 ex
1855 2263 1966 2285 contem-

476 2294 520 2321 ptu
538 2291 665 2316 dimittunt
683 2294 709 2315 et
727 2294 786 2316 sunt
805 2290 958 2315 scandalum
979 2293 1092 2316 ceterum
1112 2293 1149 2316 llli
1167 2298 1227 2317 vere
1247 2294 1389 2318 mortaliter
1408 2297 1520 2324 peccant.
1557 2295 1606 2319 Sed
1634 2295 1674 2319 vbi
1692 2301 1743 2320 non
1769 2298 1809 2320 est
1826 2295 1965 2325 periculum

477 2325 535 2349 fidei
554 2328 579 2349 et
597 2326 697 2355 pietatis
717 2326 780 2350 Nihil
799 2325 886 2349 refert.
922 2325 983 2349 Vide
1003 2325 1062 2349 Pau.
1081 2326 1117 2356 [1.
1135 2327 1184 2356 ep.]
1203 2327 1235 2351 ad
1255 2328 1336 2352 Corin.
1355 2329 1377 2352 8.

957 2411 1073 2436 CODICIS
1102 2413 1281 2438 Dss'ERSiTAS.

341 2465 367 2494 1)
387 2463 568 2489 contrahendis
639 2462 667 2492 2)
685 2461 870 2500 'Maleticiorum
943 2462 971 2499 3)
992 2463 1045 2487 iure
1117 2464 1145 2494 4)
1172 2466 1197 2489 et
1215 2472 1272 2488 om.
1294 2464 1344 2489 sed
1368 2465 1472 2489 statim
1495 2468 1731 2498 mperscriptzmi
1803 2467 1832 2495 5)
1852 2467 1863 2497 {j
1887 2467 1920 2496 (ι’.
1943 2473 1966 2490 e.

269 2504 334 2528 quae
347 2499 366 2527 !)
437 2499 464 2528 6)
485 2498 547 2522 thio.
618 2497 646 2525 ἵ)
666 2496 788 2520 didicistis
859 2495 887 2525 8)
907 2496 949 2525 gal
1029 2498 1057 2526 9)
1077 2498 1213 2523 Consilium
1286 2500 1330 2530 10)
1356 2500 1488 2524 consilium
1563 2501 1605 2529 11)
1632 2500 1703 2530 opidi
1775 2500 1818 2529 12)
1838 2501 1968 2525 statuebat

271 2533 316 2597 {33
336 2532 487 2591 ἒὶἓὶξξέῐῖἱῐὲἒ
512 2533 595 2563 legem
621 2532 645 2554 et
721 2529 762 2557 14)
787 2529 819 2552 1¹1.
840 2535 898 2560 pro
925 2530 951 2554 X.
1032 2532 1074 2559 15)
1093 2535 1126 2556 111'1
1152 2532 1197 2562 (ut
1216 2532 1347 2557 videtur.
1374 2536 1426 2558 aut
1449 2536 1499 2565 mi)
1580 2535 1623 2564 16)
1642 2534 1724 2563 ydeoti
1806 2535 1848 2563 17)
1867 2535 1969 2563 Teologi

166 2623 284 2643 MELANTH.
300 2623 365 2643 OPER.
380 2624 429 2643 voi..
445 2625 492 2644 XM
1800 2621 1813 2643 3

2070 125 2113 155 34
