2358 2933
100 113 162 146 301
545 109 568 139 1.
587 108 687 140 LOCI
710 105 984 138 THEOLOGICI:
1008 105 1045 136 C.
1070 105 1281 138 SECUNDA
1303 105 1460 138 EORUM
1482 106 1638 140 AETAS.

338 208 414 246 De
460 219 638 245 coena
685 198 986 255 Domini.²⁰)

297 288 418 319 Variae
451 292 528 317 sunt
557 284 796 326 appellationes
825 282 922 313 huius
953 282 1072 313 Sacra-

253 331 369 367 menti,
403 329 463 360 sed
490 327 612 359 Paulus
641 333 740 358 vocat
772 336 909 356 coenam
939 325 1070 354 domini.

253 373 376 404 Postea
395 370 604 412 appellarunt
616 369 774 411 Synaxin.
798 367 1073 417 proptereaquod

254 415 435 445 communis
465 424 570 444 coena
607 417 696 443 esset
734 415 1001 450 conffregatlolns
1040 418 1073 438 1n

254 456 409 488 ecclesia.
449 454 667 497 Appellarunt
690 460 722 483 et
745 434 975 483 eucharistiam
998 461 1073 490 pro-

253 506 325 540 pter
353 499 449 529 finem
479 499 554 538 quia
588 507 628 527 ea
656 496 811 529 coena2’1)
846 494 994 524 instituta
1024 498 1074 524 est

254 548 288 572 ut
311 542 408 577 ibi22)
442 548 664 581 agnoscamus
685 536 877 567 beneficium
897 535 1019 566 Christi
1043 541 1074 566 et

253 584 469 622 accipiamus,
498 588 530 612 et
553 590 691 621 agamus
715 580 837 619 gratias
860 588 921 618 pro
952 578 1074 608 donata

254 626 448 655 remissione
459 628 671 663 peccatorum
683 626 818 662 propter
829 626 969 651 mortem
982 619 1074 650 Chri-

254 668 305 696 sti.
315 669 360 703 23)
397 667 583 696 Extiterunt
604 669 713 694 autem
736 665 776 693 de
800 662 861 693 hac
886 663 1074 693 ceremonia

253 708 428 739 horribiles
456 707 668 748 quaestiones
697 705 837 742 multae,
871 705 946 735 inde
980 709 1073 734 ortae

253 751 341 791 quod
376 756 471 780 vetus
506 747 668 779 ecclesiae
703 747 907 778 consuetudo
945 747 978 777 in
1011 746 1074 776 hac

254 793 440 823 ceremonia
466 791 638 821 tractanda
661 791 829 830 antiquata
859 795 920 819 est.
964 788 1074 819 Prima

253 835 401 875 quaestio
416 840 466 864 est
475 836 519 873 ²⁴)
544 834 584 864 de
603 832 873 872 interpretatione
886 832 1073 862 verborum.

254 877 325 907 Hoc
354 883 407 907 est
435 885 555 915 corpus
584 885 707 912 meum,
742 885 783 904 an
806 875 848 904 sit
871 873 1074 913 metaphora,

254 918 318 949 hoc
342 924 393 949 est
411 918 586 953 Quaeritur
606 918 646 948 de
664 917 850 957 praesentia
875 926 917 945 an
940 921 971 946 et
995 925 1074 956 quo-

252 961 350 991 modo
386 970 507 1000 empus
539 959 661 989 Christi
695 959 790 989 adsit.
837 958 964 988 Deinde
999 963 1075 988 sunt

252 1002 337 1033 aliae
356 1003 566 1042 quaestiones
586 1002 626 1031 de
645 999 760 1037 Missa,
783 1010 825 1030 an
849 1001 890 1030 sit
912 1001 1074 1040 quaedam

251 1044 375 1075 oblatio
395 1054 479 1084 quae
497 1042 707 1083 peculiariter
725 1043 767 1072 ad
786 1042 979 1072 sacerdotes
1002 1052 1075 1081 per-

251 1088 361 1123 tineat,
386 1086 438 1115 An
452 1096 531 1116 vero
544 1085 737 1115 53081-(1οᾀ85
754 1084 897 1114 habeant
909 1085 1075 1124 quoddam

253 1134 377 1160 tantuin
401 1128 612 1158 ministerium
636 1126 825 1167 porrigendi
849 1127 910 1156 sibi
935 1132 967 1156 et
990 1126 1073 1156 aliis.

252 1171 304 1201 An
329 1180 414 1210 opus
439 1170 623 1200 sacerdotis
648 1168 776 1199 differat
799 1170 840 1198 ab
864 1178 965 1209 opere
987 1167 1074 1205 laici,

251 1215 296 1243 ita
324 1218 360 1243 ut
388 1214 429 1243 sit
457 1211 655 1242 sacrificium
685 1211 773 1252 quod
804 1220 943 1241 necesse
972 1212 1015 1241 sit
1042 1211 1075 1240 in

253 1255 398 1286 ecclesia
428 1255 582 1285 existere.
628 1253 682 1283 An
708 1263 849 1283 necesse
877 1254 917 1284 sit
949 1252 1074 1283 sacrifi-

251 1298 335 1328 cium
352 1298 440 1327 istud
453 1295 613 1336 applicari
624 1297 669 1330 ²⁵)
692 1305 753 1335 pro
766 1294 839 1325 aliis
853 1296 895 1326 ad
908 1296 1074 1326 remissio-

251 1349 325 1370 nem
347 1344 570 1379 peccatorum.
608 1337 661 1368 An
683 1336 740 1368 illa
763 1337 940 1378 applicatio
965 1337 1075 1369 valeat

251 1392 292 1412 ex
316 1391 417 1420 opere
441 1387 577 1421 operato
602 1386 637 1410 ut
660 1385 792 1410 vocant.
816 1390 858 1410 an
881 1379 989 1411 valeat
1012 1391 1073 1421 pro

251 1425 334 1455 vivis
364 1429 397 1454 et
425 1423 563 1454 mortuis
592 1423 635 1453 ad
662 1422 890 1453 remissionem
919 1429 1074 1463 peccato-

250 1477 331 1496 rum.
376 1465 448 1496 Hae
471 1470 547 1495 sunt
571 1466 785 1506 quaestiones
808 1466 1007 1505 praecipuae
1033 1466 1074 1496 de

251 1508 368 1547 quibus
398 1508 551 1538 iudicium
578 1506 676 1538 facile
707 1513 796 1537 esset
825 1508 853 1537 si
882 1518 949 1537 non
984 1513 1075 1538 esset

131 1560 172 1587 46,
192 1566 214 1583 a,
250 1548 374 1580 abolita
397 1551 518 1580 veteris
543 1548 705 1580 ecclesiae
728 1550 964 1580 (10115118111ί10.1
1011 1550 1075 1580 Re-

251 1592 365 1622 censui
387 1598 496 1622 autem
518 1590 579 1621 1135
603 1592 832 1632 quaestiones,
857 1593 931 1632 quia
957 1592 1075 1632 plaeri-

251 1644 313 1674 que
331 1635 363 1664 in
382 1634 446 1664 1100
466 1634 599 1674 negotio
620 1632 857 1664 tumultuantur
875 1644 949 1665 cum
966 1636 1074 1665 nesci-

250 1682 306 1707 ant
331 1686 429 1716 quam
458 1677 569 1706 variae
598 1682 630 1705 et
658 1677 822 1706 obscurae
850 1676 913 1707 sint
941 1684 1074 1707 contro-

250 1719 391 1749 versiae.
438 1718 543 1748 Porro
573 1728 635 1748 nos
664 1718 705 1748 de
727 1718 834 1748 Missa
858 1724 888 1749 et
912 1719 1074 1750 sacrificio

248 1759 347 1801 paulo
370 1766 446 1800 post
470 1761 587 1791 dicturi
610 1770 735 1790 sumus.
780 1760 877 1791 Nunc
900 1762 940 1791 de
964 1772 1075 1793 sacra·

250 1808 369 1840 mento,
382 1803 471 1843 quod
483 1803 525 1833 ad
538 1812 653 1833 omnes
665 1803 698 1832 in
711 1801 856 1833 ecclesia
866 1805 1019 1844 pertinet.
1030 1806 1073 1842 26)

250 1845 391 1875 Ρ1111111111
421 1850 531 1875 autem
559 1846 599 1875 de
631 1855 767 1885 genere.
814 1845 923 1886 Supra
953 1847 1075 1877 dictiun

249 1892 300 1917 est
322 1892 565 1918 sacramentum
589 1897 665 1918 esse
688 1889 908 1919 ceremoniam
931 1890 1075 1920 additam

250 1929 457 1969 promissioni
476 1930 509 1960 in
532 1940 598 1970 qua
616 1930 699 1960 deus
718 1929 842 1971 aliquid
865 1932 960 1962 nobis
985 1931 1073 1962 exhi-

248 1973 313 2002 bet.
360 1971 415 2002 sic
443 1977 476 2002 et
503 1971 588 2003 11380
618 1982 723 2003 008113
746 1979 797 2003 est
820 1980 1073 2012 sacramentum,

249 2014 347 2044 debet
375 2015 459 2045 enim
482 2013 621 2056 intelligi
644 2016 831 2046 ceremonia
854 2017 964 2048 addita
987 2026 1073 2048 sum-

94 2124 140 2155 20)
168 2124 234 2149 Haec
254 2124 379 2154 inscriptio
400 2126 424 2150 in
443 2126 487 2150 Ms.
507 2125 588 2149 deest.

95 2175 141 2204 21)
166 2180 196 2199 ea
216 2175 306 2206 coena]
325 2175 415 2200 Editt.:
433 2176 497 2200 haec
516 2176 659 2201 ceremonia

95 2226 140 2256 22)
167 2226 234 2250 Haec
253 2228 279 2250 et
298 2228 531 2262 quaehsequuntun
550 2227 582 2251 ab
600 2227 672 2252 Editt.
693 2227 821 2252 differunt.

95 2277 141 2307 23)
167 2278 194 2301 H.
215 2278 230 2301 1.
252 2277 276 2301 111
294 2277 367 2302 Editt.
388 2277 444 2301 fere
464 2278 517 2302 tres
537 2277 646 2307 paginae
665 2280 725 2302 sunt
743 2278 854 2309 additae.
874 2285 905 2304 ex
924 2280 1015 2310 quibus
1034 2283 1072 2305 ta-

163 2317 222 2335 men
241 2311 313 2341 plura
332 2312 357 2336 iu
376 2312 419 2336 Ms.
438 2311 504 2336 infra
524 2312 612 2336 ordine
631 2311 732 2337 diverso
751 2313 880 2342 leguntur.

96 2361 142 2391 24)
167 2361 217 2392 est]
237 2362 300 2386 haec
318 2368 366 2387 vox
385 2363 409 2387 111
427 2363 472 2387 Ms.
492 2365 582 2392 postea
603 2363 705 2387 demum
724 2363 811 2388 addita
831 2366 877 2388 est.

96 2412 142 2443 25)
168 2413 211 2436 Ms.
230 2414 289 2437 ante
310 2412 463 2445 applicari
481 2414 559 2438 habet
577 2414 683 2438 verbum
703 2412 879 2445 sacrificari
891 2416 1052 2444 expunctum.

96 2463 142 2491 26)
166 2463 287 2494 pertinet]
315 2464 362 2488 hoc
386 2464 494 2494 primuni
524 2464 636 2488 exhibuit
664 2465 721 2490 Ms..
750 2464 840 2489 deinde
866 2467 1018 2495 expunctum
1046 2467 1072 2490 et

165 2497 272 2520 attinet
290 2497 413 2529 additum,
432 2502 485 2523 tum
505 2504 564 2522 vero
584 2500 609 2523 et
627 2499 674 2522 hoc
693 2498 806 2522 deletum
820 2500 845 2523 et
858 2499 927 2528 prius
946 2499 1007 2523 illud
1027 2500 1071 2524 de-

164 2536 214 2555 nuo
233 2531 397 2561 adscriptum.

1123 210 1195 230 mae
1219 200 1317 231 totius
1341 198 1523 240 Evangelii,
1547 211 1644 241 quam
1663 206 1695 230 et
1718 199 1945 241 complectitur

1123 243 1155 272 111
1178 243 1258 282 ipsis
1278 243 1398 273 verbis.
1438 242 1497 272 Hic
1521 248 1571 273 est
1594 241 1678 273 calix
1701 253 1823 273 novum
1845 248 1944 273 testa-

1123 290 1277 321 mentum,
1296 285 1328 315 id
1342 290 1392 314 est
1404 285 1624 315 testimonium
1636 295 1743 315 novae
1756 285 1945 325 promissio-

1124 327 1185 356 nis.
1231 326 1365 357 Summa
1386 326 1557 368 Evangelii
1580 337 1639 357 seu
1661 327 1888 367 promissionis
1913 327 1944 357 in

1124 367 1175 397 his
1199 369 1309 399 verbis
1334 375 1385 398 est
1409 369 1480 399 Hoc
1504 375 1557 399 851
1584 379 1705 409 corpus
1727 379 1835 400 meum
1858 369 1946 410 quod

1124 420 1184 450 pro
1204 411 1298 440 vobis
1323 411 1471 441 traditur.
1512 411 1643 447 ltem27)
1669 411 1730 445 Qui
1754 422 1813 452 pro
1836 410 1945 442 inultis

1125 451 1362 489 effundetur'ffi)
1398 454 1430 482 in
1464 454 1690 483 remissionem
1723 459 1945 494 peccatorum.

1124 493 1318 534 Principalis
1338 495 1434 534 igitur
1453 494 1526 524 finis
1545 494 1641 525 huius
1662 497 1869 526 ceremoniae
1884 500 1946 533 est,

1124 542 1159 567 ut
1181 542 1321 566 testetur
1344 537 1439 566 nobis
1459 536 1607 567 exhiberi
1630 548 1684 567 res
1709 539 1739 567 in
1763 536 1946 578 Evangelio

1125 579 1317 619 promissaS,
1341 577 1469 609 scilicet
1487 580 1714 609 remissionem
1734 585 1947 620 peccatorum

1126 626 1158 651 et
1186 621 1448 651 iustificationem
1478 627 1612 661 propter
1635 621 1809 652 Christum.
1856 622 1947 651 l'rin-

1126 662 1275 703 cipaliter
1299 663 1384 693 8111111
1402 661 1483 693 illud
1503 664 1621 694 intueri
1645 665 1814 701 debemus,
1838 674 1947 694 sacra-

1125 710 1269 735 mentum
1291 715 1367 735 esse
1391 706 1520 745 signum
1543 707 1679 746 gratiae,
1702 706 1788 736 hanc
1811 716 1948 736 coenam

1126 757 1201 777 8558
1242 748 1371 788 signum
1406 748 1483 778 novi
1520 750 1716 779 testamenti.
1772 748 1857 783 Quid
1898 755 1949 780 est

1124 795 1234 820 autem
1252 800 1374 819 novum
1391 795 1630 821 testamentum.
1661 790 1758 821 Certe
1772 792 1948 831 promissio

1126 838 1177 862 est
1199 832 1401 862 remissionis
1426 838 1637 872 peccatorum
1661 840 1692 863 et
1710 832 1947 864 reconciliatio-

1125 875 1176 904 nis
1200 880 1335 914 propter
1358 873 1533 905 Christum.
1579 875 1708 906 Deinde
1737 877 1785 906 sic
1812 876 1948 916 prodest

1125 915 1208 946 haec
1231 918 1434 954 ceremonia,
1457 927 1530 947 cum
1554 917 1650 948 tidem
1674 919 1840 956 addimus,
1864 917 1948 949 scili-

1127 964 1179 988 cet
1201 969 1266 999 qua
1290 959 1452 990 credimus
1477 960 1643 999 promissa
1664 961 1728 990 ista
1752 962 1848 991 nobis
1872 971 1949 992 con-

1126 1001 1269 1041 tingere,
1304 1007 1335 1030 et
1364 1000 1429 1030 hoc
1458 1001 1683 1040 spectaculum
1714 1002 1819 1033 oeulis
1850 1008 1949 1043 atque

1126 1043 1233 1072 animo
1264 1043 1433 1080 obiicitur,
1463 1049 1498 1073 ut
1520 1053 1582 1073 nos
1605 1045 1647 1074 ad
1671 1045 1870 1075 credendum
1894 1046 1949 1076 ad-

1124 1091 1257 1114 moneat
1297 1091 1328 1115 et
1376 1085 1459 1115 fides
1503 1086 1554 1115 i1r
1599 1088 1696 1117 nobis
1738 1088 1948 1118 exuscitetur.

1126 1126 1276 1157 Christus
1299 1128 1384 1157 enim
1408 1133 1546 1158 testatur
1569 1129 1610 1158 ad
1629 1140 1690 1159 nos
1710 1131 1873 1169 pertinere
1892 1131 1947 1161 bc-

1125 1168 1277 1199 118110111111
1305 1179 1415 1207 51111111,
1447 1181 1520 1200 011111
1542 1171 1639 1200 nobis
1662 1172 1800 1212 impertit
1826 1182 1947 1212 corpus

1125 1221 1231 1248 suum,
1255 1216 1287 1241 et
1305 1222 1367 1241 nos
1386 1213 1449 1243 sibi
1466 1213 1614 1253 adiungit
1627 1219 1781 1255 tanquam
1794 1216 1950 1251 membra,

1125 1263 1190 1293 qua
1210 1264 1274 1283 non
1293 1260 1404 1294 potest
1426 1253 1491 1285 alia
1511 1257 1699 1287 coniunctio
1720 1258 1855 1297 cogitari
1874 1266 1949 1297 pro-

1124 1296 1206 1335 pior.
1252 1295 1406 1327 Testatur
1428 1298 1505 1328 118111
1532 1308 1569 1328 58
1598 1300 1629 1329 111
1659 1301 1755 1329 nobis
1780 1298 1950 1331 efficacem

1124 1337 1213 1376 fore,
1238 1339 1314 1378 quia
1336 1340 1408 1379 ipse
1431 1346 1482 1370 est.
1505 1341 1586 1378 vita,
1610 1341 1677 1371 Dat
1700 1344 1892 1383 sanguinem
1915 1349 1949 1373 ut

1126 1386 1266 1411 testetur
1288 1391 1325 1411 se
1348 1392 1410 1412 nos
1434 1381 1580 1413 abluere.
1627 1383 1719 1414 Haec
1744 1396 1815 1415 cum
1839 1386 1871 1415 in
1895 1384 1951 1415 illa

1126 1424 1336 1454 sanctissima
1360 1434 1464 1455 coena
1482 1426 1553 1466 geri
1573 1426 1731 1465 videmus,
1754 1427 1837 1458 tides
1856 1438 1950 1459 acce-

1127 1466 1205 1496 dere
1240 1466 1348 1496 debet.
1404 1467 1453 1497 Ita
1485 1474 1625 1507 prosunt
1659 1471 1884 1508 ceremoniae,
1919 1477 1951 1501 et

1127 1506 1387 1539 consolabuntur
1414 1515 1446 1539 et
1475 1510 1687 1542 vivificabunt
1716 1513 1949 1543 conscientias.

1126 1550 1236 1591 Atque
1258 1550 1313 1581 hic
1338 1561 1420 1582 usus
1443 1553 1591 1592 privatus
1622 1560 1672 1584 est
1703 1559 1735 1585 et
1764 1556 1887 1596 pariter
1909 1556 1951 1586 ad

1127 1593 1320 1623 sacerdotes
1350 1600 1381 1624 et
1412 1595 1452 1624 ad
1477 1594 1583 1626 laicos
1610 1598 1749 1636 pertinet
1782 1599 1867 1629 sicut
1896 1609 1950 1639 pa-

1127 1636 1205 1665 riter
1234 1636 1384 1677 utrisque
1413 1647 1496 1676 opus
1526 1644 1575 1668 est
1605 1641 1800 1670 remissione
1830 1651 1950 1680 pecca-

1126 1684 1233 1707 torum
1257 1684 1288 1707 et
1315 1678 1563 1717 consolatione,
1593 1682 1652 1711 sed
1676 1684 1869 1713 sacerdotes
1893 1684 1949 1720 mi-

1126 1720 1220 1750 nistri
1244 1726 1317 1751 sunt
1341 1720 1413 1751 aliis
1438 1721 1629 1753 exhibentes
1653 1732 1869 1756 sacrmnenta.
1899 1725 1948 1755 Ex

1125 1762 1177 1792 his
1208 1769 1344 1803 apparet
1379 1774 1517 1794 coenam
1548 1766 1667 1796 domini
1699 1766 1949 1798 Sacramentum

1127 1814 1222 1841 esse,
1246 1806 1322 1845 quia
1345 1811 1395 1836 est
1420 1807 1549 1847 signum
1572 1809 1716 1839 additum
1738 1811 1949 1849 promissioni

1125 1846 1310 1888 Evangelii.
1345 1848 1492 1889 Apparet.
1512 1851 1586 1880 item
1607 1852 1678 1891 quis
1698 1853 1738 1881 sit
1757 1853 1948 1893 principalis

1126 1889 1199 1919 finis
1214 1896 1245 1919 et
1258 1891 1345 1930 quod
1358 1902 1422 1921 non
1435 1894 1539 1932 prosit
1555 1903 1595 1923 ex
1609 1904 1709 1933 opere
1722 1901 1869 1935 operato,
1889 1896 1948 1927 sed

1126 1932 1214 1973 quod
1238 1933 1269 1962 in
1293 1943 1355 1963 usu
1378 1934 1461 1964 fides
1485 1936 1648 1966 accedere
1672 1937 1800 1967 debeat.
1838 1938 1948 1969 Adda-

1125 1985 1196 2005 mus
1217 1975 1312 2005 etiam
1336 1976 1376 2006 de
1399 1979 1651 2017 praeparatione
1675 1985 1705 2010 et
1729 1981 1783 2020 qui
1807 1981 1947 2021 digniw)

1125 2023 1263 2047 sumant.
1296 2017 1449 2049 Ecclesia
1474 2018 1550 2049 olim
1573 2022 1705 2051 arcebat
1730 2032 1749 2051 a,
1773 2023 1948 2053 conununi-

1125 2070 1188 2090 one
1222 2060 1383 2091 obnoxios
1417 2060 1599 2093 manifestis
1631 2065 1830 2095 criminibus.
1873 2066 1948 2106 quia

1124 2102 1189 2132 hoc
1215 2109 1423 2134 sacramento
1453 2105 1497 2134 uti
1527 2105 1646 2136 debent
1671 2107 1723 2146 qui
1748 2114 1847 2147 agunt
1872 2117 1948 2147 poe-

1123 2145 1303 2175 nitentiam.
1337 2146 1412 2186 quia
1434 2146 1487 2176 hic
1510 2149 1703 2188 proponitur
1727 2150 1948 2180 testimonium

1124 2187 1326 2217 remissionis
1350 2194 1579 2227 peccatorum,
1610 2200 1673 2231 quo
1700 2192 1855 2222 admoniti
1887 2193 1947 2223 eri-

1124 2239 1203 2277 gere
1231 2229 1327 2259 fidem
1354 2231 1473 2261 debent
1503 2232 1522 2262 ii
1551 2233 1605 2272 qui
1635 2232 1755 2263 habent
1785 2240 1946 2274 perterre-

1124 2271 1231 2302 tactas
1262 2274 1496 2304 conscientias.
1549 2274 1582 2304 ld
1614 2280 1663 2305 est
1693 2276 1789 2316 digne
1818 2287 1946 2307 samere

1125 2324 1197 2344 011111
1221 2320 1354 2346 utuntur
1377 2316 1396 2346 ii
1421 2317 1473 2356 qui
1497 2323 1597 2357 agunt
1621 2319 1868 2357 poenitentiam,
1900 2325 1945 2350 et-

1985 1099 2024 1125 46.

2036 108 2100 141 302

1124 2433 1169 2463 27)
1196 2433 1269 2463 Item]
1283 2434 1354 2458 Editt.
1371 2434 1467 2459 addunt
1482 2435 1558 2459 verba
1577 2436 1601 2460 in
1615 2437 1657 2461 Ms.
1673 2438 1740 2461 male
1760 2438 1868 2462 omissa:
1888 2439 1927 2462 hic
1940 2441 1980 2463 est
1992 2441 2097 2469 sang-uis

1097 2488 1098 2492 ¹
1124 2483 1169 2513 28)
1197 2483 1354 2514 effundetur]
1374 2484 1462 2509 fidat:
1483 2485 1622 2511 effunditur

1124 2534 1170 2563 29)
1196 2533 1276 2564 digni]
1295 2534 1379 2559 Eunt:
1400 2535 1476 2565 digne
