2358 2933
203 101 281 131 1043

196 202 331 235 propter
348 195 466 235 ipsum,
485 193 609 225 scilicet
631 203 672 224 ne
684 203 873 224 maneamus
887 193 918 223 in
930 192 1168 234 maledictione,

196 238 292 268 modo
313 244 345 267 ut
365 236 427 267 tide
447 236 640 267 beneficium
659 236 728 267 eius
745 236 840 267 nobis
855 235 1068 277 applicemus.
1092 237 1169 268 ldeo

197 279 318 310 Paulus
343 280 464 310 diserte
494 280 612 316 intuit,
642 288 702 309 nos
732 277 890 309 liberatos
919 289 994 311 esse
1025 290 1044 310 a
1073 279 1169 311 male-

196 323 338 353 dic-tione
357 322 467 362 Legis,
487 291 611 352 scilicet
632 322 707 362 quia
722 320 870 352 Clu-istus
889 321 1050 362 persolvit
1069 323 1168 363 λύτρα.

196 365 268 395 Non
292 366 429 395 remissa
453 372 526 395 sunt
556 370 693 404 peccata
720 364 751 394 in
776 362 945 395 voluntate
968 364 1031 395 Dei
1061 364 1171 406 aliqua

195 406 372 438 mobilitate
397 407 468 437 sine
492 417 622 444 caussa,
648 407 708 437 scd
731 407 918 437 intercessit
939 418 1059 449 magna
1083 419 1170 439 com—

193 450 344 490 pensatio
378 456 512 490 propter
546 450 698 480 iustitiam
727 448 799 479 Dei.
846 450 902 481 Sic
930 451 1023 490 primi
1053 450 1169 481 Patres

194 493 290 522 etiam
313 498 388 522 ante
411 492 563 533 Moysen,
587 491 764 529 Abraham,
788 492 897 529 Isaac,
921 492 1037 530 Iacob,
1060 499 1093 523 et
1116 493 1170 523 ‹le-

194 535 267 565 inde
291 534 445 575 Moyses,
476 533 625 572 Samuel,
653 533 779 571 David,
810 534 957 574 Baptista
985 536 1170 566 sentiebant

194 578 252 607 sibi
278 578 393 608 remitti
417 584 554 618 peccata
578 583 607 608 et
632 587 669 608 se
688 577 788 617 recipi
807 584 942 618 propter
961 577 1076 608 Filium
1094 577 1169 615 Dei,

194 630 258 650 non
282 627 418 661 propter
440 619 577 661 Legem,
603 626 634 650 et
658 630 694 650 se
717 618 959 657 reconciliatos,
983 630 1169 661 quanquam

193 673 258 693 non
283 670 373 694 erant
400 663 470 693 sine
493 663 664 700 sordibus,
695 669 801 693 tamen
824 662 897 695 Deo
921 661 1069 703 placere,
1095 664 1170 704 quia

193 716 212 736 a
235 705 327 747 Lege
355 704 482 736 liberati
512 712 623 736 essent
648 711 781 745 propter
803 704 935 743 Filium,
966 716 1062 746 quem
1087 707 1170 737 scie-

193 749 271 779 bant
294 749 384 789 λύτρα
407 747 649 789 persoluturum
673 758 765 788 esse,
790 748 875 778 sicut
896 747 1045 788 Baptista
1068 748 1169 789 inquit

194 790 274 828 [1011.
302 791 330 828 1,
355 791 446 828 ⁵294:
481 790 570 821 Ecce
601 801 706 831 agnus
730 790 811 827 Dei,
841 791 894 831 qui
922 789 1003 821 tollit
1031 797 1170 832 peccata

193 834 313 864 mundi.
339 834 369 863 id
393 840 462 871 est,
487 833 627 863 Victima
649 844 669 864 a
692 833 764 864 Deo
789 834 957 864 destinata.
1004 834 1095 865 Haec
1119 839 1170 864 est

192 877 364 917 abrogatio
388 876 488 917 Legis
511 874 664 911 Moralis,
695 876 735 906 de
759 885 823 917 qua
846 874 968 907 Paulus
994 878 1168 908 conciona-

192 926 244 949 tur
267 920 390 949 diserte
409 919 534 955 dicens,
558 929 616 958 per
630 918 796 949 Christum
819 928 880 948 nos
900 929 920 949 a
938 918 1168 950 maledictione

194 961 289 1002 Legis
314 962 500 1002 redemptos
524 971 608 992 esse.
651 961 697 991 Ita
720 960 848 992 liberati
871 971 996 1000 sumus,
1019 963 1047 993 si
1072 963 1168 993 bene-

192 1004 298 1035 ticium
323 1004 565 1036 Clu·isti‚nobis
589 1004 653 1034 fide
677 1003 892 1044 applicamus.

277 1047 367 1078 Haec
391 1047 539 1078 doctrina
561 1057 623 1077 nos
648 1047 689 1077 de
711 1052 850 1088 utraque
874 1057 909 1078 re
932 1047 1102 1084 admonet,
1127 1047 1168 1077 de

191 1091 368 1131 ingentiffl)
388 1090 437 1120 ira
455 1088 519 1120 Dei
537 1090 698 1120 adversus
718 1096 900 1129 peccatum,
924 1090 1012 1130 quod
1031 1100 1097 1121 non
1118 1100 1167 1120 re-

190 1134 324 1163 missum
353 1139 399 1163 est
433 1133 503 1162 sine
533 1133 817 1172 compensatione,
849 1139 881 1164 et
909 1133 949 1163 de
977 1133 1166 1163 admirando

193 1174 349 1206 beneficio
371 1174 500 1205 Christi.
537 1175 674 1215 Semper
697 1175 762 1206 odit
783 1175 875 1207 Deus
900 1182 1083 1216 peccatum,
1107 1175 1166 1205 sed

190 1219 265 1258 quia
294 1219 374 1248 iram
406 1227 500 1248 suam
528 1218 559 1248 in
589 1217 702 1248 Filium
732 1218 911 1254 derivavit,
945 1228 1006 1248 nos
1041 1218 1165 1258 recipit.

193 1260 261 1291 Lex
285 1261 369 1291 enim
394 1259 534 1301 obligat,
564 1266 599 1290 ut
627 1261 707 1291 dixi.
738 1261 780 1290 ad
807 1261 1025 1291 obedientiam
1048 1259 1103 1291 vel
1124 1261 1167 1291 ad

191 1314 340 1342 poenam,
363 1309 395 1334 et
418 1313 525 1343 poena
548 1314 567 1333 a
592 1302 672 1333 Filio
696 1302 867 1343 persoluta
890 1309 950 1334 cst.

275 1346 370 1376 Ntuic
406 1346 503 1387 igitur
537 1345 578 1375 ad
611 1344 824 1385 principalem
859 1346 1083 1386 quaestionem
1118 1355 1167 1375 re—

190 1389 348 1427 spondeo.
389 1388 534 1419 Liberati
557 1397 671 1418 sumus
694 1398 713 1417 a
737 1387 966 1418 maledictione
990 1386 1075 1428 legis
1096 1388 1167 1417 Mo-

192 1430 281 1467 ralis‚
307 1431 381 1471 quia
405 1430 506 1461 Filius
530 1430 689 1470 persolvit
716 1430 815 1470 λύτρα,
840 1436 871 1460 et
894 1436 1027 1470 propter
1050 1428 1166 1459 Filium

192 1474 313 1513 recepti
336 1484 462 1511 sumus,
485 1474 545 1503 sed
568 1479 673 1503 manet
698 1473 779 1503 ordo
799 1472 862 1503 Dei
885 1479 1038 1503 aeternus
1061 1478 1092 1502 et
1112 1472 1167 1501 im-

190 1515 373 1553 mutabilis,
410 1522 444 1546 ut
478 1522 624 1548 creatura
654 1515 726 1546 Deo
758 1516 920 1546 conditori
951 1515 1165 1554 obtemperet.

191 1559 262 1589 Non
293 1565 446 1596 accusat,
477 1569 542 1589 non
573 1558 703 1588 damnat
731 1557 801 1588 Lex
830 1555 1078 1594 reconciliatos,
1108 1557 1167 1587 sed

192 1608 297 1632 manet
321 1602 402 1631 ordo
427 1603 457 1632 in
482 1607 588 1631 mente
613 1601 720 1631 divina
745 1606 775 1631 et
799 1601 831 1630 in
854 1607 967 1631 nostra
991 1605 1109 1637 mente,
1134 1605 1168 1630 ut

192 1644 262 1674 Deo
287 1645 488 1674 obediamus.
535 1644 570 1674 ln
600 1642 684 1674 hanc
712 1644 908 1674 sententiam
935 1644 1066 1673 dicitur:
1100 1642 1167 1673 Ab·

192 1693 306 1728 rogata
327 1693 375 1717 est
396 1687 478 1723 Lex,
503 1687 590 1727 quod
609 1687 651 1716 ad
670 1685 932 1716 maledictionem
951 1685 1076 1722 attinet,
1101 1696 1166 1715 non

191 1730 277 1770 quod
301 1730 341 1759 ad
366 1730 582 1760 obedientiam
605 1729 730 1759 attinet.
772 1728 849 1759 Ideo
874 1735 905 1759 et
928 1729 1068 1769 Spiritus
1093 1738 1168 1758 san-

191 1778 263 1802 ctus
287 1773 394 1809 datur,
418 1779 451 1802 ut
475 1772 591 1802 deinde
616 1781 694 1802 vere
718 1772 942 1802 accendantur
960 1772 992 1802 in
1012 1771 1166 1802 cordibus

191 1815 312 1845 nostris
336 1822 442 1845 motus
473 1821 693 1855 congruentes
717 1814 798 1855 Legi
823 1813 898 1851 Dei,
923 1820 958 1844 ut
980 1814 1011 1844 2.
1036 1812 1113 1843 Cor.
1137 1813 1166 1843 3.

192 1862 252 1893 {vs
282 1857 341 1894 181
387 1857 457 1887 Nos
481 1863 605 1888 retecta
628 1856 713 1887 facie
737 1856 875 1898 gloriam
897 1856 1027 1887 Domini
1052 1866 1168 1896 specu-

190 1898 294 1929 lantes
318 1901 350 1930 in
374 1900 510 1930 eandem
534 1900 706 1941 imaginem
731 1899 1002 1930 transformamur
1025 1909 1044 1929 a
1063 1897 1169 1940 gloria

191 1944 220 1972 in
246 1941 383 1983 gloriam
407 1949 561 1983 tanquam
584 1953 603 1972 a
626 1942 756 1972 Domini
780 1943 907 1983 spiritu.

278 1985 325 2015 Ex
350 1984 400 2015 liis
431 1984 568 2026 intelligi
597 1991 707 2025 potest
737 1985 857 2015 dictum
882 1983 974 2015 Pauli
1004 1983 1111 2022 [Rom.
1135 1982 1167 2020 6,

194 2028 273 2066 144:
308 2028 381 2058 Non
407 2028 488 2058 estis
512 2029 573 2058 sub
598 2028 699 2069 Lege,
723 2028 781 2057 sed
805 2028 866 2058 sub
891 2027 1007 2068 gratia,
1030 2025 1169 2063 scilicet,

191 2071 266 2111 quia
290 2071 321 2100 in
346 2070 511 2101 Christum
535 2069 695 2101 translata
719 2077 767 2101 est
792 2080 910 2111 poena,
935 2070 1109 2101 credentes
1133 2068 1169 2099 li-

193 2114 295 2143 berati
327 2119 401 2143 sunt
432 2114 472 2143 ab
503 2113 551 2143 ira
582 2119 611 2143 et
640 2113 703 2143 iam
732 2119 867 2153 propter
897 2112 1063 2142 Christum
1093 2112 1169 2142 iusti

192 2166 250 2186 seu
273 2156 399 2195 accepti
430 2163 521 2193 sunt,
552 2156 677 2186 etiamsi
708 2154 842 2186 haerent
874 2156 904 2185 in
936 2156 984 2185 eis
1014 2154 1169 2195 reliquiae

192 2200 333 2238 peccati,
376 2199 493 2238 quibus
534 2205 714 2239 repugnant
751 2199 877 2238 spiritu.
924 2198 1018 2232 Quod
1054 2198 1170 2227 dicitur

192 2241 235 2278 11.
255 2240 334 2271 Tim.
361 2241 389 2276 l,
413 2241 469 2279 9.]‚
494 2241 582 2271 lusto
606 2252 670 2271 non
694 2247 743 2271 est
763 2240 831 2271 Lex
854 2241 973 2280 posita,
997 2239 1170 2270 manifeste

192 2294 230 2313 eo
251 2282 325 2313 loco
345 2285 430 2323 apud
444 2283 581 2314 Paulum
601 2284 640 2314 de
660 2282 831 2323 disciplina
847 2284 973 2320 dicitur,
992 2283 1034 2313 ait
1047 2282 1170 2323 Legem

191 2327 331 2365 positam
353 2326 495 2363 iniustis,
527 2325 702 2356 adulteris.
732 2325 903 2357 homicidis
927 2332 990 2357 etc.
1018 2331 1053 2355 ut.
1078 2328 1169 2356 coer-

192 2376 342 2405 ceantur,
371 2375 582 2406 accusentur,
612 2370 795 2409 puniantur.
842 2368 911 2399 Hac
942 2367 1114 2408 disciplina
1138 2373 1169 2398 et

193 2411 254 2442 hoc
281 2421 416 2442 carcere
440 2412 564 2448 iustus,
588 2412 620 2441 id
644 2418 691 2442 est
706 2435 713 2443 .
737 2417 870 2442 renatus
895 2411 1014 2452 Spiritu
1040 2416 1168 2447 sancto,

200 2551 236 2569 ιε’
258 2547 362 2578 umenti]
383 2548 454 2572 Evlitt.
481 2548 570 2571 1220.
592 2548 640 2572 25..
660 2548 730 2578 corp.
753 2549 824 2571 1—8.
844 2549 945 2578 ingente

808 100 918 132 PHIL.
940 99 1043 132 MEL.
1065 99 1251 133 SCRIPTA
1269 102 1543 135 DOGMATICA.

2110 108 2193 141 1044

1214 205 1279 227 non
1299 196 1482 228 domandus
1497 198 1543 238 ⁴⁷)
1564 203 1626 234 est,
1645 198 1705 229 sed
1720 199 1843 239 regitur
1854 198 1978 240 Spiritu
1990 200 2037 240 48)
2057 208 2188 241 sanctu,

1213 237 1425 279 praelucente
1448 240 1551 270 verbo
1574 239 1654 276 Dei,
1682 240 1733 271 cui
1756 242 1820 272 scit
1842 246 2026 273 creaturam
2048 243 2190 276 rationa-

1214 280 1278 312 lem
1302 281 1483 313 subiectam
1507 292 1594 314 esse.
1634 281 1677 313 Et
1698 292 1738 314 eo
1761 281 1837 314 loco
1861 284 1948 324 apud
1966 283 2104 316 Paulum
2127 296 2191 318 em·

1214 323 1326 364 phasis
1350 331 1400 355 est
1422 325 1455 355 in
1478 326 1581 356 verbo
1605 329 1707 355 κεῖται.
1744 325 1868 357 lustum
1885 325 1954 357 Lex
1977 337 2042 358 non
2061 329 2189 369 premit,

1214 377 1281 397 non
1306 368 1424 398 obruit.

1300 409 1443 445 Quartus
1462 411 1585 452 gradus
1605 416 1655 442 est
1673 409 1845 449 libertatis,
1869 411 1958 452 quod
1976 411 2190 454 Evangelium

1214 451 1311 483 docet
1339 453 1419 483 ritus
1448 453 1588 484 humana
1618 453 1812 484 auctoritate
1839 453 1947 484 factos
1979 455 2011 484 in
2039 454 2191 487 Ecclesia

1214 495 1254 525 de
1272 495 1471 536 Adiaphoris
1496 506 1561 527 non
1580 497 1697 527 mereri
1715 496 1942 527 remissionem
1965 503 2191 538 peccatorum,

1214 547 1280 568 non
1309 547 1384 569 esse
1412 539 1565 569 iustitiam
1588 537 1777 580 Evangelii,
1805 549 1871 569 non
1901 540 2084 571 servandos
2114 550 2191 572 esse

1215 591 1287 612 cum
1311 581 1464 621 opinione
1492 582 1718 618 necessitatis,
1747 581 1807 612 sed
1836 591 1939 621 posse
1967 583 2070 613 omitti
2100 589 2192 614 extra

1216 633 1328 653 casum
1351 622 1509 654 scandali.
1544 623 1635 655 Haec
1659 623 1749 654 clare
1767 625 1940 655 traduntur
1962 625 1994 655 in
2016 624 2067 655 his
2096 626 2192 656 dictis

1216 665 1345 703 [Matth.
1367 666 1417 703 15,
1436 665 1502 703 9.]:
1537 665 1674 697 Frustra
1697 665 1809 697 colunt
1832 676 1882 697 me
1904 668 2065 698 mandatis
2088 666 2192 699 homi-

1214 718 1300 738 num.
1346 708 1426 739 Item
1455 707 1537 746 [Col.
1561 708 1598 745 2,
1628 709 1710 747 16.]:
1745 709 1848 740 Nemo
1871 719 1933 739 vos
1956 715 2073 751 arguet
2086 711 2132 751 ⁴⁹)
2158 711 2191 742 in

1215 751 1300 788 cibo,
1322 757 1403 791 potu
1426 757 1489 782 etc.
1535 750 1701 782 Recensui
1723 757 1831 782 autem
1854 762 1971 792 supra,
1995 762 2079 793 quos
2102 762 2191 784 erro-

1214 803 1267 824 res
1296 794 1417 824 addant
1447 793 1640 835 hypocritae
1670 792 1732 824 illis
1763 792 1915 824 humanis
1942 795 2074 831 ritibus3
2105 805 2191 836 quos

1214 846 1344 867 errores
1369 847 1443 868 cum
1465 835 1602 867 refutari
1617 837 1664 876 ⁵⁰)
1687 845 1827 866 necesse
1849 836 1908 874 sit,
1933 836 1974 867 de
1996 836 2062 867 hoc
2109 838 2190 868 radu

1212 877 1372 909 libertatis
1396 879 1427 908 in
1450 878 1603 910 Ecclesia
1627 879 1798 909 dicendum
1827 884 1888 908 est.
1933 877 2026 910 Deus
2055 890 2076 910 v
2112 886 2124 910 t
2153 889 2192 911 se

1213 928 1245 952 et
1273 921 1474 952 voluntatem
1507 932 1601 952 suam
1635 921 1772 962 agnosci
1805 930 1844 951 ex
1874 922 1977 952 verbo
2011 931 2090 960 suo,
2123 931 2191 953 non

1213 965 1363 995 concedit
1386 965 1482 995 nobis
1505 963 1669 995 licentiam
1701 963 1844 1004 fingendi
1873 964 2044 1004 opiniones
2073 969 2190 996 nostro

1211 1008 1365 1047 arbitrio,
1393 1013 1427 1038 ut
1454 1007 1619 1039 finxerunt
1644 1006 1774 1037 Ethnici
1803 1011 1834 1037 et
1857 1005 2021 1037 idolorum
2044 1005 2189 1038 cultores

1212 1051 1362 1081 omnibus
1387 1050 1599 1089 temporibus.
1644 1049 1726 1080 Nam
1749 1048 1804 1079 hic
1830 1046 1906 1078 sons
1937 1055 1987 1080 est
2015 1048 2191 1080 multorum

1212 1102 1376 1130 errorum,
1407 1093 1495 1133 quod
1519 1091 1669 1122 homines
1699 1097 1813 1132 putant
1840 1091 1901 1121 sibi
1929 1089 2031 1122 licere
2053 1092 2094 1122 de
2116 1090 2190 1123 Deo

1210 1135 1335 1176 fingere
1358 1135 1530 1175 opiniones
1554 1141 1586 1166 et
1610 1136 1696 1165 bono
1720 1134 1848 1170 studi0‚
1878 1139 1914 1164 ut
1937 1134 2059 1172 dicunt,
2083 1132 2191 1165 cultus

1211 1179 1392 1209 instituere.
1422 1178 1514 1208 Pium
1534 1177 1656 1208 ducunt
1676 1176 1821 1207 Thebani
1840 1181 1953 1217 petere
1971 1186 1990 1206 a
2002 1175 2075 1208 Deo
2094 1177 2190 1208 uber-

1211 1226 1309 1251 tatem
1333 1222 1521 1256 vinearum3
1545 1221 1618 1251 ideo
1638 1217 1862 1251 Bacchanalia
1880 1219 2062 1250 instituunt.
2097 1218 2190 1249 Pium

1211 1263 1332 1294 ducunt
1356 1262 1456 1294 Siculi
1478 1268 1607 1302 petere,
1630 1268 1665 1293 ut
1688 1260 1884 1292 frumentum
1906 1259 2050 1292 feliciter
2071 1271 2190 1301 prove-

1211 1306 1295 1341 niat3
1323 1306 1396 1336 ideo
1422 1304 1576 1335 Cererem
1604 1310 1635 1334 et
1657 1303 1755 1334 filiam
1779 1302 1902 1334 colunt.
1948 1302 2041 1334 Pium
2068 1304 2191 1334 ducunt

1210 1347 1348 1378 Romani
1372 1354 1483 1388 petere
1507 1347 1674 1377 victoriam
1697 1347 1729 1376 in
1747 1344 1861 1379 bellis;
1885 1346 1957 1376 ideo
1977 1344 2115 1376 Martem
2135 1355 2189 1376 co-

1210 1389 1291 1420 lunt.
1337 1390 1378 1420 Et
1401 1390 1433 1419 hi
1458 1387 1566 1419 cultus
1591 1387 1807 1419 cumulantur.

1298 1432 1420 1462 Omnes
1455 1436 1563 1461 autem
1598 1429 1630 1460 hi
1664 1439 1794 1460 errores
1829 1439 1869 1460 ex
1901 1428 1967 1459 hoc
2000 1439 2065 1460 uno
2099 1427 2191 1460 fonte

1211 1475 1379 1511 oriuntur,
1409 1474 1498 1515 quod
1521 1478 1635 1513 putant
1657 1471 1826 1509 homines,
1855 1471 1917 1502 sibi
1941 1470 2041 1502 licere
2063 1471 2190 1514 fingere

1211 1527 1271 1547 suo
1295 1517 1430 1547 arbitrio
1454 1517 1626 1557 opiniones
1650 1515 1690 1545 de
1714 1514 1787 1545 Deo
1817 1520 1849 1544 et
1872 1512 1990 1545 cultus.
2035 1514 2128 1546 Sicut
2157 1520 2189 1545 et

1210 1560 1325 1590 Aaron
1340 1561 1383 1594 ⁵¹)
1408 1560 1544 1599 putabat
1567 1557 1697 1599 fingens
1721 1555 1843 1587 cultum
1866 1557 1908 1587 ad
1936 1555 2028 1588 vituli
2057 1555 2188 1588 simula-

1211 1612 1319 1639 crum,
1349 1608 1381 1633 et
1404 1602 1576 1632 Ieroboam
1600 1600 1819 1631 audacissime
1842 1599 2010 1631 abducens
2034 1597 2189 1640 populum

1211 1644 1315 1675 Israel
1337 1655 1357 1675 a
1380 1643 1501 1685 templo
1525 1643 1589 1674 Dei
1611 1643 1654 1673 ad
1676 1652 1736 1673 sua
1759 1641 1932 1673 sacrificia.

1297 1687 1357 1718 Hic
1392 1686 1534 1718 clamant
1566 1686 1750 1726 sapientes:
1790 1684 1876 1719 Quid
1910 1684 1992 1715 haec
2025 1694 2080 1714 res
2112 1683 2188 1715 mali

1211 1730 1335 1761 habet?
1367 1729 1434 1760 Cur
1452 1740 1517 1759 nou
1537 1728 1777 1760 concederetur
1794 1737 1917 1767 augere
1936 1726 2078 1757 honesta
2096 1736 2189 1757 exer-

1212 1773 1308 1803 citia?
1343 1772 1427 1807 Quid
1451 1771 1590 1808 Ethnici,
1614 1771 1689 1811 quid
1708 1770 1822 1800 Aaron
1837 1770 1896 1810 ⁵¹),
1922 1770 1999 1810 quid
2018 1768 2189 1800 leroboam

1211 1814 1297 1847 aliud
1329 1814 1503 1851 volebant,
1533 1814 1596 1844 nisi
1625 1819 1659 1844 ut
1688 1813 1801 1842 notitia
1828 1811 1891 1842 Dei
1921 1818 2188 1849 conservaretur,

1210 1864 1244 1889 ut
1273 1857 1415 1899 populus
1444 1858 1485 1888 ad
1514 1856 1758 1887 invocationem
1787 1855 1994 1892 invitaretur,
2028 1860 2063 1885 ut
2092 1855 2188 1885 bonis

1212 1901 1376 1931 exercitiis
1396 1900 1439 1930 ad
1458 1901 1511 1939 pia
1530 1908 1629 1938 opera
1651 1897 1871 1929 assuefieret?
1905 1897 1974 1927 Hae
1988 1898 2034 1937 ⁵²)
2057 1898 2187 1937 species

1210 1951 1241 1974 et
1270 1943 1332 1974 hae
1360 1944 1574 1981 πιθανολογίαι
1604 1950 1735 1980 semper
1764 1938 1970 1976 fefellerunt,
2005 1937 2122 1970 fallunt
2155 1944 2187 1970 et

1210 1985 1326 2017 fallent
1349 1994 1454 2027 genus
1479 1984 1664 2015 humanum.

1296 2029 1345 2059 lta
1379 2037 1466 2058 nunc
1500 2027 1664 2066 sapientes
1698 2024 1949 2055 ratiocinantur:
1991 2023 2077 2059 Quid
2113 2022 2188 2054 mali

1212 2078 1279 2109 est,
1310 2082 1329 2102 a
1357 2069 1467 2101 multis
1497 2075 1528 2100 et
1556 2066 1695 2109 singulis
1726 2066 1834 2098 offerri
1858 2065 2048 2098 Christum?
2092 2066 2188 2097 Fiunt

1212 2192 1256 2219 47)
1277 2189 1431 2221 domandus]
1453 2189 1526 2214 Editt.
1547 2189 1588 2212 20.
1609 2188 1648 2212 22,
1668 2189 1707 2212 24.
1727 2186 1843 2216 26-34.,
1879 2187 1950 2217 Corp.
1972 2186 2053 2211 1-8..
2084 2186 2144 2216 Opp—
2167 2186 2188 2207 1.

1283 2225 1306 2247 2.
1327 2224 1487 2249 damnandus

1211 2277 1256 2307 48)
1278 2276 1381 2306 Spiritu]
1401 2275 1472 2300 Editt.
1493 2274 1567 2296 l—T.
1589 2273 1610 2296 9.
1633 2274 1670 2298 12.
1690 2280 1703 2297 a
1725 2273 1817 2303 Spiritu

1211 2327 1257 2358 49)
1278 2326 1379 2357 arguet]
1409 2326 1479 2350 [dm.
1505 2326 1575 2346 1—1.
1596 2325 1618 2347 ss.
1641 2326 1662 2347 τ.
1683 2324 1705 2347 9.
1730 2324 1767 2348 12.
1787 2324 1827 2347 28.
1847 2323 1887 2346 29.
1907 2322 2026 2352 31-33.‚
2045 2322 2103 2352 opp.
2126 2323 2145 2344 1.
2166 2321 2187 2345 2.

1280 2365 1371 2390 arguat

1210 2412 1256 2439 50)
1276 2411 1393 2442 refutari]
1413 2411 1483 2435 Editt.
1507 2411 1543 2435 18.
1562 2411 1602 2433 20.
1624 2411 1664 2432 22.
1684 2410 1724 2432 24.
1746 2409 1785 2433 25.
1805 2410 1836 2432 28
1857 2422 1887 2425 -
1907 2408 1956 2435 34..
1979 2408 2049 2437 corp.
2072 2408 2082 2429 1
2103 2419 2135 2423 —
2156 2407 2187 2435 8.,

1280 2447 1340 2476 Opp.
1363 2446 1383 2468 l.
1404 2446 1426 2468 2.
1447 2445 1560 2469 refutare

1211 2497 1255 2527 51)
1276 2496 1369 2526 Aaron]
1388 2496 1460 2520 Ediu.
1485 2495 1555 2520 1—3.
1575 2495 1598 2518 6.
1619 2495 1640 2518 7,
1660 2495 1682 2519 9.
1704 2495 1741 2517 12.
1762 2495 1862 2519 Aharon

1211 2548 1256 2576 52)
1276 2548 1338 2577 Hae]
1358 2547 1431 2572 Editt.
1456 2548 1526 2570 1—4.
1546 2546 1570 2569 6,
1591 2546 1613 2570 ἵ,
1633 2546 1655 2568 9.
1677 2546 1743 2570 [laer

2328 174 2336 250 amen-
2324 0 2338 143 ..az—:5⁷6
