2358 2933
72 120 136 152 605
538 117 568 158 ιΙ.
598 116 700 149 LOCI
722 115 999 148 THEOLOGIGI:
1028 116 1071 148 D.

73 212 138 244 Dei
159 211 352 243 omitit-mata
375 216 437 247 est,
461 217 494 241 ut
521 211 777 241 resuscitatione
796 216 998 240 mortuorum
1023 216 1053 240 et
1074 211 1076 219 ¹

74 253 184 286 multis
207 253 281 284 aliis
302 252 480 284 miraculis.
526 253 595 284 Sed
624 254 701 293 quia
721 262 777 282 res
801 257 877 282 sunt
895 253 935 285 ¹⁰)
959 258 1053 282 extra

73 298 228 328 iudicium
262 295 422 326 humanae
455 296 574 326 mentis
604 296 749 336 positae,
783 293 968 334 languidior
1003 300 1053 324 est

74 339 237 376 assensio,
260 348 346 378 quae
368 337 415 375 fit,
439 338 515 378 quia
537 348 629 368 mens
652 343 803 368 movetur
826 335 891 366 illis
909 337 1054 367 testimo-

75 382 137 412 niis
166 385 198 411 et
226 378 404 417 miraculis,
430 386 470 416 ¹et
504 381 635 411 iuvatur
668 390 687 410 a
715 379 837 419 Spiritu
871 384 988 409 sancto
1012 378 1075 408 ad*

75 423 326 455 assentiendum.

159 465 231 496 Etsi
255 471 362 496 autem
382 463 598 505 Philosophia
619 464 716 494 docet
740 463 953 494 dubitandum
978 473 1054 493 esse

76 509 117 539 de
145 507 217 545 his,
246 517 332 549 quae
362 518 428 538 non
451 513 527 538 sunt
550 516 652 536 seusu
675 512 862 545 comperta,
892 515 953 535 nec
977 511 1053 536 sunt

76 550 254 591 principia,
290 559 351 580 nec
375 556 450 580 sunt
472 548 752 580 demonstratione
776 547 985 584 confirmata,
1019 554 1052 577 ut

76 594 131 623 hic
152 591 230 623 licet
254 592 403 623 dubitare
426 602 486 622 seu
509 594 633 630 ἐπέχειν,
656 600 697 620 an
719 587 791 619 sola
811 590 906 620 nubis
927 590 1053 620 cavitas

78 636 118 666 sit
144 645 275 671 caussa,
299 644 358 664 cur
370 633 429 664 Iris
453 634 495 664 sit
518 642 636 667 arcus3
664 638 772 662 tamen
795 631 979 661 doctrinam
992 631 1054 661 Ec-

79 677 200 708 clesiae
224 687 242 707 a
255 676 327 706 Deo
351 676 500 706 traditam
523 675 666 706 sciamus
691 680 814 704 certam
837 681 867 704 et
891 674 1055 704 immotam
1075 679 1077 688 ¹

79 729 170 753 esse.
199 719 325 748 etiamsi
350 728 410 747 nec
433 727 534 747 sensu
559 716 829 756 deprehenditur,
860 726 921 746 nec
943 717 1055 747 nobis-

79 771 154 792 cum
182 766 257 791 nata
288 766 354 797 est,
378 766 412 790 ut
438 760 608 800 principia,
633 769 694 789 nec
719 759 1054 789 demonstrationibus

79 803 253 836 invenitur,
278 803 336 832 sed
362 812 482 832 caussa
508 802 710 832 certitudinis
735 808 783 831 est
810 800 966 831 revelatio
980 800 1055 838 Dei,

79 846 133 886 qui
156 851 205 875 est
232 855 342 876 verax.

166 887 277 922 Quare
303 886 392 917 illam
427 887 662 917 dubitationem
696 885 962 927 philosophicam
997 896 1056 917 seu

81 930 186 969 ἐποχήν
216 940 423 970 nequaquam
447 930 654 959 admittamus
678 929 719 958 ad
739 929 922 959 doctrinam
940 927 1057 960 Eccle-

80 973 150 1002 siae
178 983 197 1002 a
224 971 297 1002 Deo
326 972 488 1001 traditam.
533 971 654 1001 Haeret
683 970 804 1012 alioqui
833 972 864 1001 in
893 973 1057 1002 mentibus

80 1016 111 1045 in
141 1014 205 1044 hac
235 1020 371 1044 naturae
401 1013 563 1043 humanae
593 1015 802 1054 corruptione
832 1015 950 1055 ingens
981 1024 1058 1044 con-

80 1056 167 1087 fusio
198 1056 433 1087 dubitationum
463 1056 504 1085 de
534 1055 625 1093 Deo,
661 1057 779 1096 quibus
810 1056 1057 1097 repugnandum

81 1105 132 1130 est
162 1105 194 1129 et
223 1099 441 1139 opponendae
465 1104 540 1129 sunt
565 1099 746 1129 sententiae
770 1109 788 1129 a
812 1098 885 1129 Deo
909 1099 1056 1128 traditae.

80 1141 155 1172 Non
180 1141 297 1171 aienda
321 1147 372 1172 est
396 1141 448 1171 hic
472 1147 527 1171 aut
551 1140 716 1171 laudanda
740 1142 910 1178 dubitatio,
933 1141 993 1171 sed
1017 1142 1057 1170 sit

80 1183 163 1214 fides
192 1190 283 1214 certa
307 1184 472 1220 assensio,
506 1185 634 1222 ἕλεὶχος,
653 1185 696 1223 ¹¹)
730 1184 762 1214 id
789 1189 852 1213 est.
887 1183 1081 1220 certitudo„

82 1236 147 1267 qua
179 1236 270 1256 mens
305 1227 456 1256 convicta
492 1227 609 1256 divinis
644 1226 839 1256 testimoniis
875 1226 1060 1256 firmissime

81 1267 286 1309 amplectitur
314 1277 431 1297 vocem
455 1268 596 1298 divinam
621 1269 661 1298 dc
685 1269 783 1298 rebus
808 1278 872 1298 non
897 1278 1059 1309 apparen-

81 1311 180 1346 tibus.
202 1316 237 1340 ut
260 1309 404 1350 loquitur
426 1309 574 1349 Epistola
598 1311 640 1341 ad
665 1310 846 1340 Hebraeos.

165 1351 256 1382 Haec
286 1350 428 1391 praefari
452 1362 593 1383 necesse
618 1359 680 1389 est,
705 1359 739 1383 ut
761 1353 851 1383 initio
876 1354 1058 1395 cogitemus

82 1404 134 1424 res
154 1400 275 1431 certas,
293 1394 406 1425 firmas
420 1400 451 1425 et
464 1396 613 1425 immotas
626 1396 657 1425 in
672 1393 823 1425 Ecclesia
838 1397 960 1426 doceri.
975 1396 1058 1426 sicut

80 1437 182 1477 inquit
189 1435 289 1467 Filius
298 1436 359 1467 Dei
371 1436 486 1474 [Marc.
502 1438 547 1475 13.
556 1437 621 1476 31.]
633 1437 785 1469 :Coelum
800 1445 830 1469 et
843 1445 930 1469 terra
942 1439 1059 1468 transi-

83 1480 179 1516 bunt,
203 1480 305 1509 verba
333 1485 439 1510 autem
463 1491 535 1510 inea
558 1490 623 1510 non
652 1482 886 1521 praeteribunt.
930 1481 1060 1512 Deinde

81 1523 177 1552 etiam
201 1522 404 1562 cogitemus,
427 1522 524 1553 fidem
547 1533 624 1553 esse
658 1523 783 1553 firmam
819 1524 1059 1561 assensionem,

81 1562 331 1604 amplectentem
364 1565 527 1605 integram
555 1564 724 1605 Evangelii
760 1566 959 1603 doctrinam,
994 1577 1059 1597 non

81 1616 174 1644 esse,
210 1613 242 1637 ut
277 1607 308 1636 in
340 1607 516 1637 Academia
541 1607 731 1644 Arcesilae,
766 1607 862 1639 lu-Ios
887 1610 1060 1650 ambiguos

82 1650 269 1689 opinionum
293 1655 323 1679 et
347 1650 613 1690 disputationum,
638 1653 678 1684 ¹⁴²>
717 1651 798 1681 sicut
834 1650 933 1682 multa
969 1659 1060 1692 petu-

81 1691 181 1722 lantia
206 1693 334 1732 ingenia
358 1698 389 1722 et
414 1692 503 1722 multi
534 1694 667 1733 superbi
690 1693 838 1724 homines
863 1705 993 1735 semper
1015 1696 1061 1725 iu-

82 1735 246 1771 dicarunt,
276 1735 419 1764 iudicant
453 1742 483 1765 et
509 1736 714 1773 iudicabunt,
745 1747 883 1777 quomm
907 1736 1061 1777 blasphe-

81 1778 165 1807 mias
179 1778 268 1816 punit
286 1776 378 1807 Deus
392 1784 422 1807 et
437 1780 666 1817 praesentibus
680 1786 711 1809 et
724 1781 867 1810 aeternis
880 1780 1060 1820 suppliciis.

169 1819 265 1850 Nunc.
285 1819 325 1849 de
345 1820 459 1850 ordine
477 1822 618 1860 partium
638 1822 807 1852 doctrinae
828 1821 948 1863 aliquid
967 1834 1061 1863 prae-

83 1861 217 1892 fandum
257 1869 318 1892 est.
376 1862 440 1902 Ipsi
481 1861 553 1893 libri
588 1863 774 1904 Prophetici
811 1871 842 1895 et
876 1865 1061 1906 Apostolici

85 1904 205 1944 optimo
240 1905 354 1935 ordine
377 1906 491 1946 scripti
517 1914 603 1937 sunt.
629 1913 659 1937 et
683 1906 840 1938 articulos
864 1908 939 1938 fidei
963 1910 1061 1948 aptis-

83 1948 166 1977 simo
198 1948 312 1977 ordine
337 1947 478 1978 tradunt.
524 1948 583 1979 Est
602 1951 642 1982 ¹3}
667 1950 750 1979 enim
775 1949 932 1981 historica
957 1953 1061 1982 series

83 1991 113 2020 in
148 1988 240 2020 libris
274 1989 480 2030 propheticis
516 1998 547 2021 et
578 1992 801 2031 Apostolicis.
839 1994 1009 2024 ordiuntur
1043 2005 1061 2025 a

82 2033 184 2072 prima
215 2042 322 2062 rerum
352 2034 518 2063 creatione
542 2040 572 2064 et
597 2036 783 2065 conditione
806 2035 996 2074 Ecclesiae,
1031 2043 1061 2068 et

83 2075 239 2115 deinceps
280 2075 422 2105 omnium
462 2082 644 2117 temporum
678 2079 781 2108 series
820 2089 839 2109 a
874 2080 1062 2110 conditione

84 2127 190 2148 rerum
225 2127 329 2157 usque
362 2117 403 2147 ad
439 2117 515 2159 Cyri
550 2119 775 2151 Monarchiani
811 2122 996 2152 continetur
1029 2123 1061 2152 in

81 2159 132 2189 his
151 2161 191 2191 ¹⁴)
215 2158 308 2190 libris
332 2159 551 2198 Propheticis.
588 2162 623 2192 In
646 2162 710 2193 hac
733 2164 818 2193 serie
842 2163 964 2195 multae
987 2176 1057 2195 nar-

83 2207 194 2233 rantur
216 2203 472 2234 instaurationes
487 2203 670 2241 Ecclesiae,
691 2211 721 2236 et
734 2206 969 2247 insperguntur
988 2218 1061 2238 nar-

84 2349 126 2379 10)
146 2352 206 2373 sunt
223 2349 302 2374 abes!
320 2349 355 2373 ab
374 2349 446 2376 Etutt.
470 2349 506 2371 17.
527 2349 566 2372 21.
588 2350 627 2372 22.
649 2350 688 2373 24.
709 2350 748 2375 28.
769 2351 809 2374 29.
830 2352 870 2375 31.

82 2400 126 2428 11)
144 2397 265 2430 ἐλεγχος]
284 2400 356 2425 Editt.
377 2400 466 2423 1—16.
487 2404 513 2425 et
531 2399 641 2432 ἐλεγχος

85 2450 127 2479 12)
146 2450 355 2482 disputationum]
378 2451 420 2476 Ed.
441 2452 479 2475 22.
501 2452 693 2481 dissipationum

86 2502 127 2530 13)
145 2500 196 2531 Est]
219 2502 254 2526 sic
272 2507 362 2526 omnes
382 2502 453 2527 Editt.
473 2505 576 2533 praeter
594 2503 634 2528 Ed.
655 2504 705 2533 25„
725 2509 789 2534 quae
808 2505 900 2530 habet:
920 2507 969 2530 Etsi

78 2537 126 2581 14)
145 2552 184 2577 nis
203 2552 282 2577 abest
299 2553 334 2578 ab
353 2553 424 2577 Editt.
446 2554 535 2576 1-1-1.

1094 115 1253 148 TERTIA
1275 116 1431 147 EORUM
1454 116 1610 148 AETAS.
2017 115 2081 147 606

1098 211 1277 241 rationibus
1313 210 1461 240 doctrina
1498 209 1582 251 legis
1618 216 1647 240 et
1682 210 1859 250 promissio
1894 209 2078 251 Evangelii.

1095 251 1224 282 Deinde
1252 251 1405 292 Apostoli
1439 258 1543 283 testes
1576 258 1652 283 sunt
1687 253 1728 283 de
1758 251 1891 283 Christo
1922 252 2079 290 exhibito,

1095 301 1190 331 nato,
1220 295 1393 332 crucifixo,
1425 295 1632 325 resuscitato.
1680 294 1770 325 Haec
1799 301 1875 325 sunt
1907 294 2078 326 historica.

1094 336 1136 366 Et
1167 338 1198 367 in
1223 337 1437 368 concionibus
1461 336 1582 367 Christi
1607 339 1816 367 continentur
1840 336 1968 368 articuli
1991 337 2079 375 fidei,

1097 378 1274 419 explicatio
1304 379 1403 420 Legis
1432 385 1462 409 et
1492 378 1674 419 Evangelii.
1721 379 1896 410 Accedunt
1926 387 1957 410 et
1987 379 2078 411 Pauli

1096 422 1353 461 disputationes,
1383 423 1437 462 qui
1469 428 1500 451 ut
1525 421 1641 452 artifex
1667 423 1801 452 instituit
1826 423 2077 463 disputationem

1074 465 1127 511 ¹'in
1161 463 1310 503 Epistola
1344 465 1386 494 ad
1418 463 1586 494 Romanos
1622 465 1662 494 de
1691 465 1880 496 discrimine
1911 464 2011 507 Legis
2047 473 2077 496 et

1097 504 1283 547 Evangelii,
1308 507 1349 536 de
1380 506 1542 543 Peccato,
1577 507 1618 536 de
1647 506 1761 537 Gratia
1792 518 1852 537 seu
1874 507 2078 539 Reconcilia-

1097 549 1198 584 tione,
1222 558 1286 588 qua
1309 549 1508 579 restituimur
1531 549 1573 578 ad
1596 549 1694 578 vitam
1718 555 1896 580 aeternam.

1182 590 1252 620 Etsi
1284 597 1393 621 autem
1423 591 1510 621 hunc
1541 591 1687 621 ordinem
1722 592 1991 623 animadvertenti
2013 602 2079 623 non

1097 631 1232 662 multum
1263 643 1347 672 opus
1377 640 1425 663 est
1455 634 1697 663 commentariis
1721 640 1776 663 aut
1802 636 1923 665 nostris
1956 634 2078 665 libellis

1098 680 1152 705 aut
1186 673 1362 712 similibus,
1397 681 1505 705 tamen
1535 677 1610 716 quia
1640 675 1709 706 vult
1737 675 1830 707 Deus
1866 678 1896 707 in
1926 676 2079 708 Ecclesia

1098 726 1214 747 vocem
1243 717 1430 747 docentium
1461 727 1597 755 sonare,
1634 723 1667 748 ut
1692 719 1810 748 dicitur
1834 720 1874 749 de
1898 720 2078 750 ministerio

1097 758 1270 800 Evangelii
1304 759 1426 799 EpheS.
1461 761 1503 798 4.,
1549 770 1615 790 non
1656 759 1777 791 frustra
1812 760 1907 792 labor
1941 763 2079 793 docendi

1099 803 1288 842 suscipitur.
1334 802 1408 832 Non
1437 803 1600 844 gignimus
1624 813 1729 834 novas
1754 813 1808 834 res
1832 815 1891 835 seu
1915 806 2080 843 materiaS,

1101 851 1132 875 ut
1157 844 1322 875 Hesiodus
1351 843 1439 875 aliud
1469 846 1620 882 tradidit,
1651 856 1746 886 quam
1770 853 1883 887 patres
1907 847 2002 885 Scin,
2033 847 2080 878 la-

1100 887 1192 926 phet;
1234 894 1264 917 et
1289 886 1451 918 Haeretici
1483 898 1536 918 res
1566 898 1671 918 novas
1701 890 1990 921 comminiscuntur
2013 901 2080 921 non

1100 930 1236 960 traditas
1252 931 1293 960 ab
1307 928 1492 970 Apostolis,
1515 931 1574 960 sed
1598 931 1641 971 pii
1664 932 1858 972 interpretes
1881 939 2038 974 acceptas
2061 943 2080 963 a

1100 971 1174 1002 Deo
1203 974 1382 1002 sententias
1411 974 1442 1002 in
1467 972 1664 1013 prophetica
1695 980 1724 1003 et
1750 974 1944 1015 Apostolica
1968 986 2080 1006 narra-

1101 1015 1188 1044 tione
1213 1016 1298 1045 bona
1323 1015 1387 1044 fide
1409 1015 1556 1045 recitant.
1597 1016 1634 1046 Et
1659 1017 1734 1056 quia
1759 1018 1857 1048 rudes
1876 1029 1941 1048 non
1958 1019 2080 1060 ubique

1102 1066 1206 1097 genus
1230 1058 1392 1087 sermonis
1416 1056 1615 1099 intelligunt,
1639 1069 1703 1088 non
1727 1061 1836 1090 statim
1861 1061 1968 1091 vident
1995 1062 2080 1091 ordi-

1102 1110 1174 1129 nem
1196 1110 1315 1136 reruni,
1336 1100 1648 1131 commonefaciendi
1667 1108 1742 1131 sunt
1764 1112 1846 1132 voce
1864 1104 2080 1143 interpretum

1102 1142 1142 1171 de
1165 1152 1286 1182 genere
1309 1143 1471 1172 sermonis
1502 1150 1531 1172 et
1559 1144 1599 1173 de
1629 1154 1735 1173 rerum
1766 1146 1889 1175 ordine.
1935 1145 1975 1176 Et
2006 1148 2079 1187 quia

1102 1183 1222 1214 multae
1245 1183 1452 1224 corruptelae
1475 1186 1614 1215 subinde
1637 1187 1845 1227 excogitatae
1873 1194 1948 1218 sunt
1973 1194 2002 1219 et
2027 1200 2080 1219 ex-

1103 1228 1346 1267 cogitabuntur,
1364 1228 1405 1266 pii
1424 1226 1582 1257 Pastor-es
1599 1235 1628 1258 et
1641 1228 1807 1259 Doctores
1822 1236 1897 1261 sunt
1911 1236 2013 1261 testes
2027 1241 2082 1262 ve-

1103 1279 1159 1299 rae
1173 1269 1354 1299 sententiae
1367 1276 1459 1300 certa
1471 1271 1646 1301 autoritate
1664 1279 1820 1312 acceptae
1835 1280 1865 1303 et
1882 1272 2081 1305 refutatores

1103 1310 1261 1342 falsarum
1274 1313 1589 1352 intei-pretationum.
1604 1313 1744 1354 Propter
1761 1314 1822 1345 has
1836 1326 1975 1347 caussas
1988 1316 2081 1348 Deus

1103 1355 1315 1385 ministerium
1344 1354 1516 1397 Evangelii
1547 1362 1577 1386 et
1613 1357 1719 1387 studia
1755 1358 1786 1387 in
1820 1357 1949 1399 templis
1985 1367 2016 1390 et
2051 1361 2082 1391 in

1102 1396 1227 1428 scholis
1254 1408 1315 1427 sua
1334 1408 1397 1438 ope
1415 1403 1525 1428 servat
1545 1405 1577 1428 et
1594 1400 1733 1430 subinde
1753 1401 1903 1431 restituit.
1929 1409 1960 1432 ut
1981 1403 2082 1433 simus

1103 1441 1260 1471 custodes
1283 1438 1441 1470 librorum
1460 1440 1732 1482 propheticorum
1757 1450 1787 1473 et
1812 1443 2081 1484 Apostolicorum

1103 1488 1134 1513 et
1158 1489 1262 1513 testes
1290 1492 1387 1513 verae
1409 1484 1698 1524 interpretationis,
1722 1491 1752 1516 et
1769 1485 1948 1517 refutemus
1968 1498 2080 1519 omnes

1103 1526 1275 1565 opiniones
1300 1532 1485 1566 pugnantes
1510 1536 1582 1557 cum
1607 1528 1758 1558 doctrina
1782 1530 1900 1560 tradita
1924 1541 1984 1571 per
2002 1531 2081 1561 Pro-

1103 1568 1230 1608 phetas,
1254 1567 1421 1598 Chiistum
1447 1575 1477 1599 et
1493 1569 1686 1609 Apostolos,
1710 1581 1770 1601 net-
1796 1573 2007 1614 extinguatur
2024 1573 2082 1605 lux

1103 1609 1285 1652 Evangelii,
1309 1621 1349 1641 ac
1372 1617 1406 1641 ut
1431 1610 1512 1652 Eph.
1529 1613 1559 1642 4.
1585 1614 1646 1650 [vs.
1663 1613 1725 1652 14.]
1750 1614 1876 1653 dicitur,
1900 1626 1942 1646 ne
1964 1616 2082 1647 Eccle-

1104 1655 1173 1684 siae
1196 1661 1349 1694 tanquam
1375 1655 1479 1684 ventis
1503 1657 1644 1696 agitatae
1667 1663 1699 1686 et
1734 1657 1926 1697 dissipatae,
1961 1660 2083 1690 amissa

1104 1697 1251 1727 veritate.
1276 1695 1482 1736 implicentur
1504 1698 1605 1728 variis
1628 1700 1807 1735 erroribus.
1822 1707 1855 1731 ut
1877 1712 1978 1741 saepe
1997 1704 2083 1733 acci-

1081 1748 1083 1770 ]
1105 1740 1160 1769 dit.
1196 1739 1336 1776 Ethnici,
1359 1740 1479 1770 amissa
1503 1738 1577 1771 luce
1595 1742 1765 1772 dot-trinae
1782 1750 1922 1783 patrina,
1945 1744 2082 1775 horren-

1105 1783 1154 1812 dis
1184 1788 1214 1811 et
1242 1783 1341 1812 variis
1365 1781 1530 1813 furoribus
1555 1784 1667 1824 agitati
1693 1791 1786 1823 sunt,
1817 1794 1999 1817 mactarunt
2023 1787 2081 1818 hu-

1106 1835 1217 1855 manas
1258 1824 1404 1862 hostias,
1444 1824 1615 1856 coluerunt
1654 1828 1804 1868 priapos,
1846 1831 2079 1869 prostituerunt

1105 1868 1265 1908 coniuges
1300 1873 1330 1897 et
1362 1868 1521 1909 virgines,
1556 1874 1589 1899 ut
1620 1869 1709 1899 idola
1739 1870 1920 1911 placarent.
1967 1872 2022 1903 Sic
2041 1875 2080 1906 ¹⁵)

1106 1920 1201 1951 quam
1226 1912 1314 1940 xaria
1340 1920 1460 1951 genera
1485 1909 1631 1941 furorum
1654 1911 1783 1943 fuerunt
1802 1914 1834 1944 in
1847 1913 2026 1945 Marcionis
2050 1923 2080 1945 et

1107 1952 1289 1983 Manichaei
1303 1959 1407 1990 secta,
1428 1960 1583 1994 quantum
1599 1953 1885 1995 blasphemiamm,
1899 1957 2081 1996 libidinum,

1106 1996 1314 2026 seditionum!
1361 1996 1467 2030 Quam
1497 1998 1576 2026 varii
1608 1996 1738 2028 furores
1769 2010 1855 2030 nunc
1886 2006 1961 2031 sunt
1994 2001 2080 2031 Ana-

1106 2039 1331 2077 baptistarum,
1356 2039 1409 2079 qui
1427 2037 1561 2069 multum
1579 2039 1697 2070 hahent
1713 2043 1857 2083 contagii
1871 2043 2080 2074 Manichaeo-

1107 2081 1191 2111 rum!
1217 2081 1268 2111 Ab
1294 2081 1375 2111 Ario
1398 2080 1529 2111 furores
1554 2081 1762 2114 Mahomctici
1787 2086 1847 2115 orti
1872 2092 1959 2115 sunt.
1995 2086 2081 2121 Qua-

1106 2123 1153 2153 les
1178 2122 1308 2153 surores
1333 2131 1408 2153 sunt
1428 2125 1458 2153 in
1478 2125 1526 2153 ini
1536 2126 1688 2156 ocatione
1707 2135 1906 2158 mortuorum
1928 2136 1957 2159 et
1991 2128 2081 2159 cultu

1104 2172 1299 2203 statuamm,
1334 2166 1366 2196 in
1396 2167 1582 2197 venditione
1606 2167 1797 2206 Missurum,
1828 2171 1859 2200 in
1889 2170 2081 2201 defensione

1103 2208 1187 2249 legis
1219 2210 1259 2238 de
1290 2208 1455 2239 coelibatu
1479 2215 1509 2239 et
1534 2209 1644 2240 multis
1669 2210 1760 2248 aliis,
1791 2223 1876 2253 quae
1900 2213 2079 2245 defendunt

1102 2251 1234 2288 Eccius‚
1258 2251 1383 2293 Pygius
1408 2258 1439 2281 et
1461 2251 1583 2282 similes
1606 2254 1739 2293 parasiti
1763 2254 1972 2287 Pontificum!

1189 2294 1278 2325 Haec
1303 2293 1452 2334 exempla
1474 2293 1620 2325 furorum
1645 2297 1786 2327 oninium
1809 2306 1951 2330 aetatum
1971 2301 2080 2330 consi—

1103 2338 1217 2367 derent
1258 2338 1318 2377 pii.
1361 2342 1393 2367 et
1427 2336 1676 2368 ctnnmonefacti
1719 2350 1801 2370 voce
1835 2348 1924 2372 rerte
1960 2343 2080 2373 docen-

1103 2381 1180 2410 tium
1210 2378 1449 2419 amplectantur
1477 2386 1616 2421 utraque
1650 2392 1746 2412 manu
1781 2390 1811 2413 et
1842 2390 1910 2414 toto
1944 2393 2080 2425 pectore

1102 2421 1205 2453 libros
1235 2422 1452 2463 propheticos
1482 2429 1513 2451 et
1537 2422 1751 2462 Apostolicos
1782 2438 1798 2454 a
1824 2425 1897 2456 Deo
1929 2429 2079 2464 traditos,

1104 2559 1147 2587 15)
1168 2558 1218 2590 Sic}
1238 2559 1309 2584 Editt.
1329 2560 1369 2582 2‘2.
1391 2560 1430 2582 24.
1452 2560 1491 2582 28.
1512 2560 1552 2583 29.
1573 2560 1623 2586 31..
1643 2562 1703 2591 npp.
1727 2564 1748 2584 1.
1768 2564 1855 2587 est-11
