2358 2933
220 109 282 140 739

220 203 406 232 missionem
433 202 495 231 tide
518 201 639 239 accipi:
664 199 714 229 Ac
734 198 894 239 particula
915 199 1026 229 Gratis
1050 208 1116 229 non
1140 209 1194 229 ex-

221 244 318 275 cludit
355 243 466 279 iidem,
501 244 559 273 sed
585 240 725 271 excludit
751 241 971 271 conditionem
993 247 1127 271 nostrae
1150 241 1194 270 di-

220 287 364 327 gnitatis.
389 293 420 315 ut
443 295 544 324 supra
568 285 688 313 dictum
719 290 786 320 est,
822 289 851 313 et
876 282 1032 323 postulat,
1067 290 1099 313 ut
1120 293 1194 322 pro-

221 330 408 359 missionem
430 327 642 366 accipiamus.
667 326 698 355 id
723 336 788 355 non
811 331 920 365 potest
943 325 1011 355 fieri
1031 323 1125 355 aliter
1148 326 1194 355 ni-

219 373 246 400 si
271 370 344 400 tide.

647 451 761 489 [Vllljl

309 536 368 568 DE
394 536 560 567 GRATIA
579 535 633 566 ET
657 535 715 566 DE
742 534 1100 566 lUSTIFlCATlONE.

306 622 364 652 Hic
401 620 495 651 locus
529 621 669 651 continet
695 631 854 651 summam
875 619 1057 662 Evangelii.
1102 620 1195 651 Mon-

220 671 300 694 strat
337 664 421 694 enim
452 664 617 703 proprium
641 662 763 692 flu-isti
798 662 1007 699 beneficium,
1042 665 1194 703 proponit

220 707 344 737 firmam
369 704 629 736 consolationem
653 706 715 745 piis
734 706 908 742 mentibuS,
928 705 1037 742 docet,
1057 705 1111 745 qui
1129 706 1193 735 sint

220 750 288 780 veri
312 747 419 779 cultus
444 748 519 785 Dei,
543 758 627 788 quae
651 748 693 777 sit
719 758 795 777 vera
820 748 994 784 invocatio,
1018 748 1195 788 praecipue

221 792 375 822 discernit
412 790 597 820 Ecclesiam
630 789 692 820 Dei
727 800 745 819 a
781 791 899 819 ceteris
934 789 1112 826 Gentibus,
1147 789 1195 820 lu-

220 835 322 870 daeis,
336 832 574 863 Mahometistis
600 840 628 862 ct
643 831 841 872 Pelagianis,
864 831 929 861 hoc
947 838 1013 868 est,
1033 833 1196 869 omnibus,

220 877 272 917 qui
292 876 509 916 imaginantur
532 875 694 904 hominem
722 875 842 904 iustum
872 884 948 904 esse
971 873 1045 914 lege
1069 884 1128 904 seu
1151 875 1196 904 di-

221 917 370 958 sciplina,
405 925 433 947 et
459 918 569 947 iubent
592 917 740 947 dubitare
765 917 804 946 de
827 917 1022 946 remissione
1045 923 1196 957 peccato-

221 968 338 991 torum.
383 960 460 990 ldeo
494 965 603 990 autem
636 969 755 999 magna
785 965 835 989 est
859 959 1047 998 opinionum
1078 960 1109 989 in
1132 958 1196 989 hoc

219 1002 293 1033 loco
317 1002 491 1039 dissensio,
511 1002 585 1042 quia
619 1000 766 1042 plerique
789 1007 970 1041 sequuntur
987 1000 1129 1031 humana
1150 1002 1196 1031 iu-

221 1046 316 1082 dicia,
340 1044 493 1085 neglecta
517 1043 656 1083 simplici
671 1044 819 1074 doctrina
836 1043 1089 1083 Prophetarum,
1102 1043 1195 1074 Chri-

220 1088 262 1117 sti
285 1093 316 1117 et
340 1085 594 1127 Apostolor1uu3
618 1086 684 1116 lmo
708 1085 793 1117 hanc
817 1086 1054 1116 transformant
1077 1087 1109 1116 10
1122 1085 1196 1115 Ρ111-

219 1128 415 1169 losopliiam,
439 1134 614 1159 extenuant
638 1135 807 1168 peccatum
833 1129 863 1158 in
883 1135 1016 1165 natura,
1051 1129 1195 1169 cogitant

219 1170 292 1213 lege
312 1171 374 1202 Dei
398 1177 521 1202 tantum
544 1172 664 1211 requiri
688 1170 911 1210 disciplinau13
935 1170 1062 1201 Deinde
1085 1171 1196 1211 imagi-

220 1220 347 1250 nantur,
371 1212 449 1246 nihil
473 1214 632 1244 interesse
656 1215 739 1243 inter
762 1213 1028 1254 Philosophicam
1054 1219 1085 1243 et
1104 1213 1196 1244 Chri-

219 1257 355 1287 stianam
386 1257 550 1287 iustitiam.

305 1300 463 1329 Omnibus
495 1299 654 1329 aetatibus
679 1297 742 1328 hae
776 1296 936 1338 profanae
970 1304 1000 1328 et
1034 1297 1196 1328 humanae

219 1343 467 1383 imaginationes
508 1342 771 1371 obscuraverunt
786 1342 831 1374 45)
873 1350 983 1370 veram
1023 1339 1196 1370 Ecclesiae

220 1386 411 1417 doctrinam.
457 1384 512 1414 Sic
526 1383 694 1414 Pharisaei
717 1383 903 1413 sentiebant
927 1392 964 1412 se
976 1382 1068 1423 Lege
1090 1384 1196 1412 iustos

220 1439 311 1459 esse:
356 1427 484 1457 Deinde
508 1427 581 1466 quia
606 1434 745 1455 necesse
769 1430 838 1455 erat
861 1435 1021 1465 quaerere
1045 1425 1085 1455 de
1108 1424 1196 1454 Mes-

221 1472 281 1508 sia,
306 1481 364 1501 cur
387 1471 413 1500 is
434 1475 590 1499 venturus
615 1473 714 1504 esset,
738 1467 905 1508 fingebant
930 1467 1002 1497 ideo
1023 1473 1195 1497 venturum

222 1524 312 1550 esse,
345 1519 379 1543 ut
412 1512 521 1542 mundi
544 1511 713 1550 imperium
737 1510 971 1546 constitueret,
991 1519 1056 1539 non
1079 1507 1196 1539 intelli-

223 1557 343 1598 gebant
371 1561 523 1595 oportere
548 1553 712 1583 victimam
736 1552 805 1582 fieri
829 1562 888 1592 pro
913 1562 1035 1593 genere
1054 1551 1195 1582 humano

222 1600 263 1629 ad
303 1597 498 1638 placandam
534 1597 614 1626 iram
654 1594 717 1626 Dei
751 1595 913 1625 adversus
946 1600 1129 1634 peccatum,
1165 1599 1195 1624 et

222 1641 318 1672 aliam
351 1640 503 1670 iustitiam
531 1639 724 1668 donaturum
749 1646 834 1667 esse.
882 1636 938 1667 Sic
961 1642 992 1667 et
1014 1643 1089 1667 ante
1112 1636 1195 1666 Pha-

223 1685 348 1714 risaeos
382 1686 555 1712 senserunt
590 1680 782 1721 hypocritae
815 1680 1021 1719 superiorum
1055 1685 1196 1709 aetatum

223 1728 253 1756 in
276 1724 425 1755 Ecclesia
443 1729 580 1764 patrum.

309 1768 375 1798 Sed
398 1765 581 1806 Prophetae
614 1764 677 1795 hos
713 1775 843 1795 errores
879 1765 1054 1800 taxabant,
1088 1762 1196 1793 clami-

222 1811 351 1846 tabant,
386 1820 450 1840 non
484 1807 552 1838 tolli
576 1813 746 1848 peccatum
769 1807 888 1837 iustitia
911 1806 1029 1847 Legis,
1064 1816 1196 1836 manere

223 1860 391 1893 peccatiun
426 1852 458 1881 in
491 1850 553 1880 hac
589 1848 715 1880 mortali
739 1855 873 1886 natura,
907 1849 967 1879 sed
990 1850 1096 1879 iustos
1121 1858 1195 1878 esse

225 1896 409 1931 credentes,
433 1900 462 1924 et
487 1893 631 1924 exaudiri
656 1898 686 1922 et
711 1892 825 1922 donari
850 1892 915 1921 vita
938 1897 1071 1921 aeterna
1091 1891 1195 1921 aDeo

223 1944 356 1978 propter
373 1937 570 1977 promissum
590 1934 808 1965 Salvatorem.
855 1933 946 1964 Sicut
963 1933 1072 1964 David
1096 1932 1196 1963 claris

225 1981 332 2010 verbis
356 1980 458 2019 inquit
479 1977 613 2015 {Psalm-
636 1977 708 2014 14⁶2,
727 1976 786 2014 2.]:
824 1976 898 2006 Non
918 1976 1147 2006 iustificabitur
1165 1976 1197 2006 in

225 2028 405 2062 conspectu
437 2027 492 2051 tuo
523 2021 628 2050 omnis
648 2020 772 2050 vivens.
819 2019 859 2049 Et
879 2018 943 2049 alio
963 2017 1038 2049 loco
1060 2017 1196 2056 [Psalm.

225 2066 255 2101 ⁴2,
277 2064 338 2101 134
359 2065 398 2094 de
418 2062 512 2094 Filio:
548 2062 642 2092 Beati
662 2071 792 2098 omnes,
823 2062 877 2101 qui
908 2061 1075 2091 confidunt
1094 2062 1124 2091 in
1145 2071 1196 2091 eo.

228 2107 305 2137 ltem
324 2106 445 2136 lesaias
479 2105 543 2142 153,
565 2105 644 2141 111:
680 2103 799 2134 Notitia
819 2105 889 2134 eius
915 2103 1100 2134 iustificabit
1118 2102 1197 2133 mul-

227 2156 287 2179 tos.
355 2148 401 2178 lta
442 2159 514 2177 cum
545 2146 694 2178 Christus
725 2153 755 2176 et
784 2145 938 2186 Apostoli
979 2151 1198 2176 renovassent

227 2191 418 2221 docuinam.
439 2190 548 2220 statim
566 2195 681 2229 postea
701 2198 837 2229 sparsae
856 2195 932 2219 sunt
952 2189 1122 2229 opiniones
1140 2187 1197 2218 hu-

227 2243 341 2263 manae
360 2233 399 2263 de
419 2231 605 2272 discipliua;
636 2233 711 2272 quia
730 2241 882 2272 magnum
902 2232 1054 2272 quiddam
1067 2237 1129 2267 est,
1148 2240 1198 2260 re-

228 2285 306 2316 gere
336 2282 489 2305 externos
518 2285 637 2305 mores.
682 2274 810 2304 Deinde
840 2275 946 2304 exorti
965 2280 1040 2304 sunt
1060 2279 1091 2303 et
1109 2272 1198 2303 fana-

229 2318 282 2348 tici
301 2318 446 2357 spiritus,
466 2317 518 2357 qui
537 2327 675 2357 prorsus
693 2315 965 2347 transformarunt
983 2314 1197 2356 Evangelium

229 2361 259 2390 in
290 2359 397 2400 legem
428 2369 486 2388 seu
505 2359 776 2396 Pharisaisnmm,
806 2358 967 2389 finxerunt
986 2358 1134 2389 homines
1152 2358 1198 2388 iu-

229 2409 300 2432 stos
320 2411 395 2431 esse
414 2401 521 2442 Lege,
551 2408 581 2431 et
606 2412 645 2432 ne
665 2401 816 2432 Christus
835 2400 914 2431 nihil
937 2402 1102 2431 videretur
1121 2400 1197 2431 novi

229 2538 275 2566 48)
293 2536 501 2566 obscuraverunt]
525 2538 595 2567 corp.
616 2537 689 2561 ἓᾷθ.
708 2537 874 2561 obscurarunt

846 107 955 138 Pau..
978 106 1080 137 MEL.
1104 106 1289 138 SCRIPTA
1312 106 1586 138 DOGMATICA.

2153 112 2216 144 740

1238 198 1397 232 attulisse.
1429 200 1580 230 dixerunt
1609 209 1680 229 eum
1712 199 1839 240 aliquas
1864 212 1969 233 novas
1989 202 2097 243 Leges
2116 206 2212 235 tradi-

1239 242 1339 274 disse.
1360 242 1400 271 (le
1420 241 1601 278 coelibatu,
1629 241 1668 271 de
1687 251 1751 272 non
1772 243 1976 275 vindicando.
2023 244 2113 275 Haec
2133 245 2210 277 deli—

1238 284 1286 314 ria
1314 284 1421 314 statim
1452 289 1527 324 post
1547 283 1730 323 Apostolos
1755 291 1830 315 nata
1849 292 1935 317 sunt.
1981 286 2056 317 ldeo
2076 297 2142 318 non
2161 295 2211 319 est

1239 326 1365 362 mirum,
1386 332 1499 364 postea
1520 336 1650 365 quoque
1670 325 1843 367 caliginem
1863 334 2010 359 secutam
2029 338 2115 360 esse.
2140 329 2211 360 Etsi

1237 373 1345 398 autem
1363 366 1462 408 aliqui
1482 369 1522 408 pii
1544 368 1741 398 retinuerunt
1755 378 1863 399 veram
1881 372 2084 408 sententiam,
2104 378 2211 402 tamen

1239 410 1436 448 scriptorum
1453 420 1570 451 magna
1591 409 1821 441 dissimilitudo
1842 418 1908 449 est,
1937 411 2020 443 alius
2040 413 2105 444 alio
2125 424 2211 444 com-

1237 452 1364 482 modius
1388 451 1542 492 loquitur,
1573 453 1631 482 sed
1651 453 1690 482 de
1709 453 1928 493 scriptoribus
1946 453 2022 485 alibi
2041 456 2211 486 dicendum

1239 495 1308 524 erit.
1354 494 1448 525 Nunc
1478 494 1560 525 haec
1589 500 1712 525 tantum
1742 494 1883 535 praefari
1902 495 2008 534 volui,
2039 503 2072 528 ut
2092 498 2212 538 cogitet

1238 537 1310 576 pius
1337 535 1453 574 lector,
1488 537 1710 567 necessariam
1741 547 1817 568 esse
1847 537 2098 578 explicationem
2115 539 2211 570 huius

1238 578 1301 609 loci
1321 579 1361 609 de
1382 579 1628 616 iustificatione,
1658 585 1689 609 et
1708 586 1803 620 grata
1821 586 1929 611 mente
1953 580 2213 621 amplectendum

1239 631 1314 651 esse
1334 622 1527 652 beneficium
1546 621 1620 659 Dei,
1640 622 1694 662 qui
1707 621 1877 663 Evangelii
1898 621 2007 654 lucem
2025 633 2141 654 rursus
2160 633 2213 654 ac-

1239 664 1356 695 cendit.
1402 664 1516 705 Neque
1546 664 1630 694 enim
1660 665 1773 705 negari
1797 671 1905 705 potest
1924 666 1956 695 in
1976 665 2125 696 doctrina
2143 664 2213 696 Μο-

1239 705 1418 737 nachorum
1438 716 1513 736 esse
1532 716 1675 743 errores,
1696 717 1780 748 quos
1799 709 1861 738 etsi
1880 718 1966 738 nunc
1978 707 2214 749 aliquantulum

1239 749 1420 788 corrigunt,
1451 754 1559 778 tamen
1589 748 1696 780 adhuc
1715 759 1836 780 nervos
1856 751 1948 790 ipsos
1968 752 2117 781 retinent.
2162 750 2215 781 De

1239 791 1433 821 remissione
1463 796 1674 830 peccatorum
1704 791 1926 822 vociferantur
1957 803 2021 823 non
2048 799 2139 824 recte
2157 793 2213 824 do-

1240 833 1317 869 ceri,
1348 833 1436 872 quod
1466 832 1528 862 fide
1554 833 1656 873 gratis
1687 840 1821 873 propter
1840 833 2005 865 Christum
2035 837 2215 876 accipiatur

1240 875 1389 905 remissio
1409 880 1632 915 peccatorum,
1652 885 1713 905 nec
1732 876 1914 914 admittunt,
1944 877 2008 907 tide
2037 877 2213 918 significari

1240 917 1390 947 fiduciam
1410 917 1653 947 misericordiae
1672 917 1753 953 Dei3
1789 918 1856 948 Imo
1881 919 1992 949 iubent.
2010 929 2140 960 semper
2158 920 2214 951 du-

1241 960 1353 997 bitare,
1373 970 1414 990 an
1433 960 1534 990 simus
1555 960 1585 989 in
1606 960 1720 1000 gratia.
1758 960 1885 991 Deinde
1903 961 2036 999 addunt,
2051 962 2139 1002 quod
2150 971 2215 992 me-

1240 1012 1370 1032 reamur
1390 1003 1615 1032 remissionem
1633 1008 1769 1042 propter
1788 1004 2014 1034 contritionem
2028 1002 2215 1035 81111180ῑὶ0-

1239 1054 1322 1075 nem⁴
1369 1044 1469 1085 Atqui
1488 1045 1638 1074 contritio
1660 1054 1720 1075 seu
1739 1044 1834 1075 dolor
1852 1056 1912 1076 seu
1929 1056 2034 1086 pavor
2052 1046 2122 1077 sine
2134 1046 2214 1076 fidu-

1241 1088 1291 1117 cia
1320 1087 1581 1124 misericordiae,
1610 1097 1674 1127 quo
1700 1086 1923 1118 vehementior
1941 1095 2010 1126 est,
2041 1098 2079 1119 eo
2108 1089 2214 1130 magis

1239 1128 1373 1169 impellit
1403 1130 1444 1159 ad
1476 1130 1752 1168 desperationem.
1783 1137 1816 1161 ut
1839 1129 1959 1161 Paulus
1983 1131 2086 1172 inquit
2107 1130 2213 1168 [Rom.

1240 1172 1271 1208 4,
1294 1171 1375 1210 15.]:
1412 1172 1481 1202 Lex
1507 1173 1588 1202 iram
1615 1170 1726 1202 efficit.
1772 1172 1901 1203 Deinde
1928 1174 2038 1204 dicunt
2062 1172 2214 1213 amplius,

1240 1219 1374 1244 renatos
1405 1213 1487 1254 Legi
1506 1213 1569 1244 Dei
1599 1213 1811 1252 satisfacere,
1842 1216 1946 1245 iustos
1976 1225 2051 1246 esse
2078 1220 2214 1255 propter

1240 1255 1459 1295 impletionem
1491 1255 1602 1296 Legis,
1647 1262 1678 1285 et
1707 1255 1792 1287 hanc
1823 1257 1926 1297 ipsam
1968 1267 2043 1288 esse
2067 1258 2214 1288 meritum

1241 1304 1271 1328 et
1300 1299 1438 1338 pretium
1468 1299 1554 1329 vitae
1583 1304 1755 1336 aeternae,
1785 1309 1846 1329 nec
1864 1298 2023 1340 reliquam
2041 1301 2073 1330 in
2091 1299 2214 1330 renatis

1240 1341 1492 1370 inobedientiam
1511 1351 1587 1371 esse
1607 1341 1759 1380 quiddam
1778 1351 1929 1382 pugnans
1952 1352 2025 1372 cum
2037 1342 2128 1382 Lege
2139 1341 2213 1373 Dei.

1240 1383 1372 1413 Addunt
1391 1383 1478 1419 item.
1498 1388 1631 1412 renatos
1651 1388 1757 1412 tamen
1777 1383 1898 1413 debere
1916 1384 2075 1421 dubitare,
2094 1393 2137 1414 an
2150 1385 2214 1415 sint

1241 1426 1272 1455 111
1303 1426 1423 1465 gratia,
1462 1431 1493 1454 et
1523 1426 1555 1454 iu
1584 1424 1646 1455 hac
1677 1425 1879 1455 dubitatione
1910 1426 2102 1456 manendum
2127 1436 2212 1457 esse.

1242 1467 1332 1497 Haec
1363 1468 1519 1497 dubitatio
1550 1465 1657 1507 palam
1678 1472 1726 1497 est
1746 1466 1892 1498 Ethnica.
1939 1467 2009 1498 Nec
2028 1467 2119 1499 leves
2138 1475 2213 1499 sunt

1242 1509 1273 1539 hi
1293 1519 1435 1546 errores,
1455 1510 1514 1540 sed
1532 1509 1713 1549 Evangelio
1733 1511 1887 1540 tenebras
1906 1510 2077 1547 inducunt,
2097 1511 2214 1541 obseu-

1241 1558 1312 1582 rant
1335 1551 1528 1582 beneficium
1541 1551 1672 1588 Christi,
1692 1550 1807 1582 tollunt
1828 1562 1940 1582 veram
1953 1551 2213 1583 consolationem

1242 1595 1514 1624 conscientiarum
1544 1600 1575 1624 et
1605 1604 1717 1624 veram
1736 1595 1984 1625 invocationem.
2031 1594 2140 1629 Quare
2158 1604 2214 1625 ne-

1243 1647 1338 1667 cesse
1369 1642 1418 1666 est
1436 1635 1618 1666 Ecclesiam
1649 1637 1688 1667 de
1718 1636 1770 1667 his
1790 1638 1888 1667 tantis
1909 1638 2008 1668 rebus
2027 1637 2213 1668 admonere.

1241 1679 1411 1719 Exponam
1424 1679 1520 1720 igitur
1534 1678 1622 1709 clare
1635 1684 1666 1709 et
1679 1678 1775 1718 plane
1800 1689 1957 1710 summam
1969 1678 2065 1710 huius
2078 1679 2212 1721 negotii.

1328 1721 1468 1751 Primum
1488 1722 1528 1751 de
1547 1720 1717 1761 disciplina
1736 1720 1938 1752 clamitamus
1951 1728 1982 1752 et
1993 1731 2070 1752 nos:
2091 1721 2212 1752 Omnes

1242 1763 1389 1794 homines
1409 1763 1580 1804 disciplina
1600 1764 1804 1794 coercendos
1824 1774 1915 1800 esse,
1944 1765 1975 1794 id
1995 1769 2063 1800 est,
2092 1764 2212 1795 iustitia

1242 1806 1307 1843 illa,
1328 1817 1424 1847 quam
1444 1807 1538 1836 etiam
1559 1816 1623 1835 non
1644 1807 1745 1836 renati
1764 1812 1933 1846 praestare
1953 1807 2071 1836 debent
2089 1810 2119 1836 et
2136 1815 2213 1845 pos-

1241 1856 1327 1880 sunt.
1353 1849 1442 1879 Sicut
1456 1850 1497 1879 ait
1512 1847 1634 1879 Paulus
1656 1849 1697 1886 [l.
1719 1848 1799 1878 Tim.
1822 1849 1850 1885 l,
1869 1847 1933 1886 9.]:
1964 1848 2029 1878 Lex
2042 1853 2090 1877 est
2104 1848 2210 1887 posita

1241 1892 1378 1922 iniustis.
1424 1891 1463 1921 Et
1484 1891 1575 1921 Deus
1605 1892 1834 1930 praesentibus
1865 1897 1896 1921 et
1925 1890 2068 1920 aeternis
2097 1891 2212 1930 poenis

1243 1933 1449 1964 violationem
1469 1932 1660 1974 disciplinae
1679 1933 1779 1973 punit.
1799 1932 1850 1962 Ae
1869 1933 1985 1973 ingens
2003 1933 2213 1972 praeconium

1242 1983 1292 2006 est
1323 1975 1527 2015 disciplinae,
1559 1975 1644 2015 quod
1663 1974 1788 2004 Paulus
1815 1975 1917 2015 inquit
1944 1973 2066 2012 [Galat.
2085 1974 2116 2011 3,
2135 1974 2213 2012 244,

1242 2029 1318 2049 esse
1336 2019 1573 2059 paedagogiani
1593 2018 1622 2047 in
1644 2015 1826 2052 Christum3
1857 2018 1931 2057 quia
1962 2015 2089 2047 scilicet
2107 2016 2214 2047 Evan-

1242 2060 1361 2102 gelium
1381 2071 1445 2091 non
1466 2066 1516 2090 est
1535 2058 1652 2089 efficax
1672 2060 1703 2088 in
1723 2058 1786 2095 his,
1806 2060 1934 2099 quinon
1950 2059 2102 2090 desinunt
2118 2068 2214 2089 ruere

1243 2109 1357 2134 contra
1387 2103 1631 2133 conscientiam.
1677 2101 1871 2141 Quanquam
1905 2107 2013 2132 autem
2035 2099 2126 2132 nulla
2159 2110 2213 2131 res

1242 2145 1381 2175 humana
1406 2143 1572 2184 pulchrior
1595 2149 1659 2178 est.
1691 2154 1786 2184 quam
1811 2143 1999 2184 disciplina,
2029 2144 2113 2174 sicut
2137 2153 2214 2174 vere

1243 2188 1318 2217 dicit
1336 2185 1545 2223 Aristoteles,
1566 2187 1722 2216 Iustitiam
1734 2185 1963 2217 formosiorem
1976 2195 2050 2216 esse
2063 2184 2212 2226 Hespero

1243 2235 1273 2260 et
1281 2229 1434 2260 Lucifero
1445 2240 1453 2263 ς
1466 2229 1588 2259 'l'amen
1606 2239 1670 2258 non
1685 2235 1734 2258 est
1748 2230 1913 2259 assuenda
1928 2228 2046 2268 opini0‚
2066 2229 2154 2268 quod
2172 2229 2213 2259 sit

1242 2271 1386 2312 impletio
1406 2271 1525 2313 Legis.
1552 2272 1639 2312 quod
1665 2278 1828 2301 mereatur
1852 2271 2078 2301 remissionem
2096 2280 2213 2310 pecca-

1242 2320 1358 2352 torum,
1379 2316 1465 2355 quod
1484 2320 1618 2354 propter
1638 2324 1708 2344 eam
1727 2313 1824 2344 homo
1844 2315 1886 2344 sit
1904 2314 2021 2350 iustus,
2039 2313 2071 2343 id
2088 2319 2149 2350 est,
2163 2323 2212 2343 re-

1242 2356 1434 2387 conciliatus
1453 2356 1537 2387 Deo.
1583 2355 1705 2386 Paulus
1732 2356 1833 2396 inquit
1852 2356 1989 2386 ludaeos
2006 2355 2124 2385 intueri
2142 2354 2212 2385 Μο-

1241 2400 1293 2440 ysi
1311 2398 1426 2429 faciem
1446 2398 1602 2435 velatam,
1622 2399 1654 2439 id
1674 2404 1740 2435 est,
1760 2409 1824 2428 non
1844 2404 1933 2428 recte
1952 2396 2133 2438 intelligere
2151 2396 2213 2428 Le-

1243 2452 1315 2483 gem
1336 2442 1408 2477 Dei.
1438 2451 1521 2482 quae
1541 2447 1590 2471 est
1610 2451 1674 2471 vox
1694 2451 1836 2481 arguens
1855 2445 2027 2481 peccatum
2045 2441 2077 2470 in
2096 2446 2209 2470 natura

1242 2485 1382 2515 hominis
1408 2490 1437 2514 et
1465 2484 1643 2514 ostendens
1668 2484 1747 2514 iram
1772 2484 1835 2514 Dei
1861 2483 2023 2513 adversus
2042 2488 2212 2523 peccatum

1244 2534 1275 2558 et
1297 2537 1393 2557 veros
1412 2536 1554 2567 pavores
1574 2527 1744 2556 incutiens.
