2358 2933
106 120 186 152 1001

105 213 200 244 Η300
217 221 423 253 nequaquam
441 210 592 252 prohibet
608 210 822 252 Evangelium
841 219 902 241 seu
919 209 988 240 Lex
1000 208 1074 247 Dei,

105 255 180 292 imo,
202 260 239 285 ut
260 254 359 285 toties
380 254 444 284 iam
468 254 588 285 dictum
610 259 674 291 est,
698 254 852 284 divinitus
874 252 1020 282 instituta
1043 257 1075 282 et

104 297 286 337 approbata
309 301 360 326 est
382 301 414 326 et
437 296 567 327 iuvatur
589 306 611 326 a
630 295 715 326 Deo.
755 295 846 326 Haec
863 294 1006 324 vindicta
1025 299 1075 324 est

103 348 183 379 pars
216 337 338 379 politici
374 338 496 368 ordinis
532 348 592 369 seu
620 337 822 369 functionum
849 335 1074 376 Magistratus,

104 381 190 411 sieut
217 379 340 411 Paulus
369 380 490 411 diserte
518 379 749 421 Magistratum
776 383 875 409 vocat
902 378 1075 415 vindicem,

104 422 150 452 Ut
170 423 269 464 igitur
291 422 521 464 Magistratum
542 422 718 462 approbari
739 421 772 450 in
790 419 973 461 Evangelio
996 418 1075 450 nihil

104 465 237 495 dubium
259 471 323 502 est,
346 466 391 496 ita
408 463 494 496 hanc
511 464 697 500 vindictam,
721 473 819 503 quam
836 468 969 493 exercet
987 463 1075 492 iuxta

104 505 225 547 LegeS,
249 507 426 547 approbari
448 505 657 537 manifestum
678 510 740 535 est.
776 504 867 535 Haec
890 509 1075 545 congruunt

104 558 178 579 cum
200 548 264 579 hoc
287 550 373 580 dicto
398 549 510 586 [Hebr.
537 547 587 585 10,
609 546 692 584 30.]:
726 546 806 577 Mihi
828 547 1020 584 vindictam,
1044 552 1075 576 01

103 600 166 631 ego
189 592 377 621 retribuam.
412 590 505 620 Deus
528 590 632 619 iustus
650 589 747 618 iudex
765 589 918 619 irascitur
936 594 1074 628 peccato

103 634 186 673 0164)
199 638 255 663 aut
267 633 338 664 sine
350 633 491 663 humana
504 641 566 671 ope
578 631 685 671 punit,
696 636 731 661 ut
744 640 817 661 cum
831 630 918 661 delet
931 630 1076 660 Sodoma

103 680 159 704 aut
181 673 366 716 Aegyptios
389 675 421 705 in
444 674 524 704 mari
547 673 667 709 rubro,
694 678 750 703 aut
777 673 820 702 ad
842 670 1003 713 supplicia
1025 682 1076 702 or-

103 716 246 753 dinaria,
280 726 365 757 quae
399 715 638 746 commendavit
665 714 929 755 Magistratibus,
961 720 1076 744 sontes

103 757 258 795 retrahit,
287 764 323 789 ut
354 768 427 789 cum
454 757 602 788 latrones
627 758 803 787 severitate
825 756 1077 798 Magistratuum

105 798 272 837 tolluntur,
292 811 365 831 cum
378 800 486 841 Cyrus
498 800 590 840 punit
602 799 715 830 Ionum
726 798 889 831 libidines,
902 799 1076 840 Augustus

103 842 281 873 Antonium
308 841 467 883 pollutum
489 842 589 873 variis
617 841 804 872 libidinibus
833 847 865 872 et
893 847 1077 872 moventem

105 882 225 915 bellum
248 885 319 915 sine
341 885 428 915 iusta
452 894 581 915 caussa.
621 884 694 915 Hae
717 884 880 914 vindictae
902 889 935 914 et
953 883 1077 914 similes

104 936 182 957 vere
203 927 368 966 pertinent
394 927 436 957 ad
464 926 529 957 1100
559 927 695 957 dictum:
725 925 804 956 Mihi
827 926 1018 963 vindictam,
1046 930 1077 956 et

103 978 167 1010 ego
190 970 375 999 retribuam.
418 969 514 1004 Quod
536 967 633 1000 facilc
652 967 790 1009 intelligi
807 974 918 1008 potest
937 979 956 998 a
975 969 1077 1004 531115,

103 1011 158 1052 qui
184 1016 325 1041 mentem
354 1017 385 1041 01
413 1012 639 1042 dexteritatem
661 1013 693 1041 in
716 1011 888 1042 iudicando
911 1010 1076 1041 adhibent.

189 1051 304 1083 Altera
327 1054 471 1084 vindicta
493 1060 543 1084 est
567 1054 725 1084 aberrans
749 1054 790 1083 ab
814 1053 926 1083 ordine
956 1053 1077 1089 divino,

103 1105 202 1135 quam
224 1095 364 1126 docendi
387 1106 508 1127 caussa
535 1096 694 1136 privatam
717 1105 820 1132 voco,
850 1105 923 1125 cum
951 1094 1079 1125 scilicet

103 1138 230 1168 incensi
247 1138 416 1168 iracundia
435 1144 491 1168 aut
502 1139 589 1175 odio,
608 1143 722 1168 nostro
741 1136 863 1174 surore,
883 1147 948 1168 non
967 1138 1078 1168 iuben-

104 1180 190 1210 tibus
213 1178 358 1220 legibus,
383 1191 473 1211 arma
496 1181 660 1220 capimus,
685 1186 716 1210 et
741 1178 846 1210 dolori
871 1184 986 1209 nostro
1010 1189 1078 1209 501·-

103 1223 222 1259 vimus,
245 1232 310 1252 non
332 1223 525 1253 ordinationi
543 1222 606 1252 Dei
624 1223 656 1252 111
675 1221 747 1252 31115
766 1220 932 1258 tollendis,
957 1227 989 1252 ut
1009 1231 1078 1251 ser-

104 1264 151 1294 vit
171 1273 232 1294 suo
256 1263 361 1294 dolori
385 1264 464 1294 loab
488 1263 686 1294 interficiens
709 1264 834 1294 Abner.

189 1305 260 1335 Etsi
283 1311 391 1336 autem
412 1306 530 1346 ingens
553 1311 605 1335 est
628 1306 812 1336 incendium
836 1305 936 1336 animi
959 1310 991 1335 et
1012 1315 1078 1335 ma-

103 1357 189 1388 gnus
207 1346 300 1378 furor
319 1348 477 1388 cupiditas
497 1347 672 1385 w'ndictae,
698 1353 804 1378 tamen
823 1348 920 1387 pauci
938 1348 982 1377 ita
1003 1353 1079 1378 sunt

103 1390 228 1427 intenti,
250 1395 286 1420 ut
304 1395 490 1430 agnoscant
508 1399 603 1420 suum
621 1389 686 1419 1100
704 1389 836 1426 vulnus,
860 1389 919 1420 sed
938 1388 1079 1430 plerum-

104 1442 169 1471 que
190 1432 320 1472 species
343 1430 453 1472 aliqua
475 1432 554 1462 iuris
577 1432 793 1471 praetexitur,
818 1442 913 1471 quam
937 1431 1078 1471 amplexi

104 1472 253 1504 homines
276 1480 409 1504 movent
427 1474 546 1504 iniusta
564 1478 597 1503 et
614 1474 800 1514 perniciosa
820 1474 996 1505 certamina
1015 1475 1079 1504 sibi

105 1521 137 1546 et
154 1514 379 1555 Reipublicae,
400 1522 436 1547 ut
454 1514 546 1553 Saul,
571 1526 644 1546 00111
662 1521 787 1547 tantum
805 1515 1021 1547 aemulatione
1039 1526 1078 1546 ac

104 1556 209 1588 livore
220 1563 420 1595 moveretur,
439 1558 532 1599 fingit
543 1564 745 1597 praetextus,
760 1559 905 1598 queritur
916 1558 1078 1589 Davidem

104 1609 183 1631 esse
206 1600 408 1637 seditiosum,
432 1606 463 1630 et
485 1598 578 1630 alens
597 1599 684 1631 hunc
706 1599 851 1631 furorem
869 1599 984 1631 tollere
1002 1601 1079 1631 ami-

106 1652 178 1673 cum
201 1643 285 1672 bene
307 1643 457 1672 1110111001
480 1647 628 1673 conatur.
669 1641 717 1673 lta
739 1642 915 1683 Pompeius
938 1641 1079 1673 aemula-

104 1684 192 1714 tione
213 1685 334 1714 ardens
357 1683 468 1714 delere
491 1682 604 1714 lulium
628 1690 778 1715 conatur.

190 1725 348 1767 Vulgaris
371 1732 422 1757 est
444 1727 548 1766 pestis
577 1732 609 1757 et
631 1725 696 1757 late
718 1732 891 1767 grassatur
920 1728 952 1757 in
980 1727 1079 1758 omni-

104 1769 168 1799 bus
191 1767 369 1805 Gentibus,
399 1769 584 1799 civitatibus
608 1775 639 1799 et
661 1767 800 1799 familiis,
845 1769 921 1800 Ideo
947 1769 988 1809 pii
1013 1769 1079 1799 sint

103 1810 229 1848 intenti,
251 1811 393 1847 videant,
412 1821 454 1841 ne
473 1809 662 1851 indulgeant
680 1810 756 1842 huic
774 1809 887 1841 furori.
915 1811 1078 1842 Usitatum

105 1858 137 1882 et
160 1858 272 1883 notum
295 1851 415 1883 malum
439 1858 489 1883 est
511 1863 603 1883 amor
625 1854 785 1884 aberrans
809 1864 827 1883 a
850 1852 924 1894 lege
947 1853 1022 1891 Dei,
1045 1859 1078 1884 et

104 1892 279 1925 multorum
296 1895 475 1934 ingentium
493 1894 653 1925 malorum
673 1905 792 1926 caussa
812 1901 875 1933 est,
892 1901 927 1926 ut
945 1901 1078 1936 propter

103 1945 248 1966 amorem
266 1935 393 1966 Paiidis
417 1946 536 1967 eversa
558 1942 609 1967 est
626 1936 724 1967 Troia
752 1943 783 1968 et
802 1937 922 1968 Graeci
939 1948 1077 1980 magnas

105 1976 218 2008 clades
240 1984 449 2018 acceperunt.
490 1978 535 2009 At
557 1980 726 2010 iracundia
749 1985 780 2009 et
804 1980 966 2011 vindictae
991 1981 1076 2021 cupi-

105 2020 205 2057 ditas,
234 2021 450 2061 undecunque
483 2021 644 2058 0113111111,
679 2020 778 2061 (31135
807 2021 891 2052 0111111
919 2021 973 2053 3111
1000 2029 1077 2053 sunt

103 2060 237 2099 fontes,)
267 2063 401 2102 saepius
425 2063 608 2100 0110113165)
634 2064 778 2104 ingentia
807 2063 893 2095 bella
917 2070 947 2095 et
970 2065 1076 2105 perni-

105 2104 216 2134 ciosos
244 2104 400 2136 tumultus
430 2105 581 2145 privatim
611 2111 644 2135 01
676 2104 823 2146 publice,
856 2112 892 2137 ut
920 2106 1076 2138 historiae

104 2144 204 2183 Cain,
237 2145 335 2184 Saul,
368 2147 530 2188 Pompeii,
564 2147 635 2178 Arii
668 2153 701 2178 et
734 2146 871 2179 aliorum
903 2148 1076 2181 multorum

103 2188 291 2219 ostendunt.

190 2229 407 2263 Considerata
441 2232 540 2274 igitur
577 2233 798 2273 magnitudine
828 2232 923 2264 huius
960 2235 1076 2275 pestis,

103 2271 258 2304 videlicet
280 2274 429 2314 privatae
453 2274 616 2305 vindictae
639 2276 761 2305 ruentis
787 2282 902 2306 0011113
931 2278 1076 2307 ordinem
1098 2281 1100 2288 ⁴

103 2314 260 2353 divinum,
292 2316 469 2356 prudentes
498 2315 699 2357 intelligent,
727 2328 823 2358 quam
852 2319 1076 2350 necessarium

104 2362 136 2387 et
159 2355 302 2388 salutare
320 2364 529 2398 praeceptum
548 2359 589 2389 sit
609 2358 729 2391 Christi
747 2361 844 2392 toties
862 2371 980 2393 severe
1000 2372 1076 2392 con-

102 2483 148 2514 64)
166 2486 192 2510 et
208 2486 342 2512 omittunt
360 2487 430 2518 corp.
450 2489 472 2512 2.
493 2490 515 2512 4,

102 2533 147 2565 65)
167 2536 268 2567 excitat]
290 2537 360 2562 Editt.
382 2539 402 2561 1.
423 2538 446 2562 3.
467 2540 576 2566 excitant

570 118 594 150 l.
624 118 726 150 LOCI
746 116 1022 150 THEOLOGICI:
1050 117 1093 149 D.
1116 116 1274 149 TERTIA
1294 116 1450 148 EORUM
1471 115 1626 147 AETAS.

2011 115 2092 146 1002

1120 210 1280 241 cionantis
1300 210 1340 240 de
1359 207 1545 240 coercendo
1567 208 1632 239 hoc
1653 209 1783 248 impetu.
1818 206 1892 247 lpse
1911 208 1995 238 enim
2014 218 2092 238 vere

1119 251 1322 293 intelligebat
1345 252 1377 282 in
1395 249 1549 282 Ecclesia
1572 256 1604 281 et
1626 251 1658 281 in
1681 250 1838 281 universa
1856 248 2021 280 hominum
2039 260 2092 280 so-

1121 295 1237 325 cietate
1259 293 1443 325 horrendas
1470 293 1702 333 dissipationes
1731 303 1770 323 ex
1798 291 1862 323 1100
1890 290 1981 322 fonte
2005 293 2091 322 oriri.

1119 336 1209 367 Vidit
1230 336 1404 377 Pompeius
1429 345 1581 366 crescere
1605 334 1800 372 Caesarem,
1830 340 1861 364 et
1890 335 1960 365 eius
1988 333 2093 376 gloria

1119 379 1239 416 uritur,
1268 379 1395 419 quaerit
1424 378 1521 419 igitur
1549 378 1744 408 occasiones
1774 383 1806 407 et
1834 382 2024 416 praetextus
2052 377 2093 407 ad

1120 431 1194 451 eum
1216 421 1438 461 premendum.
1472 420 1513 450 Et
1535 420 1713 460 adiungunt
1737 429 1775 449 se
1788 417 1842 449 alii
1861 418 2020 449 similibus
2039 429 2093 449 cu—

1119 463 1310 503 piditatibus
1344 462 1479 493 incensi.
1523 461 1599 492 Vidi
1622 463 1693 501 ipse
1716 460 1836 491 multos
1860 460 1964 491 livore
1987 467 2018 492 et
2040 472 2093 492 ae-

1120 504 1295 535 mulatione
1328 511 1434 535 motos
1470 505 1690 535 conturbasse
1724 513 1819 534 veras
1853 504 2032 534 sententias
2062 505 2092 533 in

1120 547 1271 578 doctrina
1292 546 1539 577 Ecclesiastica.

1205 613 1355 654 Denique
1379 623 1492 644 001005
1515 614 1692 654 prudentes
1715 619 1833 644 norunt
1856 612 2016 644 latissime
2040 624 2094 644 va—

1121 657 1192 697 gari
1226 656 1290 687 hoc
1323 655 1453 686 malum.
1498 655 1574 686 Ideo
1599 656 1685 686 dicta
1715 655 1836 685 Christi
1851 654 1889 686 'et
1916 655 2095 696 Apostolo-

1122 709 1192 729 rum
1226 698 1399 739 infigamus
1434 699 1553 728 intimis
1587 698 1741 728 sensibus
1764 698 1918 737 pectoris,
1948 701 2094 729 010001-

1123 750 1256 771 ceamus
1279 741 1442 771 vindictae
1466 740 1685 780 cupiditatem.
1721 739 1801 770 Cum
1826 740 1924 780 igitur
1943 739 2094 770 Christus

1123 783 1305 813 ordinatam
1328 783 1559 821 vindictamb‘fi)
1583 783 1823 819 mandatamffi)
1846 782 2094 823 Magistratibus

1123 826 1283 865 approbet
1317 831 1349 855 et
1379 830 1512 855 econtra
1534 825 1694 865 privatam
1717 825 1888 855 saevitiam
1911 830 1943 855 et
1965 825 2095 855 seditio—

1123 877 1181 897 nes
1204 867 1389 908 prohibeat‚
1414 878 1468 898 res
1492 868 1564 907 ipsa
1581 866 1726 907 loquitur
1744 866 1795 897 his
1807 868 1990 907 praeceptis
2005 865 2095 897 Chri-

1123 910 1164 940 sti
1188 910 1306 950 optime
1329 910 1446 939 muniri
1469 909 1636 950 politicum
1661 910 1807 939 ordinem
1831 915 1863 939 et
1885 909 2004 939 armari
2028 909 2095 940 Ma-

1123 952 1290 992 gistratus.
1332 951 1431 982 Falso
1455 952 1552 993 igitur
1576 950 1761 982 calumniati
1785 956 1861 982 sunt
1882 950 2095 992 Evangelium

1123 993 1256 1032 Celsus,
1275 993 1417 1025 Iulianus
1441 1001 1471 1024 et
1493 992 1560 1032 alii,
1584 994 1637 1034 qui
1661 995 1865 1034 scripserunt
1880 992 2095 1035 Evangelium

1122 1035 1340 1076 prohibitione
1363 1037 1526 1067 vindictae
1549 1036 1667 1066 tollere
1690 1035 1920 1077 Magistratus,
1956 1034 2095 1076 discipli-

1122 1089 1214 1115 nam,
1247 1077 1358 1120 leges,
1383 1080 1523 1119 denique
1547 1088 1660 1109 omnes
1684 1088 1804 1108 nervos
1829 1077 1933 1109 civilis
1957 1079 2094 1109 societa-

1122 1121 1174 1158 115,
1198 1131 1238 1151 30
1261 1121 1443 1152 concedere
1465 1121 1622 1152 infinitam
1644 1120 1808 1151 licentiam
1832 1121 1973 1151 onmium
1993 1119 2095 1151 scele-

1123 1173 1205 1193 rum.
1272 1162 1355 1194 Huic
1402 1161 1583 1193 calumniae
1616 1163 1711 1193 nimis
1745 1162 1863 1203 frigide
1897 1163 2095 1203 respondent

1124 1205 1286 1245 Origenes
1322 1210 1353 1235 et
1375 1205 1625 1242 Nazianzenus,
1659 1205 1714 1244 qui
1748 1204 1875 1245 fingunt
1899 1215 2096 1235 concessum

1124 1256 1200 1277 esse
1223 1247 1401 1284 vindicare,
1424 1247 1483 1277 sed
1506 1246 1735 1287 perfectiorem
1759 1249 1909 1278 virtutem
1933 1257 2009 1277 esse
2032 1257 2095 1277 non

1124 1289 1301 1319 vindicare.
1347 1289 1416 1320 Has
1451 1290 1590 1329 ineptias
1626 1299 1726 1329 supra
1765 1288 1923 1327 refutavi,
1967 1291 2022 1321 ubi
2056 1291 2097 1321 de

1123 1333 1310 1372 praeceptis
1333 1337 1364 1362 et
1388 1330 1534 1362 consiliis
1558 1332 1677 1362 dictum
1701 1338 1761 1361 est.
1796 1331 1836 1362 Et
1856 1333 2019 1372 quomodo
2044 1343 2096 1362 ca-

1123 1373 1264 1404 lumniae
1287 1372 1377 1404 Celsi
1401 1380 1432 1404 01
1455 1373 1569 1404 Iuliani
1593 1374 1860 1414 respondendum
1884 1375 1936 1412 sit,
1971 1384 2010 1405 ex
2033 1374 2096 1405 hac

1124 1422 1240 1446 nostra
1265 1416 1471 1446 distinctione
1495 1417 1575 1446 satis
1600 1422 1740 1453 constat,
1758 1416 1925 1456 prohiberi
1937 1417 2095 1457 privatam

1123 1458 1299 1488 vindictam
1327 1464 1359 1488 et
1382 1463 1515 1488 econtra
1539 1458 1723 1489 confirmari
1746 1458 1961 1500 Magistratus
1986 1465 2017 1490 et
2040 1460 2096 1490 im-

1123 1501 1223 1540 peria.
1268 1499 1359 1531 Haec
1394 1500 1557 1531 sententia
1575 1510 1669 1538 vera,
1704 1502 1775 1541 pia,
1800 1500 1954 1532 5311113115
1968 1503 2011 1524 681
2046 1508 2095 1532 051

1123 1542 1272 1582 privatim
1296 1548 1328 1572 et
1350 1542 1489 1583 publice.

1208 1600 1398 1632 Muniuntur
1421 1612 1501 1643 ergo
1525 1607 1558 1633 et
1580 1608 1737 1634 ornantur
1748 1603 1883 1644 imperia
1894 1614 1977 1634 voce
1989 1603 2095 1635 Evan—

1124 1642 1210 1684 gelii.
1245 1642 1489 1675 Pulcherrinius
1514 1650 1562 1675 051
1587 1645 1681 1682 ordo,
1706 1655 1802 1686 quem
1825 1646 1856 1676 111
1881 1646 1946 1676 vita
1970 1647 2094 1687 privata

1124 1692 1156 1716 et
1189 1686 1221 1715 in
1244 1686 1386 1725 imperiis
1406 1687 1543 1718 instituit
1566 1686 1657 1717 Deus
1682 1688 1722 1718 de
1746 1689 1833 1718 omni
1856 1698 1978 1729 genere
1996 1690 2095 1719 actio-

1124 1738 1212 1765 num,
1234 1729 1294 1758 sed
1317 1729 1477 1759 humanae
1502 1736 1627 1760 mentes
1651 1739 1752 1770 saepe
1776 1736 1957 1771 occupatae
1981 1732 2095 1762 absur-

1124 1770 1174 1800 dis
1197 1770 1416 1810 opinionibuS,
1439 1771 1618 1812 hypocrisi,
1641 1773 1750 1812 pravis
1764 1772 1934 1812 exemplis,
1957 1773 2096 1815 denique

1123 1811 1304 1843 fascinatae
1328 1824 1347 1844 a
1369 1812 1523 1851 Diabolo,
1548 1814 1695 1844 ordinem
1729 1813 1820 1844 illum
1843 1816 1988 1846 divinum
2010 1818 2095 1856 aspi-

1124 1864 1198 1885 cere
1222 1854 1347 1885 nolunt.
1392 1855 1440 1886 Ita
1462 1855 1584 1887 multos
1608 1857 1746 1887 vidimus
1769 1857 2018 1898 Anabaptistas,
2042 1860 2095 1899 qui

1122 1897 1154 1926 in
1177 1896 1240 1927 hac
1263 1899 1454 1938 quaestione
1476 1899 1558 1928 mira
1584 1899 1764 1939 pertinacia
1786 1910 1866 1930 suos
1890 1899 2018 1931 furores
2043 1902 2095 1931 de-

1121 1937 1308 1977 fendebant,
1339 1951 1412 1971 cum
1434 1941 1516 1971 satis
1539 1939 1629 1971 clare
1650 1940 1880 1973 refutarentur.
1924 1942 2020 1973 Nulla
2045 1950 2094 1974 051

1122 1981 1206 2012 001111
1229 1982 1414 2013 obscuritas
1436 1983 1469 2013 in
1491 1982 1555 2014 hac
1579 1993 1711 2021 caussa,
1734 1984 1832 2014 modo
1855 1990 1891 2015 ut
1913 1984 2028 2016 afferat
2039 1997 2094 2016 311-

1122 2024 1207 2054 ditor
1239 2030 1379 2055 mentem
1413 2024 1561 2056 docilem.
1607 2025 1759 2057 Disserui
1793 2032 1903 2057 autem
1925 2026 2094 2067 prolixius.

1121 2071 1155 2097 ut
1178 2066 1314 2097 iuvenes
1338 2066 1638 2106 commonefaciam,
1667 2074 1703 2098 ut
1726 2067 1948 2100 assuefaciant
1969 2076 2095 2101 mentes

1122 2109 1164 2139 ad
1197 2109 1369 2139 amandum
1402 2109 1569 2150 politicum
1597 2111 1743 2142 ordinem
1767 2117 1799 2142 et
1817 2112 1971 2142 admoniti
1994 2123 2096 2154 agno-

1122 2156 1215 2181 scant
1247 2152 1279 2182 in
1309 2161 1348 2182 eo
1370 2150 1483 2183 lucere
1506 2154 1712 2193 sapientiam,
1737 2154 1893 2184 iustitiam
1916 2160 1948 2185 et
1970 2155 2094 2186 bonita-

1122 2199 1186 2224 tem
1210 2193 1274 2224 Dei
1308 2203 1387 2234 erga
1420 2205 1524 2235 genus
1560 2194 1744 2226 humanum.
1789 2195 1953 2227 Usitatum
1977 2204 2025 2229 est
2049 2199 2094 2229 iu-

1121 2236 1259 2267 venibus
1279 2242 1445 2267 ostentare
1468 2238 1671 2279 ingeniorum
1705 2248 1843 2269 acumen
1876 2239 1908 2269 in
1931 2238 2041 2282 legum
2064 2247 2092 2271 et

1121 2288 1246 2309 morum
1271 2277 1411 2310 civilium
1435 2280 1702 2320 reprehensione.
1733 2280 1800 2312 Sed
1824 2279 1912 2312 illam
1937 2282 2092 2323 Cynicam

1097 2410 1099 2415 ⁴
1121 2408 1166 2439 66)
1186 2408 1327 2433 ordinatam
1346 2409 1493 2440 vindictam]
1512 2410 1584 2435 Editt.
1605 2411 1645 2434 24.
1667 2411 1697 2434 28
1717 2424 1748 2428 -—
1768 2411 1819 2439 34.,
1839 2411 1910 2441 Corp.
1931 2412 2012 2435 2-8..
2033 2413 2091 2442 opp.

1192 2443 1212 2465 1.
1232 2443 1255 2465 2.
1274 2443 1409 2468 vindictam
1428 2444 1569 2469 ordinatam

1120 2492 1166 2522 67)
1185 2493 1332 2518 mandatam
1350 2493 1456 2519 excidit
1475 2495 1502 2520 in
1520 2495 1562 2520 Ed.
1584 2496 1623 2520 18.

1098 2567 1099 2570 ,
1119 2543 1165 2575 68)
1185 2544 1314 2576 salutaris]
1335 2544 1407 2570 Editt.
1429 2545 1450 2568 1.
1471 2545 1494 2569 3.
1514 2545 1623 2571 satum-is
