2358 2933
268 112 329 143 883
899 114 1007 146 PHlL.
1033 115 1132 148 MEL.
1156 115 1338 149 SCRlP'l‘A
1361 118 1630 152 DOGMA‘HCA.
2185 126 2247 159 884

267 208 475 237 securitatem
499 212 528 236 et
554 205 797 247 indulgentiam.
843 207 910 237 Has
930 207 1138 239 pharisaicas
1162 210 1236 240 ima-

268 249 449 286 ginationes
484 249 676 289 gravissime
706 255 796 279 taxat
819 248 968 289 Epistola
990 251 1032 280 ad
1056 250 1235 282 Hebraeos.

268 282 346 321 Vult
373 297 461 321 certe
485 291 613 320 retineri
638 290 829 321 'ueneficium
851 290 990 329 Christi,
1015 293 1098 323 sicut
1122 299 1236 333 postea

268 333 358 363 ‹lit-it:
384 333 456 362 Non
481 331 548 362 nilt
574 331 762 363 conculcari
785 335 977 374 sanguinem
1001 334 1140 372 Christi,
1177 345 1236 367 nec

269 373 459 405 contumelia
493 372 579 404 affici
609 374 763 414 Spiritum
798 377 931 416 gratiae.
978 376 1048 406 llae
1082 378 1236 419 gravissi-

269 427 337 447 mae
360 415 605 447 adhortationes
629 418 738 447 iubent
763 427 892 455 cavere,
915 428 956 448 ne
978 419 1159 449 amittamus
1184 420 1237 450 be-

268 458 415 489 neficium
450 457 582 495 Clu-isti,
616 459 729 499 Neque.
764 466 869 490 tamen
899 461 1024 491 interim
1059 465 1168 491 vetant
1192 460 1236 492 la-

268 511 346 541 psos
369 501 409 531 ad
428 499 590 531 Plu-istum
615 501 729 532 redire.
765 501 853 532 Haec
877 510 925 532 est
951 501 1086 543 simplex
1110 509 1141 534 et
1164 513 1237 545 ger-

268 553 359 573 mana
385 543 552 573 sententia.

559 669 618 700 DE
641 669 944 702 s·‹›NTR1T1(›NE.

352 754 420 785 Etsi
444 753 531 784 nulla
551 755 708 784 Creatura
732 756 985 796 magnitudinem
1009 758 1077 787 irae
1096 756 1157 786 Dei
1180 756 1235 786 ad-

269 807 383 828 versus
407 803 576 837 peccatum
601 797 680 826 satis
705 796 887 838 intelligere
910 804 1030 838 potest.
1055 808 1093 828 ac
1106 808 1235 838 nepos-

267 846 316 870 set
350 840 476 880 quidem
501 850 633 869 sensum
657 840 723 869 irae
745 838 807 869 Dei
830 838 991 879 perferre,
1015 841 1099 871 sicut
1122 841 1236 870 dicitur

269 881 363 912 Dent.
389 882 417 910 t.
443 885 506 919 [vs.
530 882 594 918 244
620 881 711 911 Deus
736 882 819 921 ignis
845 892 1039 912 consumens
1065 887 1132 918 est3
1176 881 1236 912 Ta-

266 934 338 954 men
373 922 440 954 vult
464 923 555 954 Deus
580 925 609 953 in
634 922 783 953 Ecclesia
807 934 866 954 sua
885 923 993 965 aliquo
1016 925 1112 955 modo
1136 934 1236 965 agno-

267 968 314 997 sci
349 967 429 996 iram
455 976 547 996 suam
572 967 731 996 adversus
755 972 942 1005 perc-atum.
974 977 1039 997 non
1070 965 1138 997 vult
1162 976 1236 996 con-

268 1009 363 1039 temni
386 1015 568 1049 peccatum,
593 1018 657 1039 non
683 1007 749 1038 vult
773 1009 871 1038 corda
895 1018 971 1039 esse
994 1007 1100 1039 ferrea
1124 1015 1154 1038 et
1167 1009 1237 1038 sine

268 1050 400 1085 dolore,
429 1056 461 1080 ut
486 1050 567 1090 Eph.
592 1051 621 1081 4.
647 1051 686 1081 dc
709 1051 813 1090 impiis
837 1051 961 1081 dicitur.
1007 1051 1083 1080 ldeo
1109 1060 1237 1091 semper

267 1095 298 1123 in
328 1091 478 1123 Ecclesia
513 1093 573 1123 hoc
607 1092 663 1123 fnit
695 1093 862 1123 exordium
897 1094 1104 1124 concionum:
1138 1093 1236 1134 Agite

267 1136 506 1177 poenitentiam.
553 1135 607 1166 Sic
642 1134 793 1165 Christus
829 1145 967 1165 exorsus
1002 1141 1062 1173 est,
1097 1142 1127 1165 et
1162 1140 1236 1165 ante

267 1180 276 1208 i
302 1188 374 1208 sum
398 1177 554 1217 Baptista.
601 1177 655 1207 Sic
680 1176 802 1208 Paulus
837 1178 937 1218 inquit
973 1177 1077 1215 [Rom.
1100 1178 1128 1216 l,
1153 1177 1234 1216 184:

299 1219 447 1251 evelatur
470 1221 515 1250 ira
540 1219 602 1249 Dei
626 1220 665 1249 de
690 1218 784 1250 coelo
809 1230 907 1260 super
931 1230 1055 1250 omnes.
1090 1218 1145 1250 Sic
1159 1219 1237 1249 Pro-

269 1262 385 1302 phetae
420 1263 530 1292 exorsi
564 1268 651 1299 sunt.
688 1262 749 1292 les.
787 1262 813 1291 1.
850 1265 911 1298 lrs.
942 1262 984 1300 4.]
1036 1262 1107 1292 Vae
1141 1261 1236 1291 Genti

269 1305 454 1345 peccatrici.
522 1304 588 1334 lino
629 1305 660 1334 in
695 1303 852 1334 paradiso
887 1303 967 1335 haec
1001 1310 1075 1344 post
1110 1303 1237 1344 lapsum

268 1348 371 1388 prima
407 1348 520 1377 concio
554 1345 609 1376 fuit
647 1356 788 1387 arguens
813 1352 984 1387 peccatum
1010 1352 1040 1376 et
1064 1344 1236 1377 declarans

268 1392 347 1420 iram
370 1389 442 1419 Dei.

355 1431 527 1461 Postremo
563 1440 676 1461 omnes
711 1429 911 1461 calamitates
946 1431 1074 1471 generis
1096 1430 1239 1466 humani,

270 1485 369 1505 mors.
405 1474 518 1513 morbi.
552 1474 677 1513 inopia,
698 1471 811 1510 sames,
836 1473 970 1510 caedes‚
994 1471 1093 1510 bella,
1116 1472 1239 1502 excidia

270 1526 299 1548 et
335 1515 446 1547 clades
481 1514 675 1556 multiplices
698 1522 771 1545 sunt
797 1525 910 1545 revera
935 1516 1111 1545 conciones
1131 1515 1170 1544 de
1192 1514 1239 1544 ira

270 1559 331 1590 Dei
355 1560 514 1589 adversus
539 1564 717 1598 peccatum,
741 1564 775 1587 ut
799 1556 887 1587 Psal.
911 1557 962 1588 38.
987 1560 1051 1596 [vs.
1074 1557 1136 1595 12]
1161 1556 1239 1587 Pro-

270 1610 340 1641 pter
363 1601 559 1641 iniquitatem
583 1601 719 1640 corripis
741 1599 900 1630 homines.

357 1643 524 1673 Postremo
557 1643 777 1675 testimonium
808 1641 948 1672 onmium
970 1642 1143 1672 maximnm
1172 1642 1239 1671 irae

271 1686 330 1717 Dei
356 1693 417 1722 est,
441 1685 527 1726 quod
550 1684 663 1715 Filium
689 1685 869 1725 oportuerit
881 1686 925 1724 55)
962 1683 1030 1715 fieti
1066 1684 1238 1714 victimam.

271 1728 363 1758 Hanc
395 1729 474 1758 iram
510 1733 598 1758 certe
632 1726 699 1757 vult
722 1726 815 1757 Deus
850 1726 957 1767 aliquo
981 1727 1079 1757 modo
1103 1736 1122 1756 a
1143 1726 1239 1755 nobis

271 1771 418 1812 agnosci,
443 1776 473 1799 et
495 1780 557 1799 nos
575 1770 698 1800 moveri
721 1770 823 1809 ipsius
852 1770 970 1800 iudicio
994 1774 1024 1799 et
1047 1768 1239 1809 indignatio-

272 1823 321 1843 ne.
344 1813 490 1844 Necesse
513 1819 563 1843 est
588 1813 685 1853 igitur
707 1813 739 1842 in
763 1812 858 1842 nobis
884 1812 1023 1841 existere
1046 1810 1238 1851 aliquamw)

272 1855 506 1885 contritionem.
542 1855 592 1885 Ac
615 1864 770 1884 vocamus
795 1853 1045 1890 contritionem,
1069 1859 1103 1883 ut
1127 1851 1240 1883 Eccle-

272 1899 320 1928 sia
343 1898 459 1927 usitate
482 1896 635 1938 loquitur=
658 1906 801 1937 pavores
826 1896 1045 1926 conscientiae
1058 1904 1240 1936 agnoscen-

273 1941 312 1970 tis
345 1941 426 1970 iram
455 1939 515 1969 Dei
548 1939 708 1969 adversus
742 1945 856 1968 nostra
889 1944 1026 1978 peccata
1049 1943 1080 1967 et
1103 1935 1241 1967 dolentis

275 1989 405 2022 propter
439 1987 617 2022 peccatum.
664 1981 756 2011 Hanc
792 1981 1017 2011 contritionem
1040 1980 1241 2020 praecipiunt

274 2025 354 2056 haec
378 2025 480 2054 dicta:
506 2024 602 2064 Agite
625 2023 864 2063 poenitentiam.
911 2022 949 2052 Et
972 2023 1002 2052 Ξ.
1027 2022 1104 2053 Cor.
1123 2022 1153 2051 7.
1178 2024 1240 2058 [vs.

274 2066 319 2104 9.]
350 2066 538 2097 Contristati
574 2067 653 2096 estis
685 2067 725 2096 ad
748 2066 987 2106 poenitentiam.
1036 2065 1062 2094 l.
1088 2063 1163 2095 Cor.
1190 2064 1239 2094 ll.

276 2111 340 2148 [vs.
359 2109 422 2142 :31.1
459 2109 494 2139 Si
519 2119 578 2139 nos
601 2108 817 2138 indicaremus
841 2108 911 2148 ipsi,
935 2117 999 2137 non
1026 2108 1241 2138 iudicaremur

274 2162 293 2182 a
312 2150 463 2188 Domino.
488 2152 518 2181 id
541 2158 602 2188 est,
626 2152 654 2181 si
679 2161 756 2181 vero
780 2148 894 2180 dolore
917 2148 1133 2186 afficeremur,
1151 2149 1241 2189 agni-

275 2200 308 2224 ta
328 2195 376 2224 ira
400 2193 472 2224 Dei.
519 2191 584 2224 loel
607 2194 636 2223 ’2.
663 2197 722 2230 [vs.
738 2192 800 2230 1:34
827 2192 972 2222 Scindite
997 2193 1095 2222 corda
1119 2197 1240 2227 vestra,

275 2242 305 2266 et
339 2247 404 2267 non
440 2237 631 2266 vestimenta
665 2242 783 2266 vestra.
849 2234 959 2264 lereni-
991 2234 1042 2264 31.
1078 2238 1139 2271 [vs.
1177 2232 1239 2270 19.]

275 2277 451 2319 Postquam
496 2279 666 2308 ostendisti
700 2277 786 2315 mihi,
808 2277 957 2317 percussi
986 2275 1091 2307 femur
1124 2286 1241 2313 meum,

275 2319 431 2352 confusus
467 2331 536 2350 sum
574 2327 603 2349 et
639 2321 762 2351 erubui.
808 2319 890 2350 Nah.
928 2319 955 2349 l.
981 2322 1045 2357 [vs.
1069 2319 1114 2356 6.]
1155 2318 1241 2348 Ante

275 2458 319 2485 bs)
339 2457 486 2488 oportuerit]
509 2457 579 2481 Editt.
604 2459 690 2480 1—10.
715 2458 750 2479 12³.
771 2458 878 2486 oportuit

275 2508 318 2536 ¹³9)
338 2509 447 2532 existere
466 2507 587 2538 aliquam]
609 2508 642 2531 sic
661 2507 732 2532 Editt.
754 2509 793 2530 20.
814 2508 853 2529 2⁵2.
874 2508 913 2532 24.
931 2507 1048 2531 23—322,
1069 2506 1138 2535 Coi-p⁴
1161 2505 1241 2527 1—8..

343 2542 401 2571 0519.
425 2543 442 2562 ἰ.
465 2542 477 2563 ·.)
496 2551 500 2563 ;
520 2548 618 2565 cetera-2
639 2541 724 2565 Emit:
744 2542 852 2568 oliuu-‘un
872 2542 981 2565 existere

1265 210 1397 242 -faciem
1420 213 1648 254 indignationis
1672 214 1742 244 eius
1766 215 1838 255 quis
1857 217 1974 247 stabit?
2013 217 2094 252 Quis
2117 221 2246 251 resistet

1281 254 1312 283 in
1346 254 1393 284 ira
1427 253 1546 285 furoris
1580 255 1674 286 eius?
1706 255 1885 297 Indignatio
1915 259 1985 289 eius
2013 259 2115 291 effusa
2139 267 2188 292 est
2211 268 2246 293 ut

1281 296 1376 336 ignis,
1410 302 1441 326 et
1474 303 1587 336 petrae
1621 296 1798 329 dissolutae
1820 304 1895 330 sunt
1923 302 1964 331 ab
1988 310 2038 332 eo.
2083 301 2245 334 hemlee.

1280 337 1332 367 66.
1357 340 1419 376 [vs.
1444 339 1488 376 ‘L'
1526 339 1573 368 Ad
1597 349 1692 379 quem
1713 341 1902 381 respiciam,
1937 343 1996 373 nisi
2027 344 2067 373 ad
2101 342 2246 376 humilia-

1282 385 1347 410 tum
1378 386 1407 410 et
1439 381 1611 411 contritum
1638 382 1753 421 spiritu
1785 388 1816 413 et
1852 388 2042 415 trementem
2075 394 2245 417 sermones

1281 422 1392 453 meos?
1415 422 1475 453 les.
1502 423 1528 452 l.
1554 424 1696 462 [vs.16.]
1727 423 1875 455 Desinite
1898 435 2055 465 perversa
2065 428 2110 467 60)
2135 434 2244 470 agere.

1283 462 1366 494 Psal.
1400 464 1451 495 37.
1488 467 1551 502 [vs.
1586 465 1631 503 5.]
1667 465 1853 506 iniquitates
1887 477 1977 498 meae.
2010 478 2246 510 supergressae

1282 512 1355 536 sunt
1379 513 1474 547 caput
1504 516 1620 538 meum.
1666 508 1759 538 Item:
1794 508 1917 539 lnitium
1951 511 2129 551 sapientiae
2151 513 2247 543 timor

1281 547 1421 578 Domini.
1465 548 1506 579 Et
1529 549 1650 588 passim
1675 550 1873 590 coniungunt
1897 550 2016 581 Psalmi
2028 547 2190 584 Timorem
2215 562 2244 585 et

1280 589 1390 620 Fidem
1406 590 1555 627 [Ps.146.
1570 591 1651 630 1⁴.]:
1676 591 1919 632 Beneplacitum
1931 601 1980 624 est
1994 593 2134 625 Domino
2149 604 2248 635 super

1280 632 1427 662 timentes
1448 643 1518 663 enm
1539 638 1665 674 merga
1679 643 1747 671 eos,
1767 637 1965 675 quisperant
1981 635 2011 665 in
2024 637 2246 668 misericordia

1281 674 1361 704 eius.
1395 673 1520 704 Eodem
1531 676 1690 714 pertinent
1704 675 1802 706 multa
1817 676 1902 707 dicta
1917 676 2005 708 Pauli
2021 676 2126 714 [Rom.
2138 678 2170 715 6,
2183 678 2245 717 6.]t

1280 715 1384 746 Vetus
1408 722 1522 747 noster
1544 716 1641 747 homo
1664 717 1758 747 simul
1783 718 1958 750 crucifixus
1982 726 2043 755 est,
2068 725 2102 750 ut
2115 719 2245 751 abolea-

1281 764 1331 787 tur
1354 768 1481 798 corpus
1497 760 1635 798 peccati.
1723 774 1725 776 ·
2224 776 2225 779 =

1366 800 1537 830 Addantur
1555 807 1585 830 et
1609 801 1767 841 exempla,
1789 809 1824 832 ut
1842 803 1958 840 Adam,
1980 803 2060 840 Eva,
2084 805 2249 847 obiurgati

1281 852 1299 871 a
1321 841 1407 878 Deo,
1437 841 1557 879 David,
1593 843 1784 884 obiurgatus
1821 854 1839 874 a
1873 843 2019 882 Nathan,
2052 845 2248 877 horribiliter

1280 884 1519 924 perterrefiunt.
1553 883 1651 915 Dolet
1670 891 1702 915 et
1723 884 1838 915 mulier
1862 888 2029 926 peccatrix
2051 886 2131 918 Luc.
2150 889 2181 918 ⁷.
2206 888 2248 919 Et

1281 926 1361 956 Luc.
1384 926 1436 956 22.
1483 925 1577 957 Petro
1601 928 1740 957 acerbae
1753 926 1914 958 'lacrimae
1937 935 2115 969 erumpunt.
2160 929 2250 960 Haec

1281 974 1311 998 et
1342 967 1457 998 similia
1490 969 1674 999 testimonia
1713 970 1888 1000 ostendunt
1920 972 2142 1002 necessariam
2175 975 2250 1003 esse

1281 1009 1423 1051 aliquam
1456 1012 1692 1048 contritionem.
1722 1022 1806 1052 quae
1829 1012 1956 1053 quidem
1980 1014 2075 1043 etiam
2099 1023 2250 1044 crescere

1282 1052 1388 1089 debet,
1411 1053 1465 1089 ita,
1483 1058 1517 1082 ut
1540 1063 1605 1083 non
1629 1051 1733 1083 solum
1756 1060 1889 1084 externa
1912 1053 2046 1091 delicta,
2073 1055 2133 1085 sed
2155 1057 2250 1086 etiam

1281 1095 1463 1125 interiorem
1487 1095 1715 1125 immunditiem
1733 1105 1970 1136 agnoscamuS‚
1993 1095 2163 1134 videlicet,
2182 1097 2250 1128 Du—

1282 1137 1468 1167 bitationem
1502 1137 1543 1166 de
1575 1136 1666 1174 Deo,
1711 1137 1948 1175 Securitatem,
1994 1137 2250 1170 Admirationem

1281 1179 1384 1209 nostri
1419 1188 1477 1208 seu
1499 1178 1704 1218 Superbiam,
1737 1179 1989 1219 Despectionem
2012 1179 2160 1218 aliorum,
2183 1181 2250 1212 Ma-

1281 1219 1497 1257 levolentiam‚
1527 1220 1721 1258 Avaritiam,
1754 1220 1917 1252 Flammas
1948 1222 2042 1261 pravi
2075 1223 2195 1253 amoris
2219 1229 2251 1254 et

1281 1262 1363 1293 alios
1386 1263 1523 1293 vitiosos
1547 1262 1693 1293 affectus.
2216 1263 2218 1265 ’

1365 1305 1434 1335 Nec
1467 1310 1517 1334 est
1551 1305 1747 1345 poenitentia
1780 1306 1811 1334 in
1846 1305 2038 1346 hypocritis,
2073 1307 2126 1346 qui
2159 1305 2249 1337 nullo

1282 1357 1383 1377 sensu
1407 1345 1528 1377 doloris
1547 1353 1601 1378 aut
1623 1357 1781 1387 pavorum
1801 1346 1997 1383 afficiuntur,
2021 1357 2105 1388 quos
2128 1349 2250 1379 descri-

1282 1391 1363 1419 bens
1387 1389 1539 1419 Ieremias
1564 1389 1607 1425 [6,
1622 1388 1685 1426 15.]
1699 1389 1814 1428 inquit:
1826 1388 2032 1419 Erubescere
2045 1391 2250 1425 nesciet-unu

1282 1431 1321 1461 Et
1344 1430 1467 1462 Paulus
1491 1431 1531 1460 ad
1553 1429 1716 1471 Ephesios
1740 1436 1836 1460 vocat
1860 1429 1974 1461 dolore
1997 1437 2159 1462 carentes,

1366 1473 1409 1503 Ut
1431 1478 1539 1503 autem
1560 1471 1645 1503 hanc
1668 1482 1803 1513 pravam
1826 1474 2034 1503 securitatem
2061 1475 2175 1504 animis
2199 1483 2251 1504 ex-

1283 1515 1452 1552 cudamus,
1471 1524 1571 1555 saepe
1590 1521 1621 1544 et
1643 1514 1777 1545 multum
1800 1515 1886 1545 dieta
1909 1515 1949 1545 de
1972 1515 2190 1552 Genti-itione,
2210 1516 2251 1546 de

1283 1557 1333 1588 lra
1350 1557 1426 1594 Dei,
1445 1557 1485 1587 de
1508 1556 1627 1587 Poenis
1649 1557 1878 1596 praesentibus
1901 1563 1933 1587 et
1955 1558 2107 1594 aeternis,
2144 1567 2251 1588 exem-

1282 1599 1337 1640 pla
1359 1600 1432 1639 ipsa
1453 1609 1643 1639 poenarum,
1668 1597 1868 1629 calamitates
1891 1600 2041 1639 proprias
2064 1605 2095 1630 et
2118 1598 2251 1637 alienas,

1282 1643 1347 1672 imo
1371 1648 1401 1672 et
1424 1648 1559 1672 mortem
1583 1640 1637 1671 filii
1660 1640 1722 1671 Dei
1747 1641 1843 1672 nobis
1865 1651 2099 1682 proponamus5
2131 1647 2168 1672 ut
2195 1642 2252 1672 mi-

1284 1685 1402 1715 seriam
1436 1690 1582 1714 nostram
1617 1690 1647 1714 et
1676 1684 1756 1713 iram
1778 1683 1841 1713 Dei
1862 1692 2084 1724 agnoscamus
2107 1689 2137 1714 et
2155 1693 2252 1724 expa-

1284 1736 1468 1758 vescamus.
1512 1725 1640 1766 Estque
1671 1725 1837 1756 ministerii
1861 1726 1893 1756 in
1914 1724 2076 1762 Ecclesia,
2099 1726 2185 1766 quod
2206 1726 2252 1756 in-

1284 1769 1386 1800 stituit
1405 1767 1572 1805 Cluistus.
1607 1777 1684 1808 pars
1704 1768 1910 1805 necessaria,
1944 1777 2084 1808 arguere
2105 1773 2251 1808 peccata,

1284 1812 1367 1841 sicut
1390 1810 1512 1841 Paulus
1537 1809 1627 1840 clare
1649 1809 1752 1850 inquit
1777 1809 1882 1847 [Rom.
1909 1810 1937 1846 l,
1962 1810 2043 1847 18.]:
2089 1810 2184 1840 Nunc
2202 1819 2251 1840 re-

1285 1852 1411 1884 velatur
1444 1854 1490 1883 ira
1512 1852 1575 1882 Dei
1599 1852 1638 1882 de
1662 1851 1757 1882 coelo
1777 1862 1874 1892 super
1897 1862 2024 1882 omnem
2047 1852 2250 1892 impietatem.

1284 1895 1447 1926 Utendum
1468 1901 1517 1925 est
1542 1899 1649 1925 autem
1667 1903 1751 1924 voce
1773 1893 1872 1935 Legis
1896 1892 2041 1929 moralis,
2064 1899 2099 1924 ut
2118 1899 2251 1930 vocant,

1284 1938 1323 1968 ad
1359 1936 1443 1968 hanc
1477 1937 1644 1967 ministerii
1677 1942 1812 1977 partem.
1857 1935 1916 1965 Est
1940 1936 2023 1966 enim
2045 1934 2099 1965 lex
2121 1934 2176 1966 illa
2199 1945 2252 1966 ae-

1285 1986 1380 2010 terna
1393 1985 1424 2010 et
1445 1978 1653 2010 immutabilis
1669 1976 1831 2008 sententia
1843 1977 1905 2008 Dei
1917 1977 2091 2008 declarans
2104 1978 2183 2008 iram
2190 1977 2252 2008 Dei

1284 2023 1444 2052 adversus
1463 2027 1644 2062 peccatum.
1668 2019 1739 2050 Etsi
1758 2020 1840 2050 enim
1853 2019 1946 2050 Deus
1966 2019 2077 2059 recipit
2091 2019 2252 2050 hominem

1285 2063 1524 2104 confugientem
1555 2063 1594 2093 ad
1629 2061 1807 2098 Christum,
1840 2068 1949 2092 tamen
1984 2067 2153 2101 peccatum
2188 2071 2252 2092 non

1284 2107 1454 2147 approbat.
1499 2105 1575 2135 Ideo
1599 2103 1721 2135 Paulus
1745 2104 1858 2144 inquit:
1897 2103 1959 2134 Per
1980 2103 2088 2145 legem
2111 2103 2252 2145 cognitio

1284 2149 1432 2189 peccatig
1457 2154 1487 2178 et
1511 2156 1639 2186 semper
1673 2147 1779 2177 sonuit
1815 2147 1846 2176 in
1869 2145 2020 2177 Ecclesia
2051 2146 2126 2176 inde
2147 2155 2252 2186 usque

1284 2192 1324 2221 ab
1349 2191 1436 2220 initio
1459 2195 1533 2230 post
1556 2188 1696 2230 lapsum,
1720 2195 1755 2219 ut
1786 2187 1867 2218 Gen.
1892 2188 1922 2218 4.
1946 2194 2091 2228 apparet,
2115 2193 2145 2218 et
2164 2188 2252 2219 dein-

1285 2243 1374 2273 ceps.

1370 2275 1420 2304 Ac
1442 2284 1578 2314 prorsus
1602 2272 1696 2311 falsa,
1715 2273 1858 2303 absurda
1882 2278 1911 2303 et
1935 2273 2120 2313 perniciosa
2142 2272 2252 2313 imagi-

1285 2318 1370 2348 natio
1406 2322 1466 2353 est,
1501 2316 1626 2357 fingere
1649 2315 1772 2356 Legem
1795 2314 1872 2344 nihil
1896 2325 1972 2345 esse
1994 2320 2048 2345 aut
2070 2324 2137 2345 non
2158 2324 2252 2354 prae-

1286 2359 1461 2390 dicandam
1496 2368 1582 2389 esse.
1628 2357 1710 2392 Quia
1738 2358 1811 2387 ideo
1834 2357 2023 2397 praedicata
2046 2362 2095 2387 est
2116 2366 2176 2396 per
2196 2367 2252 2396 pa-

1285 2408 1353 2432 tres
1377 2408 1407 2431 et
1427 2401 1541 2431 deinde
1564 2399 1698 2431 terribili
1723 2409 1804 2429 voce
1827 2400 1859 2429 in
1878 2399 1955 2430 Sina
1978 2398 2125 2429 revelata
2147 2404 2178 2428 et
2200 2407 2252 2429 as-

1262 2517 1266 2563 i
1287 2538 1331 2565 So}
1351 2537 1483 2568 perversa]
1503 2537 1574 2561 Editt.
1598 2538 1617 2559 l.
1637 2536 1660 2559 3.
1680 2542 1799 2566 perverse

2351 2049 2354 2081 --
2348 1867 2356 2033 ..ᾤ-,Μ
2346 1911 2348 1917 2
2349 1827 2355 1851 „1
2349 1529 2358 1811 m
