2358 2933
183 97 263 128 1079

180 191 303 222 Luceat
326 191 382 222 lux
407 201 517 223 vestra
541 202 652 223 coram
675 191 871 229 hominibus,
894 198 928 222 ut
952 189 1155 232 glorificetur

179 234 277 264 Pater
300 242 411 265 vester
434 233 597 265 coelestis.
643 234 683 265 Et
706 234 834 275 quidem
857 240 906 265 est
931 232 1155 270 conformitas.

179 287 275 317 quam
299 276 398 308 efficit
422 278 492 316 ipse
512 276 617 313 Deus,
641 287 712 307 cnm
736 283 785 307 est
811 277 916 307 onmia
940 277 972 306 in
992 276 1155 312 omnibns,

179 329 271 349 suam
294 318 400 350 lucem
423 320 452 349 in
478 330 538 349 nos
562 330 742 360 spargens,
775 325 804 349 et
831 318 912 349 haec
936 328 1015 349 vere
1039 318 1156 349 dicitur

178 361 302 392 Virtus.
333 363 415 392 Nam
435 360 605 401 disciplina
626 363 656 392 in
677 368 791 392 natura
813 361 1005 401 depravata,
1029 361 1154 391 etiamsi

178 404 351 434 adiuvatur
374 404 522 434 Heroicis
546 405 703 434 motibuS.
731 410 765 434 ut
792 404 823 434 in
847 404 1018 444 Scipione3
1048 409 1153 433 tamen

178 453 301 477 tantum
326 448 437 485 est5‘2)
468 446 706 487 qualiscunque
737 447 850 477 umbra
881 446 1008 476 virtutis
1039 451 1153 486 tegens

178 497 344 519 externam
369 488 616 520 deformitatem.
641 491 723 519 sicut
746 488 857 519 folium
876 488 928 518 fici
948 489 1081 529 tegebat
1099 488 1154 518 de-

178 530 373 562 formitatem
397 532 429 562 in
449 532 555 562 Adam
580 539 610 562 et
630 531 732 562 Hera.
767 531 827 562 Est
850 532 948 572 igitur
967 532 1071 561 virtus
1094 540 1155 560 seu

179 573 349 614 disciplina
383 573 550 605 rationalis
584 574 777 614 gubernatio
814 572 1032 604 locomotivae
1065 574 1153 603 iuxta

179 617 302 658 Legem
317 616 392 652 Dei.
412 627 495 657 qnae
515 618 545 647 in
566 616 637 647 aliis·
658 617 774 657 magis,
792 617 824 647 in
843 615 916 647 aliis
935 616 1042 646 minus
1062 615 1155 645 firma

177 666 237 690 est.
284 659 323 689 [t
348 659 470 690 firmior
494 666 543 690 est
567 658 650 690 haec
675 661 778 690 virtus
802 660 834 689 in
858 658 1029 699 Scipione,
1057 668 1153 699 quam

178 703 209 732 in
228 701 431 738 Alexandro,
455 703 514 732 etsi
539 703 568 732 in
589 709 730 742 utroque
753 708 829 732 sunt
849 701 979 731 Heroici
1002 701 1153 741 impetus.

264 744 450 775 lt'STlTlA
479 743 772 775 [NVERsALls
808 750 858 774 est
888 744 1071 774 obedientia
1103 752 1154 772 se-

178 787 319 818 cundum
343 797 455 817 omnes
479 786 584 828 leges,
608 788 693 817 sicut
713 787 876 817 Aristides
900 786 1086 816 nominatur
1109 786 1154 815 iu-

176 836 258 860 stus.
304 829 341 860 Et
379 840 479 870 saepe
508 829 571 860 hoc
606 830 703 859 modo
739 829 902 869 scriptura
935 827 1080 868 loquitur
1113 828 1154 858 de

175 873 296 903 iustitia
322 871 422 913 legis,
457 883 531 903 cum
559 871 627 902 vult
662 871 799 912 intelligi
827 870 1049 902 universalem
1078 871 1154 901 obe-

176 915 338 946 dientiam.

262 957 447 988 IUSTITIA
472 955 795 988 PARTICULARIS
818 962 869 986 est
889 957 993 987 virtus
1011 955 1153 986 reddens

175 1010 269 1032 suum
293 1001 466 1040 unicuique
480 1001 537 1040 ⁵3).

260 1042 389 1074 HDES
414 1049 463 1072 ffit
492 1043 646 1073 assentiri
670 1041 757 1072 omni
781 1042 884 1072 verbo
907 1040 970 1071 Dei
985 1042 1029 1078 ⁵⁴)
1058 1041 1153 1071 nobis

175 1086 294 1117 tradito
318 1094 348 1116 et
372 1086 404 1115 in
428 1084 492 1116 hoc
512 1085 721 1125 promissioni
740 1085 867 1125 gratiae
884 1090 1021 1124 propter
1039 1082 1154 1114 Filium

174 1128 236 1159 Dei
255 1129 450 1168 promissae,
469 1138 534 1168 quo
554 1137 695 1158 assensu
710 1126 966 1167 apprehenditur
978 1126 1153 1166 promissio

174 1171 379 1202 remissionis
408 1176 619 1211 peccatorum
650 1177 681 1200 et
711 1168 1009 1205 reconciliationis„
1043 1175 1074 1199 et
1106 1174 1155 1199 est

176 1214 294 1245 fiducia
313 1214 530 1254 acquiescens
550 1213 580 1242 in
600 1212 673 1243 Deo
692 1218 827 1252 propter
845 1211 1071 1248 Mediatorem,
1091 1221 1155 1252 qua

175 1258 207 1287 in
231 1257 317 1286 veris
346 1256 526 1296 pavoribus
555 1256 726 1296 erigimur,
756 1261 787 1284 et
815 1255 972 1284 sentimus
995 1254 1095 1283 w‘tam
1124 1258 1153 1283 et

174 1299 330 1330 laetitiam
352 1299 384 1329 in
408 1298 492 1335 Deo,
517 1304 547 1328 et
576 1298 765 1328 accedimus
789 1297 831 1327 ad
854 1296 973 1333 Deum,
1003 1303 1034 1326 et
1064 1296 1154 1325 invo-

175 1353 288 1373 camus
318 1351 392 1371 eum
415 1341 525 1381 agnita
554 1341 623 1370 eius
652 1340 877 1370 misericordia
908 1344 938 1368 et
966 1338 1155 1378 praesentia

176 1384 357 1416 clamantes
376 1383 473 1413 Abba
492 1389 585 1422 pater
600 1383 655 1421 55),
680 1382 764 1412 sicut
787 1382 905 1411 dicitur
929 1379 1035 1417 [Rom.
1048 1381 1079 1418 5,
1094 1381 1152 1417 l.]:

174 1427 345 1459 iustificati
368 1425 433 1456 fide
451 1435 565 1466 pacem
584 1424 753 1454 habemus.
792 1423 870 1454 ltem
894 1421 1002 1462 [Rom.
1021 1422 1052 1459 9,
1071 1422 1154 1459 33.J:

176 1471 301 1507 Omnis,
326 1470 381 1510 qui
406 1468 508 1499 credit
532 1468 565 1497 in
589 1478 674 1504 eum,
698 1476 763 1497 non
788 1464 1018 1496 confundetur.
1063 1464 1154 1495 Haec

176 1520 223 1543 est
242 1523 321 1543 vera
341 1512 487 1542 definitio
506 1510 607 1547 Fidei,
627 1510 668 1540 de
687 1520 752 1550 qua
764 1507 887 1539 Paulus
906 1507 1062 1548 loquitur,
1082 1517 1156 1538 cum

175 1557 218 1587 ait
244 1554 367 1592 lGalat.
391 1554 429 1592 3,
452 1553 536 1591 -24,]:
571 1552 650 1582 Fide
672 1551 896 1582 iustificantur.
940 1549 982 1580 Et
1010 1560 1156 1590 compre-

174 1599 286 1629 hendit
308 1596 432 1629 Paulus
459 1594 554 1627 simul
582 1596 615 1625 in
642 1595 788 1634 potentia
817 1593 983 1635 cogitante
1012 1593 1156 1623 notitiam

176 1648 206 1673 et
225 1651 410 1678 assensum,
431 1647 462 1671 et
482 1641 515 1670 in
535 1637 704 1669 voluntate
721 1636 884 1668 fiduciam.
914 1635 1091 1666 Sciendum
1105 1641 1156 1665 est

175 1692 281 1715 autem
310 1684 442 1714 notitias
472 1693 548 1713 esse
579 1680 856 1721 apprehensivas,
885 1678 1052 1709 Fiduciam
1075 1687 1155 1709 vero

175 1729 206 1757 in
229 1727 330 1758 corde
347 1733 377 1757 et
394 1725 563 1757 voluntate
581 1733 660 1754 esse
679 1728 811 1759 motum,
831 1732 895 1762 quo
915 1721 1156 1762 acquiescimus

176 1771 206 1801 in
232 1769 360 1799 obiecto
384 1768 604 1810 apprehenso.
641 1765 690 1796 lta
708 1772 839 1796 veteres
859 1765 1021 1801 dixerunt,
1044 1763 1156 1794 Fidem

177 1822 252 1843 esse
276 1813 427 1843 virtutem
450 1810 737 1852 apprehensivam,
761 1809 834 1849 quia
856 1806 976 1837 format
996 1807 1156 1848 imagines

177 1857 305 1886 intuens
335 1855 498 1885 obiectum
513 1855 572 1894 ⁵⁶).
618 1853 685 1884 Sed
713 1849 779 1881 alia
809 1856 860 1881 est
882 1849 971 1879 Fidei
999 1848 1156 1885 definitio,

178 1909 250 1929 cum
275 1898 315 1927 de
339 1896 413 1928 sola
435 1897 549 1927 notitia
573 1895 732 1926 historiae
756 1893 889 1930 dicitur,
917 1891 1024 1933 qualis
1048 1898 1097 1922 est
1123 1892 1155 1921 in

178 1941 298 1981 impiis,
335 1950 419 1980 quae
448 1946 499 1969 est
527 1949 628 1969 nosse
657 1937 829 1969 historiam
862 1942 895 1966 et
928 1935 957 1965 ei
992 1934 1156 1965 assentiri.

178 1983 268 2014 Haec
291 1993 357 2013 non
381 1989 432 2012 est
457 1983 583 2022 integra
611 1980 710 2018 fides,
741 1979 802 2009 sed
829 1976 958 2014 mutila,
988 1978 1063 2018 quia
1091 1986 1156 2007 non

177 2027 356 2056 assentitur
373 2025 584 2066 promissioni
603 2024 732 2055 diw‘nae
751 2022 794 2054 ad
814 2028 846 2052 te
864 2021 1049 2061 pertinenti.
1078 2018 1157 2050 Cre-

179 2070 257 2099 dunt
276 2067 408 2098 Diaboli
431 2074 461 2098 et
481 2067 577 2098 Iudas
601 2067 853 2106 promissionem
879 2062 1157 2094 reconciliationis

178 2110 251 2141 aliis
273 2110 393 2148 offerri,
413 2111 473 2141 sed
493 2120 557 2140 non
576 2110 648 2141 sibi.
677 2109 751 2140 Non
770 2109 869 2150 igitur
887 2106 1024 2138 credunt
1043 2115 1157 2136 omnes

179 2242 225 2268 52)
244 2244 328 2266 tamen
347 2243 443 2266 tantum
464 2241 515 2271 est]
551 2241 622 2265 Editt.
654 2240 759 2264 18-19,
779 2239 888 2262 22-2-1.
908 2237 1017 2261 26-29,
1038 2235 1156 2260 31ὴ33..

247 2276 300 2300 Det'.
325 2277 344 2298 l.
364 2278 461 2300 tantum
481 2278 528 2303 est,
548 2275 619 2300 Editt.
640 2275 679 2299 30.
699 2274 739 2297 34.
761 2277 847 2299 tamen
867 2276 906 2297 est

180 2328 224 2354 5:51
247 2326 390 2357 unicuique]
412 2327 484 2351 Editt.
508 2326 614 2350 16-21).
633 2326 673 2349 23.
695 2326 744 2350 25..
763 2325 818 2350 Des.
842 2325 862 2347 l.
885 2324 907 2346 2.
929 2324 1017 2353 cuique

180 2380 225 2407 54)
245 2379 287 2403 Dei
306 2379 384 2403 abest
401 2378 436 2403 ab
454 2377 526 2402 Editt.
549 2377 656 2400 16—20.
677 2377 716 2401 23.
735 2376 799 2404 Defi,
820 2377 841 2400 1.
860 2376 881 2400 2.

823 97 934 129 PHIL.
958 97 1061 130 MEL.
1085 95 1271 128 SCRIPTA
1288 95 1564 129 DOGMATICA.

2091 97 2175 130 1080

1197 189 1354 222 articulos
1378 190 1471 227 fidei,
1499 190 1560 221 sed
1589 189 1746 221 abiiciunt
1769 188 1958 221 articulum:
1991 189 2100 223 Credo
2122 202 2173 223 re-

1197 233 1384 264 missionem
1414 238 1645 274 peccatorum,
1675 230 1800 264 scilicet
1828 232 1909 264 Mihi
1938 243 2070 275 quoque
2097 245 2174 276 pro·

1197 286 1332 307 missam
1355 286 1439 306 esse.

1283 317 1491 349 DILECTIO
1529 324 1582 348 est
1619 317 1807 348 obedientia
1849 319 2031 349 secundum
2065 320 2174 350 onmia

1198 366 1372 401 praecepta
1406 360 1468 391 Dei
1503 371 1577 391 cum
1610 359 1674 390 fide
1710 366 1742 390 et
1776 359 1895 391 fiducia
1928 361 2176 392 misericordiae

1198 408 1332 443 propter
1359 402 1574 434 Mediatorem
1604 403 1787 442 promissae
1816 409 1849 433 et
1876 401 1999 434 laetitia
2026 404 2058 434 in
2087 403 2174 435 Deo.

1199 446 1281 476 Nam
1300 446 1328 475 1.
1348 446 1478 476 loannis
1497 445 1528 475 5.
1549 448 1614 483 [vs.
1629 444 1672 482 3.]
1697 444 1833 476 dicitur:
1866 444 1957 476 Haec
1976 451 2026 476 est
2044 444 2175 477 dilectio

1199 488 1273 525 Dei,
1296 488 1449 518 mandata
1472 488 1541 518 eius
1560 497 1706 518 servare.
1746 487 1816 518 Nec
1838 486 1914 518 mihi
1937 486 2087 528 displicet
2108 489 2175 519 hue

1198 530 1440 561 accommodari
1457 531 1594 561 dictum:
1614 529 1708 561 Deus
1726 536 1777 561 est
1789 529 1931 567 dilecti0‚
1948 530 1981 561 id
1998 537 2061 567 est,
2079 530 2174 562 Deus

1198 579 1248 603 est
1272 582 1398 603 summe
1421 571 1560 613 diligens
1583 583 1646 603 nos
1668 579 1803 613 propter
1825 571 1941 603 Filium
1969 571 2025 604 tali
2049 573 2177 612 ordine,

1198 613 1325 655 qualem
1341 616 1384 648 ⁵⁷)
1408 615 1510 654 ipsius
1533 616 1693 655 sapientia
1716 616 1839 653 sanxit,
1869 621 1901 646 et
1930 616 1962 646 in
1984 616 2080 646 nobis
2103 613 2175 646 effi-

1199 658 1242 688 cit
1254 659 1301 698 55)
1326 656 1424 688 talem
1448 655 1655 687 dilectionem
1678 663 1710 688 et
1734 658 1892 695 ordinem,
1917 656 2023 698 qualis
2046 658 2079 689 in
2101 659 2176 698 ipso

1198 706 1260 730 est.
1305 700 1371 731 Sed
1395 706 1503 730 tamen
1531 705 1661 739 oportet
1688 700 1829 731 discerni
1852 699 2043 731 Creatorem
2066 700 2175 732 Deum

1199 748 1230 773 et
1249 749 1432 779 creaturas,
1451 748 1483 772 ut
1502 741 1609 772 Deum
1627 742 1660 771 in
1676 742 1808 783 Angelo
1827 742 2024 774 efficientem
2044 744 2175 784 sapien·

1198 785 1274 815 tiam
1299 791 1329 815 et
1353 783 1620 825 dilectionem59),
1643 794 1728 825 quae
1752 791 1828 815 sunt
1850 784 1908 816 lux
1932 785 2039 816 aDeo
2063 792 2176 817 creata

1199 833 1230 858 et
1254 838 1406 857 accensa.

1285 869 1391 900 SPES
1416 876 1466 900 est
1491 875 1581 900 certa
1604 870 1788 910 expectatio
1811 870 1897 900 vitae
1919 876 2074 901 aeternae
2099 879 2175 911 pro-

1198 919 1270 954 pter
1288 912 1503 943 Mediatorem
1522 913 1626 954 gratis
1645 912 1774 943 dandae
1789 914 1844 953 ⁶⁰),
1868 918 1899 943 et
1918 918 1969 944 est
1990 913 2175 953 expectatio

1198 955 1409 996 mitigationis
1434 953 1655 986 calamitatum
1673 955 1706 985 in
1724 954 1788 986 hac
1808 956 1876 985 vita
1893 955 1984 986 iuxta
2003 953 2176 986 consilium

1198 997 1272 1028 Dei.
1313 997 1364 1028 Ac
1389 998 1601 1028 observanda
1625 1002 1676 1027 est
1699 996 1880 1028 differentia
1902 998 1987 1028 inter
2007 997 2121 1028 Fidem
2143 1003 2176 1029 et

1199 1040 1307 1081 Spem.
1352 1039 1450 1070 Fides
1474 1040 1641 1081 agnoscit,
1664 1038 1733 1070 vult
1755 1046 1788 1071 et
1809 1041 1927 1081 accipit
1949 1040 2176 1071 remissionem

1199 1089 1231 1114 et
1254 1081 1553 1114 reconciliationem
1581 1083 1615 1112 in
1636 1083 1840 1123 praesentia,
1869 1093 1942 1114 cum
1971 1083 2073 1114 eorda
2094 1083 2176 1114 vivi-

1198 1126 1338 1157 ficantur
1366 1135 1425 1165 per
1453 1124 1569 1156 Filium
1593 1124 1657 1155 Dei
1685 1125 1717 1155 in
1746 1126 1943 1165 pavoribuS,
1974 1136 2070 1166 quem
2094 1125 2178 1156 Fide

1197 1169 1372 1199 intuentur.
1402 1168 1487 1208 Spes
1507 1173 1558 1198 est
1570 1166 1657 1198 velle
1675 1166 1818 1199 futuram
1835 1166 2072 1206 liberationem,
2090 1177 2176 1209 quae

1198 1212 1341 1241 nondum
1365 1211 1476 1248 adest,
1505 1216 1535 1241 et
1558 1210 1771 1251 acquiescere
1794 1210 1907 1241 oblato
1937 1209 2047 1241 futuro
2077 1211 2177 1241 bono.

1197 1255 1271 1284 Non
1290 1254 1375 1283 enim
1393 1253 1575 1293 acquiescit
1592 1251 1758 1289 voluntas,
1776 1253 1839 1283 nisi
1857 1254 1944 1284 bono
1959 1252 2069 1293 aliquo
2086 1262 2178 1283 mon-

1198 1302 1304 1327 strato
1332 1305 1392 1326 seu
1415 1295 1581 1335 praesenti
1603 1293 1657 1324 vel
1679 1293 1799 1325 futuro.
1845 1294 2008 1325 Usitatum
2036 1300 2087 1324 est
2113 1294 2174 1324 has

1198 1346 1265 1369 tres
1294 1338 1462 1368 nominare
1486 1338 1624 1367 w’rtutes
1648 1335 1885 1376 Theologicas‚
1915 1336 2048 1374 fidem,
2075 1336 2176 1377 Spem

1198 1388 1228 1412 et
1254 1379 1483 1410 Dilectionem.
1524 1378 1592 1408 Sed
1615 1383 1690 1408 sunt
1718 1377 1804 1408 aliae
1831 1377 1953 1408 multae
1979 1379 2011 1408 in
2035 1377 2178 1419 singulis

1197 1422 1419 1457 necessariae,
1443 1430 1527 1460 quae
1550 1425 1659 1450 tamen
1682 1420 1724 1450 ad
1746 1419 1807 1450 has
1829 1419 1945 1450 referri
1967 1425 2122 1460 possunt.

1284 1462 1519 1494 PATIENTIA
1543 1468 1594 1493 est
1616 1460 1704 1492 velle
1727 1463 1860 1493 obedire
1882 1462 1956 1493 Deo
1979 1463 2012 1493 in
2034 1461 2176 1493 toleran-

1199 1508 1248 1538 dis
1273 1507 1438 1543 adversis,
1463 1515 1548 1546 quae
1572 1505 1658 1535 iubet
1679 1503 1782 1542 ferre,
1806 1511 1838 1536 et
1859 1504 1939 1535 nihil
1961 1510 2095 1545 propter
2118 1505 2178 1536 do·

1198 1549 1301 1580 lorem
1325 1548 1438 1580 facere
1462 1553 1575 1578 contra
1598 1548 1668 1578 eius
1691 1548 1855 1585 mandata,
1879 1558 1945 1579 non
1969 1547 2112 1578 deficere
2133 1548 2177 1578 ab

1198 1594 1288 1633 ipso,
1320 1602 1386 1622 non
1410 1601 1504 1622 ruere
1532 1591 1565 1620 in
1589 1591 1851 1630 desperationem
1874 1597 1905 1621 et
1929 1590 2037 1621 odium
2059 1590 2175 1630 ipsius,

1198 1646 1264 1667 non
1288 1635 1406 1665 iniuste
1426 1633 1557 1664 laedere
1575 1633 1724 1664 homines
1742 1638 1877 1673 propter
1896 1631 2056 1670 dolorem,
2078 1631 2175 1663 simu]

1201 1679 1296 1709 etiam
1323 1678 1356 1708 in
1380 1675 1564 1707 calamitate
1590 1676 1731 1706 retinere
1757 1675 1854 1706 fidem
1884 1681 1914 1706 et
1944 1685 2035 1716 spem
2062 1674 2177 1706 auxilii

1201 1721 1317 1757 divini,
1347 1726 1377 1750 et
1408 1720 1440 1750 in
1469 1718 1532 1749 hac
1559 1718 1624 1749 fide
1653 1724 1684 1748 et
1712 1728 1772 1759 spe
1797 1718 1919 1749 sentire
1941 1717 2176 1759 mitigationem

1201 1762 1341 1799 doloris,
1372 1763 1457 1793 sicut
1483 1760 1607 1792 Paulus
1636 1761 1739 1802 inquit
1771 1760 1922 1802 [Philipp.
1946 1761 1983 1798 4,
2013 1760 2070 1798 7.]:
2105 1759 2175 1790 Pax

1200 1806 1264 1837 Dei
1293 1806 1453 1847 gubernet
1484 1805 1584 1834 corda
1613 1809 1736 1834 vestra.
1781 1803 1821 1834 Et
1846 1803 1969 1834 Iesaias
1993 1802 2060 1842 [30,
2087 1802 2174 1842 15.]:

1201 1849 1235 1879 ln
1259 1847 1388 1879 silentio
1413 1853 1445 1877 et
1468 1857 1528 1887 spe
1551 1845 1708 1877 fortime
1730 1852 1852 1877 vestra.

1287 1889 1454 1921 GLORIA
1477 1897 1527 1920 est
1549 1889 1743 1929 approbatio
1767 1889 1986 1920 conscientiae
2016 1893 2105 1919 recte
2130 1887 2178 1918 iu-

1201 1934 1340 1965 dicantis
1359 1939 1389 1964 et
1410 1931 1547 1963 aliorum
1565 1938 1656 1962 recte
1673 1931 1892 1962 iudicantium.
1917 1930 1969 1961 De
1987 1929 2050 1960 hac
2066 1928 2173 1971 gloria

1201 1977 1317 2007 dicitur
1338 1976 1369 2006 2.
1394 1974 1470 2006 Cor.
1496 1975 1524 2005 l.
1556 1977 1618 2013 [vs.
1644 1974 1706 2012 12]
1752 1973 1843 2004 Haec
1867 1979 1918 2003 est
1940 1971 2092 2014 gloriatio
2115 1981 2175 2002 no-

1202 2025 1281 2057 stra,
1305 2018 1524 2050 testimonium
1548 2017 1770 2048 conscientiae
1792 2021 1936 2046 nostrae.
1981 2014 2023 2045 Et
2046 2013 2120 2045 Gal.
2142 2013 2174 2045 6.

1203 2064 1266 2102 [vs.
1290 2062 1333 2099 4.]
1376 2060 1468 2102 Opus
1495 2070 1589 2091 suum
1619 2060 1737 2100 probet
1764 2058 2005 2099 unusquisque,
2035 2062 2068 2088 et
2096 2062 2176 2088 tunc

1203 2105 1340 2147 gloriam
1362 2103 1496 2134 habebit
1519 2102 1605 2142 apud
1628 2111 1720 2140 sese,
1750 2107 1781 2132 et
1810 2110 1876 2131 non
1900 2100 1986 2141 apud
2011 2098 2114 2137 alios,
2142 2099 2175 2129 id

1203 2153 1263 2184 est,
1281 2147 1516 2187 Unusquisque
1535 2151 1624 2175 recte
1641 2143 1740 2176 faciat
1755 2142 1866 2174 officia
1878 2143 2062 2173 vocationis
2079 2151 2174 2179 suae,

1203 2191 1289 2232 quod
1314 2200 1388 2221 cum
1409 2187 1503 2225 facit,
1530 2187 1664 2219 habebit
1688 2187 1775 2229 apud
1803 2196 1840 2217 se
1869 2184 2021 2228 gloriam,
2050 2185 2083 2216 id
2113 2190 2174 2222 est,

1201 2321 1246 2351 57)
1267 2320 1380 2351 qualem]
1400 2320 1472 2345 Editt.
1493 2319 1600 2343 16—19.
1620 2320 1661 2343 23.
1681 2319 1749 2350 quali

1175 2356 1179 2403 Ι
1200 2372 1245 2401 58)
1266 2371 1353 2402 efficit]
1369 2371 1441 2396 Editt,
1464 2370 1573 2395 16-19,
1593 2371 1632 2396 23.
1651 2370 1766 2396 efficiens

180 2430 225 2459 55)
246 2433 271 2454 et
289 2429 433 2453 accedimus
452 2427 573 2459 adIDeuni
595 2441 706 2445 ———
725 2428 796 2452 Abba
814 2430 894 2457 pater,
913 2427 1016 2452 absunt
1034 2426 1069 2451 ab
1082 2425 1154 2450 Editt.
1175 2407 1178 2416 ¹
1199 2424 1245 2453 59)
1262 2423 1342 2449 Deum
1363 2423 1386 2447 in
1406 2423 1501 2452 Angelo
1521 2422 1675 2447 efficientem
1694 2421 1846 2452 sapientiam
1865 2423 1889 2445 et
1902 2419 2083 2450 dilectionem]
2100 2418 2172 2444 Editt.

251 2463 356 2488 16—19.
375 2463 485 2485 22-24.
506 2462 625 2492 26—34.‚
643 2462 697 2487 Det.
723 2464 742 2486 l.

182 2516 226 2542 5⁸)
247 2515 304 2545 quia
324 2515 416 2539 format
435 2514 559 2543 imagines
578 2514 679 2538 intuens
698 2512 844 2543 obiectum]
860 2512 932 2537 Editt.
956 2512 985 2534 16
1006 2525 1037 2529 -
1059 2510 1096 2535 19.
1116 2510 1155 2534 23.

251 2550 307 2579 quia
325 2549 435 2573 formant
454 2549 577 2577 imagines
597 2548 702 2572 obiecto.

1270 2457 1299 2480 16
1313 2471 1344 2474 -
1360 2457 1397 2482 19.
1417 2457 1456 2479 23.
1491 2458 1570 2481 Deum
1589 2457 1614 2481 in
1632 2456 1728 2486 Angelo
1746 2455 1898 2480 efficientem
1918 2454 2088 2483 dilectionem,
2106 2456 2131 2477 et
2149 2452 2174 2477 in

1269 2492 1364 2521 Angelo
1383 2491 1535 2521 sapientiam
1554 2493 1579 2515 et
1598 2491 1769 2520 dilectionem,

1200 2543 1246 2573 60)
1266 2544 1346 2573 gratis
1365 2543 1464 2567 dandae
1483 2542 1584 2568 absunt
1602 2542 1637 2567 ab
1655 2541 1727 2566 Editt.
1749 2540 1858 2564 16-19.
1879 2540 1918 2563 23.
