2358 2933
84 137 143 169 381

435 226 497 256 De
530 227 710 266 poenis.

173 302 373 334 Scholastici
415 302 717 342 concupiscentiam
756 299 878 330 faciunt
924 308 1062 337 poenam

87 346 224 386 peccati,
248 355 314 375 non
337 350 519 384 peccatum.
567 345 637 374 Nos
662 341 961 382 concupiscentiam
985 341 1062 370 dici-

88 398 160 418 mus
189 392 220 417 et
249 396 388 426 poenam
417 385 531 427 lapsus
562 386 655 416 Adae
685 391 717 415 et
744 390 917 424 peccatum
946 383 977 412 in
1006 392 1062 412 na-

88 429 266 459 scentibus.
311 428 370 458 Est
389 435 420 458 et
440 439 528 459 mors
546 438 662 468 poena,
686 427 746 457 sed
763 427 938 466 praecipua
956 434 1063 464 poena

88 475 139 500 est
155 470 304 510 tyrannis
325 468 456 505 diaboli,
482 472 533 499 cui
551 471 698 500 subiecta
720 474 770 498 est
788 474 904 498 natura
922 466 1062 497 hominis

88 517 222 552 propter
245 516 427 550 peceatum.
458 510 499 541 Et
522 512 561 540 116
583 509 646 540 1136
670 519 776 548 poena
800 507 1063 547 loquiturGene-

88 554 134 584 sis
159 552 203 590 [3,
228 552 306 590 154.
330 563 405 583 cum
427 553 543 592 inquit:
567 550 776 581 Insidiaberis
801 548 957 579 calcaneo
982 551 1062 591 eius.

89 596 202 627 Saevit
224 595 333 635 itaque
353 593 502 624 diabolus
526 594 557 623 in
581 599 729 622 naturam
752 591 907 628 hominis,
932 596 1062 622 exercet

90 648 160 668 eam
183 637 367 667 terroribus
391 642 423 666 et
446 637 534 665 omni
557 645 678 675 3611616
703 632 941 670 calamitatum,
966 639 1065 673 atque

89 679 240 709 interficit
271 679 378 708 etiam.
430 677 484 709 Ad
512 677 596 707 haec
624 675 759 717 impellit
789 686 860 706 eam
887 676 929 706 ad
958 676 1064 705 omnis

91 721 221 761 generis
245 719 384 760 flagitia,
408 719 450 749 ad
474 718 714 759 blasphemias,
739 718 780 748 ad
804 718 918 758 impias
942 717 1066 757 opinio-

92 771 161 798 nes,
185 762 226 791 ad
249 761 452 802 hypocrisim
477 762 519 791 ad
543 761 673 798 caedes,
698 760 739 790 ad
763 761 838 790 odia
861 765 923 790 etc.
966 759 1065 799 idque

91 813 145 833 res
174 803 317 833 ostendit
347 802 443 833 etiam
468 803 501 832 in
524 803 768 843 praestantibus
792 802 887 839 viris,
917 802 970 842 qui
994 811 1066 830 cum

91 846 211 876 virtute
239 846 352 875 vivere
383 845 508 882 conati,
542 851 650 875 tamen
682 850 816 875 naturae
847 842 1067 874 imbecillitate

93 893 124 918 et
146 888 294 927 potentia
317 885 440 917 diaboli
464 882 556 923 victi,
591 887 773 917 inciderunt
797 887 829 916 in
854 887 946 916 varia
969 885 1067 925 turpi-

93 930 214 960 tudinis
236 939 368 970 genera.

94 1021 366 1057 Testimonia‚
397 1022 504 1061 quod
533 1022 589 1051 sit
623 1027 834 1060 peccatum
864 1019 1068 1060 originis,

454 1077 490 1101 61
521 1071 615 1111 quid
646 1071 710 1100 sit.

130 1144 143 1151 “’
184 1146 303 1178 Ρ531111.
327 1146 378 1176 50.
404 1148 466 1183 {VS-
489 1146 549 1184 7.:]
578 1145 666 1176 Ecce
690 1146 722 1176 in
745 1146 968 1186 iniquitatibus
993 1156 1070 1175 con-

97 1192 212 1232 ceptus
236 1200 319 1226 Silili,
343 1195 374 1218 et
396 1189 428 1218 in
451 1189 597 1228 peccatis
621 1189 773 1228 concepit
796 1197 846 1218 me
867 1194 969 1217 mater
988 1197 1069 1217 mea.

95 1232 257 1273 Deplorat
293 1231 376 1261 enim
410 1240 476 1261 non
509 1231 622 1261 matris
650 1235 838 1271 peccatum,
872 1230 931 1260 sed
965 1240 1070 1259 suum.

95 1274 170 1316 Ego
194 1274 237 1304 ita
261 1278 440 1313 conceptus
464 1283 552 1309 sum,
584 1278 633 1309 ut,
664 1282 735 1302 cum
758 1271 933 1308 formarer,
963 1271 1071 1301 statim

96 1317 128 1346 in
157 1325 228 1345 mea
250 1325 363 1346 massa
384 1324 443 1344 seu
471 1315 503 1344 in
533 1324 584 1344 me
615 1315 685 1354 ipso
716 1314 859 1344 extiterit.
887 1319 1070 1354 peccatum.

96 1354 250 1388 Testatur
272 1356 371 1397 igitur
387 1355 564 1396 Propheta,
587 1361 758 1396 peccatum
782 1365 858 1386 esse
881 1356 912 1386 in
936 1355 1071 1386 homini-

99 1400 171 1436 bus,
194 1399 282 1439 quod
303 1398 482 1429 nascentes
506 1407 618 1428 secum
640 1397 788 1429 afferunt.

182 1440 303 1480 Ephes.
326 1440 357 1470 2.
390 1443 454 1478 [VS.
479 1440 508 1470 3.
519 1442 542 1478 z]
577 1439 716 1471 Eramus
750 1446 867 1471 natura
900 1439 956 1470 filii
990 1441 1071 1476 irae,

97 1484 183 1513 sicut
213 1489 243 1513 et
274 1483 383 1513 ceteri.
434 1481 595 1513 Hebraica
623 1482 760 1512 Phrasis
791 1489 857 1520 est,
892 1481 964 1512 Filii
992 1482 1071 1519 irae,

98 1535 156 1565 pro
184 1525 249 1554 reis
275 1534 334 1554 seu
356 1525 528 1554 damnatis.
568 1524 607 1554 Et
632 1525 709 1555 dicit
733 1523 854 1554 Paulus
878 1524 1000 1564 pariter
1023 1524 1071 1554 Iu-

98 1567 200 1597 daeos
224 1572 255 1596 61
279 1572 394 1607 gentes
418 1572 534 1596 natura
559 1576 634 1597 esse
659 1564 745 1596 filios
769 1567 847 1597 irae.
892 1565 982 1606 Ergo
1006 1576 1072 1596 non

98 1614 222 1638 tantum
257 1607 461 1638 contrahitur
501 1608 665 1638 danmatio
700 1607 882 1638 actualibus
916 1606 1072 1648 peccatis,

98 1651 158 1680 sed
186 1651 281 1680 etiam
312 1651 427 1680 morbo
458 1656 602 1680 naturae.
653 1649 759 1680 Porro
790 1651 821 1680 in
851 1650 968 1680 61111610
996 1649 1072 1680 1060

99 1692 295 1723 describitur
322 1692 511 1733 magnitudo
540 1692 636 1722 huius
666 1692 758 1729 mali,
794 1692 847 1722 ubi
878 1693 971 1729 dicit,
1007 1692 1072 1722 dia-

100 1733 209 1765 bolum
232 1733 402 1765 efficacem
429 1743 504 1764 esse
531 1735 563 1764 in
593 1734 782 1765 incredulis.
828 1734 911 1764 Hinc
934 1733 1071 1774 intelligi

97 1782 228 1817 potest,
256 1787 340 1816 quae
369 1777 409 1806 sit
436 1777 614 1816 praecipua
641 1786 749 1816 poena
776 1777 900 1816 peccati
925 1777 1071 1817 originis,

98 1828 194 1859 quam
221 1828 383 1859 nusquam
406 1819 569 1859 attingunt
594 1817 791 1849 Scholastici
814 1819 846 1849 in
870 1819 938 1849 suis
963 1819 1071 1859 dispu-

98 1861 286 1891 tationibus.
339 1860 376 1890 Et
415 1861 545 1901 quidem
579 1861 619 1890 de
652 1859 714 1891 hac
748 1870 872 1900 poena,
907 1860 1071 1898 videlicet,

98 1903 187 1943 quod
209 1902 357 1933 homines
380 1903 445 1932 sint
470 1903 608 1933 subiecti
638 1912 742 1944 regno
766 1909 798 1933 et
822 1904 985 1944 tyrannidi
1006 1904 1070 1933 dia-

99 1944 177 1981 boli,
200 1945 375 1985 praecipue
387 1945 581 1975 admonendi
595 1952 686 1975 erant
700 1944 860 1982 homines,
878 1952 924 1983 ut,
940 1947 1071 1986 cognita

98 1988 321 2028 magnitudine
350 1986 442 2024 mali,
476 1985 732 2028 intelligeremus
762 1988 921 2018 beneficio
951 1987 1072 2018 Christi

98 2039 183 2069 opus
207 2039 292 2060 esse.

183 2071 278 2101 Rom.
308 2072 338 2101 ὖ.
376 2075 456 2107 iuss.
483 2072 532 2101 12.
558 2071 620 2108 154
662 2071 767 2102 Unius
802 2071 922 2102 delicto
958 2082 1071 2103 0011165

98 2114 214 2143 10011111
254 2119 339 2143 sunt.
394 2113 484 2154 Ergo
526 2113 579 2143 alii
621 2121 696 2143 sunt
732 2115 777 2144 rei
810 2121 946 2154 propter
979 2115 1072 2145 Adac

97 2154 234 2195 lapsum.
279 2155 321 2185 Et
350 2155 455 2185 addit:
487 2155 579 2186 Mors
602 2157 746 2195 pervasit
777 2157 807 2186 in
832 2167 961 2193 01111165,
996 2158 1072 2197 quia

98 2207 212 2228 01111165
247 2204 480 2238 peccaverunt.
526 2197 686 2229 Hebraica
721 2198 852 2239 phrasis
887 2206 954 2237 est,
991 2199 1071 2230 Pec-

98 2246 265 2277 caverunt,
290 2250 348 2279 pro
366 2241 412 2269 rei
432 2247 519 2276 sunt,
544 2250 602 2270 seu
619 2247 790 2280 peecatum
808 2241 939 2272 habent.
975 2242 1071 2277 Quod

97 2283 125 2312 si
147 2288 271 2312 tantum
295 2281 439 2313 actualia
456 2282 575 2313 delicta
596 2290 708 2313 essent
727 2290 875 2323 peccata,
898 2285 1071 2325 unusquis-

97 2334 160 2365 que
171 2331 296 2355 tantum
310 2335 385 2355 reus
399 2332 489 2355 esset
502 2326 552 2355 sui
564 2323 651 2355 facti.
675 2325 770 2356 Nunc
787 2336 859 2356 cum
873 2325 961 2358 clare
975 2328 1071 2364 dicat,

97 2376 158 2396 nos
182 2377 257 2397 reos
277 2377 353 2397 esse
373 2374 507 2408 propter
519 2367 613 2397 Adae
632 2366 796 2405 delictum,
822 2375 961 2400 testatur
984 2369 1071 2400 aliud

97 2409 259 2448 quoddam
284 2411 315 2439 10
340 2416 458 2440 natura
481 2416 653 2449 peccatum
678 2420 752 2439 esse
777 2416 907 2450 praeter
930 2410 1071 2442 actualia

97 2449 225 2482 delicta.
258 2451 297 2481 Et
321 2462 363 2482 ne
385 2453 416 2482 id
441 2458 613 2492 peccatum
635 2450 835 2492 intelligatur
858 2459 981 2484 tantum
1001 2465 1070 2484 rea-

98 2499 165 2529 tus.-
205 2494 351 2533 pondera
384 2493 500 2524 horum
532 2495 705 2524 verborum
741 2495 949 2526 observanda
983 2502 1070 2533 sunt,

99 2534 270 2565 Peccatum
284 2537 443 2576 regnavit,
468 2536 558 2566 Mors
576 2537 735 2576 regnavit.
762 2542 791 2565 61
807 2536 932 2567 similia.
964 2538 1070 2578 Signi-

542 135 565 165 1.
584 134 685 165 Loci
704 132 978 164 THEOLOGICI:
1003 132 1040 162 C.
1059 131 1269 163 SECUNDA
1287 130 1443 161 EORUM
1461 131 1616 163 AETAS.

2018 131 2081 163 382

1107 222 1182 252 {icat
1217 223 1300 252 enim
1328 223 1477 253 homines
1507 231 1687 262 oppressos
1722 231 1797 252 esse
1826 222 1874 252 ira
1902 221 1981 259 Dei,
2015 232 2082 252 non

1107 263 1230 294 habere
1260 265 1387 295 firmam
1409 265 1473 295 Dei
1495 265 1659 300 notitiam,
1693 264 1804 293 odisse
1833 269 1865 293 et
1893 262 2009 304 fugere
2034 264 2081 294 iu-

1108 306 1224 336 dicium
1243 306 1323 343 Dei,
1352 307 1433 336 mori
1456 305 1710 346 perterrefactos
1740 305 1858 335 iudicio
1883 305 1957 335 Dei.
1991 305 2083 336 Sicut

1108 348 1206 387 inquit
1232 348 1354 378 Paulus
1380 349 1424 386 [l.
1438 349 1515 379 Cor.
1530 347 1676 385 15,56.]:
1701 346 1848 378 Aculeus
1870 347 1984 377 mortis
2006 356 2082 387 pec-

1109 396 1216 419 catum
1241 396 1301 419 est.

1194 431 1283 461 Ioan.
1307 432 1338 462 3.
1369 435 1433 470 [vs.
1457 432 1487 462 5.
1499 435 1519 470 :]
1549 431 1618 461 Nisi
1651 431 1724 470 quis
1753 437 1885 461 renatus
1913 429 2012 460 fuerit
2044 439 2084 459 ex

1109 483 1194 513 aqua
1217 479 1247 503 et
1272 474 1405 514 spiritu,
1429 484 1494 503 11011
1517 478 1626 513 potest
1650 473 1770 503 intrare
1792 473 1825 502 in
1849 481 1986 511 regnum
2008 470 2082 500 Dei.

1110 515 1145 545 Si
1169 525 1252 555 opus
1277 523 1325 546 est
1356 516 1620 556 regeneratione,
1650 524 1730 555 ergo
1760 520 1854 544 vetus
1884 519 1999 543 natura
2026 522 2085 542 rea

1110 563 1159 585 est
1184 563 1215 586 et
1237 558 1410 587 immunda.

1196 597 1278 628 Gen.
1298 599 1328 629 S.
1354 599 1514 637 [vs.2l.:]
1541 597 1705 637 Cogitatio
1725 597 1855 627 humani
1873 596 1981 626 cordis
2000 593 2086 625 mala

1110 645 1161 669 est
1184 650 1204 669 a
1225 641 1375 679 pueritia.
1422 640 1594 681 Significat
1623 640 1707 670 enim
1730 648 1796 669 non
1819 637 1925 668 solum
1949 646 2085 667 consue-

1110 681 1222 712 tudine
1256 681 1376 712 delicta
1408 682 1574 719 contrahi,
1609 683 1667 712 sed
1701 682 1732 710 in
1767 687 1884 711 natura
1916 684 2086 719 peccatum

1112 733 1200 761 esse,
1223 725 1312 764 quod
1335 725 1443 754 statim
1468 725 1606 763 erumpit
1629 725 1670 754 ab
1694 723 1795 753 initio.

1198 765 1269 796 Huc
1281 767 1421 806 pertinet
1434 772 1464 797 et
1476 766 1616 797 Hiercm.
1627 766 1678 803 [17
1683 788 1691 803 ,
1703 765 1746 802 9.1
1761 766 1934 795 sententia:
1947 765 2088 795 Pravum

1114 815 1165 838 est
1189 818 1247 837 cor
1270 808 1412 839 hominis
1436 815 1467 839 et
1490 806 1713 839 inscrutabile.
1750 807 1815 838 Sed
1838 806 2010 847 plurinmm
2031 817 2087 837 va-

1114 849 1182 880 lent
1209 851 1241 880 in
1268 850 1331 881 hac
1361 861 1462 882 causa
1490 850 1583 881 Pauli
1614 850 1794 881 sententiae
1824 849 1917 879 Rom.
1942 849 1972 878 7.
2002 854 2035 879 et
2056 848 2086 878 8.

1113 902 1197 932 quae
1224 898 1385 923 testantur
1414 899 1586 933 peccatum
1614 902 1700 923 esse.
1747 891 1884 922 Constat
1909 892 1993 921 enim
2017 900 2090 920 eum

1114 935 1157 965 ibi
1179 944 1245 964 non
1268 941 1393 965 tantum
1416 934 1554 965 actualia
1579 933 1698 965 delicta
1720 944 1896 971 accusare,
1927 936 1987 964 sed
2010 941 2085 974 pec—

1115 982 1223 1006 catum
1244 976 1386 1007 haerens
1410 978 1442 1006 in
1464 977 1636 1014 membris,
1666 977 1706 1006 de
1730 986 1793 1017 quo
1818 977 1909 1006 dicit:
1954 976 2087 1006 Invenio

1114 1017 1212 1048 aliam
1239 1016 1347 1059 legem
1375 1019 1406 1048 in
1430 1020 1582 1049 membris
1613 1024 1847 1059 repugnantem
1876 1017 1940 1057 legi
1971 1019 2088 1048 mentis

1115 1069 1217 1089 meae.
1259 1059 1354 1090 ltem:
1380 1060 1488 1091 Carne
1504 1062 1611 1091 servio
1626 1061 1691 1101 legi
1713 1061 1851 1100 peccati.
1889 1059 1983 1089 Item:
2008 1059 2087 1089 Sen-

1115 1111 1173 1131 sus
1205 1102 1314 1131 631015
1345 1112 1434 1132 mors
1464 1109 1513 1133 est
1543 1109 1573 1133 et
1600 1103 1763 1133 inimicitia
1785 1103 1946 1133 adversus
1970 1101 2087 1138 Deum,

1115 1153 1177 1173 1161·
1200 1150 1311 1182 potest
1334 1143 1400 1185 legi
1423 1144 1485 1175 Dei
1510 1146 1652 1175 obedire.

1202 1185 1292 1216 Haec
1315 1185 1389 1216 loca
1411 1193 1583 1227 utrumque
1606 1188 1740 1225 docent,
1771 1194 1801 1217 et
1824 1188 1915 1218 nasci
1939 1186 2088 1218 homines·

1118 1237 1191 1257 culn
1220 1235 1374 1266 peccato,
1407 1230 1483 1269 quia
1512 1236 1601 1260 certe
1630 1230 1895 1269 concupiscentia
1917 1230 2089 1260 nobiscum

1117 1270 1275 1307 nascitur,
1299 1276 1330 1300 61
1354 1276 1516 1302 testantur
1533 1278 1702 1311 peecatum
1720 1272 1856 1313 originis
1882 1281 1947 1301 non
1966 1277 2089 1302 tantum

1118 1320 1195 1341 esse
1224 1318 1366 1350 reatum,
1400 1314 1461 1343 sed
1489 1314 1586 1344 etiam
1620 1315 1768 1344 morbum
1801 1315 1832 1343 in
1867 1314 1939 1353 ipsa
1973 1319 2090 1343 natura

1116 1352 1316 1384 haerentem.
1346 1355 1415 1385 Nec
1427 1354 1539 1393 refert,
1562 1362 1669 1386 utrum
1682 1356 1768 1386 hunc
1781 1356 1929 1386 morbum
1940 1354 2089 1395 appelles

1118 1394 1297 1433 defectum,
1336 1407 1378 1427 an
1408 1399 1722 1438 concupiscentiamz
1752 1408 1867 1429 revera
1900 1398 1983 1428 enim
2011 1396 2091 1429 nihil

1116 1438 1269 1475 interest,
1303 1439 1331 1469 si
1366 1439 1528 1471 defectum
1561 1441 1740 1481 prudenter
1772 1440 1951 1481 intelligas.
2002 1440 2090 1470 Nihil

1118 1481 1180 1510 dici
1203 1481 1338 1521 gravius
1362 1487 1491 1521 potest,
1522 1493 1619 1523 quam
1642 1481 1724 1513 tales
1748 1481 1896 1513 desectus
1919 1483 1951 1513 in
1974 1489 2090 1513 natura

1118 1532 1204 1560 esse,
1228 1523 1551 1563 ignorationemDei,
1576 1535 1695 1556 vacare
1706 1532 1803 1564 metu,
1828 1527 1956 1563 fiducia,
1980 1536 2090 1557 amore

1118 1565 1191 1595 Dei.
1236 1564 1325 1596 Nulli
1348 1568 1452 1597 morbi
1477 1568 1648 1608 graviores
1672 1569 1830 1599 nominari
1852 1575 2006 1609 possunt.

1206 1607 1294 1638 Haec
1329 1609 1369 1638 116
1403 1617 1541 1648 peccato
1572 1611 1706 1651 originis
1740 1621 1819 1642 vera
1853 1617 1883 1641 61
1917 1611 2091 1651 perspicua

1118 1656 1211 1686 sunt,
1252 1657 1284 1680 et
1325 1657 1549 1693 consentanea
1586 1654 1756 1693 scripturis
1791 1659 1821 1683 et
1856 1652 2090 1683 ecclesiasticis

1118 1692 1278 1731 patribus.
1335 1693 1402 1723 Sed
1435 1695 1520 1724 sicut
1553 1693 1628 1725 olim
1661 1694 1830 1736 Pelagiani
1864 1695 2090 1736 intempestive

1118 1732 1391 1774 philosophantes
1426 1736 1630 1767 sustulerunt
1662 1745 1833 1778 peecatum
1867 1739 2020 1780 originis,
2060 1747 2091 1770 et

1118 1781 1234 1816 postea
1257 1775 1471 1815 Scholastici,
1495 1779 1621 1810 etiamsi
1644 1781 1673 1810 in
1698 1782 1840 1820 speciem
1866 1782 2020 1818 retinent,
2044 1787 2090 1812 ta-

1118 1828 1191 1848 men
1224 1828 1342 1849 revera
1372 1819 1507 1858 tollunt,
1541 1832 1614 1852 cum
1641 1829 1761 1863 negant
1790 1824 2090 1863 concupiscentiam

1117 1867 1289 1900 peccatum
1312 1871 1403 1899 esse,
1428 1869 1457 1893 61
1483 1863 1609 1904 tingunt
1632 1864 1794 1894 hominem
1816 1875 1915 1904 posse
1938 1864 2002 1905 legi
2025 1865 2088 1895 Dei

1118 1901 1330 1933 satisfacere:
1376 1904 1423 1935 Ita
1445 1912 1519 1935 sunt
1549 1912 1580 1935 et
1602 1906 1654 1936 his
1678 1907 1876 1947 temporibus
1900 1905 1990 1936 multi
2012 1906 2089 1937 levi-

1118 1952 1166 1975 ter
1190 1946 1287 1982 docti,
1311 1947 1364 1986 qui
1388 1948 1532 1978 suaviter
1556 1949 1702 1979 derident
1725 1948 1823 1986 haec,
1846 1958 1929 1989 quae
1952 1949 2088 1981 diximus

1119 1988 1158 2018 de
1188 1995 1326 2028 peccato
1355 1990 1502 2031 originis.
1555 1991 1637 2026 Quia
1667 1991 1751 2022 enim
1779 1992 1861 2023 ratio
1892 2003 1958 2024 non
1987 1995 2089 2024 cernit

1116 2030 1202 2060 hanc
1231 2030 1447 2062 infirmitatem
1475 2042 1549 2063 esse
1579 2044 1647 2064 rem
1677 2034 1860 2065 danmatam
1888 2041 1918 2065 et
1944 2035 2088 2075 philoso-

1117 2071 1193 2112 phia
1223 2072 1300 2102 nihil
1330 2074 1449 2105 iudicat
1477 2085 1551 2105 esse
1582 2076 1749 2109 vitiosum.
1784 2078 1870 2117 quod
1893 2087 1958 2108 non
1982 2084 2032 2109 est
2056 2080 2087 2109 in

1117 2121 1280 2155 potestate
1304 2123 1430 2154 nostra,
1462 2118 1535 2148 ideo
1560 2117 1716 2159 6011131101
1740 2120 1901 2156 absurda,
1937 2130 2020 2160 quae
2042 2121 2088 2150 vi-

1117 2158 1234 2187 dentur
1258 2157 1393 2188 haerere
1416 2159 1447 2189 in
1467 2165 1582 2191 nostra
1602 2162 1773 2197 sententia,
1797 2171 1899 2201 eaque
1918 2161 2014 2192 valde
2034 2173 2088 2192 ex-

1115 2201 1254 2240 agitant,
1289 2207 1319 2231 et
1348 2200 1433 2231 hanc
1464 2208 1563 2233 totam
1587 2202 1757 2233 Ecclesiae
1786 2204 1981 2234 sententiam
2009 2204 2087 2234 iudi-

1117 2249 1191 2272 cant
1232 2252 1307 2272 esse
1345 2254 1467 2274 merum
1509 2244 1763 2276 deliramentum.
1818 2246 1991 2276 Adversus
2025 2245 2087 2276 hos

1117 2283 1208 2314 leves
1232 2286 1364 2324 spiritus
1394 2286 1566 2327 diligenter
1594 2288 1753 2317 muniendi
1783 2293 1857 2318 sunt
1885 2288 1982 2318 animi
2008 2290 2087 2318 scri-

1117 2333 1232 2366 pturae
1262 2329 1471 2366 testimoniis,
1506 2340 1589 2370 quae
1619 2330 1806 2367 citavimus,
1841 2336 1872 2359 et
1901 2331 2085 2368 videndum,

1118 2380 1156 2399 ne
1187 2380 1224 2399 ca
1253 2371 1347 2400 nobis
1380 2372 1540 2402 excutiant
1572 2373 1709 2402 istorum
1738 2371 1960 2402 calumniosae
1990 2373 2086 2402 inter-

1116 2412 1334 2452 pretationes,
1369 2414 1422 2452 qui
1454 2413 1685 2444 transformant
1715 2415 1893 2444 sententias
1923 2414 1962 2443 de
1985 2415 2084 2444 rebus

1091 2454 1339 2498 :spiritualibus
1371 2462 1400 2484 et
1431 2456 1560 2485 arcanis
1591 2456 1696 2486 dictas
1726 2456 1755 2485 in
1785 2455 2025 2495 philosophiam
2055 2462 2084 2485 et

1116 2495 1228 2526 civiles
1253 2498 1432 2535 opiniones.

1199 2538 1329 2575 Restat,
1355 2545 1385 2569 ut
1411 2539 1547 2580 vulgare
1571 2540 1690 2570 dictum
1715 2540 1972 2578 interpretemur,
1996 2539 2083 2579 quod
