2358 2933
245 111 302 143 3231

401 215 460 235 nes
486 206 600 245 partim
624 215 642 234 a
667 206 792 235 ratione.
811 206 976 237 oriuntur.
1012 207 1083 236 sin·
1115 208 1218 237 verbo
1265 208 1394 245 ononi-e,
1407 208 1435 238 is
1458 218 1524 238 non
1547 214 1657 249 potest
1680 219 1745 239 non
1770 219 1890 240 errare.
1921 210 1997 241 ldeo
2014 221 2081 242 non

401 248 462 277 dei.
497 249 612 286 partim
647 258 665 276 a
689 245 773 287 lege.
820 248 897 277 ldeo
922 248 1139 288 imaginantur
1161 249 1218 279 ho-
1263 251 1408 281 sinamus
1427 261 1490 281 nos
1509 251 1549 281 ab
1574 250 1757 292 Evangelio
1781 251 1888 283 avelli.
1909 262 1949 283 ac
1973 259 2080 283 caete-

400 291 502 319 mines
532 299 665 318 causam
696 288 865 320 electionis
894 299 969 319 esse
999 296 1146 321 nostram
1173 292 1217 322 di-
1263 303 1318 323 ras
1342 294 1590 333 supputationes
1614 292 1730 333 procul
1761 294 1953 325 reiiciamus.
1999 294 2081 326 Cum

400 332 552 371 gnitatcm
577 342 635 360 seu
660 332 783 361 merita.
830 332 886 362 siv
915 333 999 363 enim
1022 333 1142 364 iudicat
1167 344 1217 364 ra·
1239 344 1241 366 ζ
1262 335 1361 375 igitur
1383 337 1556 374 promissio
1576 336 1617 365 sit.
1641 337 1794 376 gratuita,
1807 342 1896 366 recte
1908 338 2080 367 statuimus

399 375 442 402 tio
466 380 493 401 et
520 372 582 402 lex.
629 372 666 403 Et
693 375 723 402 in
747 373 832 404 han(-
857 376 1050 405 sententiam
1069 375 1139 405 fei—‹¹›
1163 377 1217 407 de·
1238 386 1240 402 ¹
1261 374 1516 408 misericordiam
1540 388 1616 408 esse
1640 388 1773 408 catrsani
1791 377 1970 416 electionis,
1993 380 2081 409 dein-

397 414 549 444 labuntur
589 414 781 446 scholastici
821 417 978 447 doctores
1014 420 1216 448 recentiores
1261 420 1302 449 de
1331 430 1405 450 cum
1435 421 1608 459 promissio
1639 421 1680 450 sit
1712 419 1925 457 universalis,
1950 422 1977 450 si
2007 422 2080 461 quis

395 466 518 486 onmes.
554 458 627 497 quia
653 465 775 489 tantum
799 459 917 489 docent
942 461 1094 490 iustitiam
1118 460 1214 501 legis.
1261 472 1302 492 ex
1319 462 1497 492 universali
1527 461 1757 502 particularem
1787 462 1865 493 volit
1895 462 2028 494 efficere
2054 464 2080 493 is

394 500 460 528 Sed
493 509 552 528 nos
583 501 821 531 meminerimus
850 503 891 532 ad
916 501 1131 544 Evangelinm
1162 514 1214 533 re·
1237 526 1239 546 «¹
1261 505 1374 534 reddet
1409 504 1599 544 simpliciter
1634 506 1790 535 incertam
1831 506 2080 544 promissionem

394 542 597 580 spii-lendum
633 552 716 572 esse.
777 543 850 574 Duo
873 551 980 574 autem
1007 551 1080 575 sunt
1106 547 1215 575 consi-
1237 557 1239 566 ⁴
1260 553 1292 576 et
1327 545 1416 577 tollet
1454 546 1561 577 fidem.
1607 546 1672 576 lam
1698 557 1771 577 eum
1800 548 2008 577 statuendum
2039 548 2081 577 sit

395 584 540 614 deranda
564 585 595 615 in
619 586 836 624 promissione.
858 586 1039 627 Evangelii.
1063 587 1213 618 videlicet
1237 596 1239 599 ·
1260 589 1510 628 promissionem
1545 599 1625 619 vere
1648 589 1871 619 universalem
1895 598 1970 620 esse
1992 590 2081 629 quod

394 626 482 665 quod
518 633 548 656 et
584 629 686 667 gratis
710 629 863 667 promittit
886 630 1050 665 iustitiam.
1074 636 1104 661 et
1127 630 1215 670 quod
1236 628 1239 638 '¹
1259 632 1301 660 ad
1324 629 1527 661 voluntatem
1551 632 1600 661 dei
1625 633 1748 667 attinet.
1773 632 1857 662 sicut
1882 642 1900 661 a
1919 632 2080 670 posterio-

395 669 568 708 promissio
603 677 650 699 est
675 670 882 701 universalis.
939 672 1021 701 Nam
1045 671 1129 701 haec
1150 673 1214 702 duo
1236 683 1238 713 g
1260 683 1295 702 re
1317 674 1349 702 in
1370 673 1598 703 iustificatione
1617 674 1754 704 dicimus
1778 673 1920 714 aliquam
1943 674 1975 703 in
1994 674 2080 704 acci-

393 718 547 741 exereent
594 711 755 742 humanos
797 714 932 742 animos.
1001 713 1215 753 Disputamus
1236 722 1237 753 ᾗ
1259 716 1365 754 piente
1394 724 1529 745 causam
1553 725 1645 753 esse,
1675 715 1828 745 videlicet
1852 726 1917 746 non
1943 716 2080 757 dignita-

392 752 475 783 alins
500 754 540 784 de
571 755 743 795 dignitate.
766 765 828 784 nos
853 756 925 785 ideo
951 766 1014 785 non
1039 766 1114 785 esse.
1152 755 1215 785 ele·
1236 783 1237 788 ,
1259 762 1338 794 tem,
1372 758 1428 787 sed
1464 758 1539 796 qnia
1570 758 1821 797 promissionem
1852 758 2079 798 apprehendit,

394 802 466 826 ctos
501 797 576 836 quia
602 798 704 827 simus
730 798 863 837 indigni.
897 796 980 827 alias
1011 799 1213 838 disputamus
1235 810 1237 824 ι’
1259 809 1332 829 cum
1356 810 1418 839 qua
1438 799 1572 839 spiritus
1598 806 1732 829 sanctus
1756 806 1806 830 est
1820 798 1950 836 efficax,
1970 809 2080 840 quem·

394 839 435 867 de
469 838 744 878 particularitate.
780 841 903 869 etiamsi
939 841 1026 880 digni
1063 850 1213 870 essemus
1235 847 1237 858 ²
1258 842 1431 871 admodum
1454 841 1534 871 Pau.
1558 842 1661 882 inquit
1684 841 1790 879 [Rom.
1813 842 1863 878 10,
1878 842 1953 881 17.].
1982 841 2079 871 Fides

393 888 500 910 tamen
525 882 620 911 deum
644 892 724 912 suos
749 883 908 922 quosdam
928 882 1213 923 elegisse-‚quibus
1236 911 1237 914 ,
1259 893 1298 913 ex
1318 884 1428 913 auditu
1449 889 1510 913 est.
1566 883 1612 913 lta
1633 889 1663 913 et
1688 885 1728 913 de
1748 883 1909 914 electione
1932 895 1951 914 a
1970 889 2080 923 poste-

394 921 487 952 l'uerit
524 925 671 963 aequior.
739 924 883 965 Ideoque
923 934 1084 965 negamus
1117 925 1213 955 nobis
1235 923 1237 938 ⁴
1259 926 1345 955 riore
1372 926 1569 963 iudicemus,
1593 925 1746 956 videlicet
1774 925 1862 956 haud
1891 926 1989 956 dubie
2017 924 2080 956 ele-

392 966 589 1005 sperandam
612 976 688 996 esse
711 965 862 1004 salutem,
887 968 961 1007 qnia
981 966 1126 998 fortasse.
1149 977 1214 998 non
1259 974 1332 998 ctos
1357 975 1432 998 esse
1458 978 1514 998 eos
1540 969 1594 1008 qui
1617 968 1875 999 misericordiam
1899 967 2080 1008 apprehen-

392 1010 494 1038 simus
518 1009 549 1038 in
574 1018 613 1038 eo
637 1019 771 1039 numero
795 1015 857 1040 etc.
889 1009 1036 1050 l'traque.
1060 1011 1214 1051 imagina-
1259 1011 1349 1047 dunt,
1367 1020 1430 1041 nec
1453 1011 1609 1041 abiiciunt
1637 1021 1709 1041 earn
1733 1010 1885 1041 fiduciam
1909 1011 1950 1040 ad
1975 1015 2081 1040 extre-

275 1057 315 1081 τι).
353 1077 357 1082 .
394 1051 437 1080 tio
464 1048 468 1076 l
495 1051 590 1090 impia
622 1057 687 1087 cst.
719 1057 750 1081 et
778 1062 978 1092 magnopere
1001 1053 1137 1092 prodest
1159 1052 1215 1082 ad·
1257 1063 1354 1083 mum.
1400 1053 1490 1083 Haec
1514 1053 1621 1082 onmia
1645 1062 1684 1082 ex
1707 1052 1772 1082 hoc
1795 1051 1886 1083 sonte
1920 1049 2080 1089 oriuntur,

392 1102 512 1123 versus
541 1103 597 1123 eas
627 1092 799 1135 diligenter
821 1096 947 1125 munire
977 1096 1049 1135 pias
1077 1101 1214 1125 mentes

393 1135 469 1165 ldeo
503 1145 610 1176 neque
645 1137 834 1177 dignitatem
869 1142 1017 1167 nostram
1046 1138 1215 1177 respicere

394 1179 562 1209 debemus.
592 1188 700 1219 neque
725 1189 764 1208 ex
787 1178 966 1209 universali
995 1181 1215 1220 promissione
1235 1206 1238 1215 ,

392 1220 624 1260 particularem
671 1219 816 1251 efficere.
887 1221 955 1252 Sed
997 1221 1118 1263 singuli
1153 1232 1215 1252 nos
1236 1246 1237 1262 ,

392 1263 424 1292 in
468 1261 555 1292 illam
590 1263 812 1294 universalem
846 1263 1064 1294 includamus.
1132 1264 1237 1294 Cum*

393 1305 492 1345 igitur
515 1306 555 1335 de
578 1304 737 1336 electione
753 1307 902 1347 angimur
920 1312 976 1337 aut
999 1307 1214 1346 disputamus,

393 1357 458 1377 non
479 1349 644 1378 ordiamur
667 1359 685 1379 a
708 1350 830 1379 nostris
854 1349 1140 1389 supputationibus
1159 1349 1214 1379 vel
1235 1369 1236 1376 .

393 1399 413 1419 a
446 1388 521 1430 lege
555 1391 614 1421 sed
648 1401 668 1420 a
696 1392 915 1431 promissione
947 1390 1132 1433 Evangelii.
1178 1391 1214 1422 Si

394 1433 466 1472 quis
490 1439 583 1463 extra
602 1432 819 1475 Evangelium
842 1444 977 1465 causam
1000 1435 1125 1474 quaerit
1149 1433 1234 1464 ele-2

1258 1095 1345 1135 quod
1375 1096 1416 1125 de
1445 1093 1614 1125 voluntate
1640 1095 1690 1124 dei
1713 1105 1779 1124 non
1802 1100 1853 1125 est
1871 1095 2081 1125 iudicandum

1258 1143 1351 1168 extra
1379 1138 1515 1168 verbum
1547 1142 1579 1167 et
1612 1137 1683 1167 sine
1712 1138 1824 1167 verbo.
1869 1136 1967 1171 Quod
1991 1141 2080 1167 certe

1257 1179 1381 1212 faciunt
1404 1180 1449 1211 illi
1477 1181 1531 1222 qui
1555 1186 1717 1221 quaerunt
1737 1189 1872 1210 causam
1896 1178 2080 1217 electionis,

1257 1229 1312 1253 aut
1347 1222 1465 1254 tollunt
1502 1233 1635 1253 causam
1671 1222 1853 1253 electionis.
1890 1227 1921 1252 et
1953 1223 2081 1253 interim

1257 1274 1324 1296 non
1359 1266 1527 1297 deducunt
1558 1265 1780 1295 conscientias
1815 1265 1857 1294 ad
1890 1264 2080 1303 promissio-

1257 1318 1331 1338 nem
1354 1307 1527 1349 Evangelii
1552 1313 1614 1337 etc.
1658 1306 1730 1337 Nec
1753 1316 1865 1337 moror
1888 1307 1960 1343 [vid.
1984 1307 2080 1336 Eam.

1260 1350 1354 1381 1535.
1377 1353 1434 1390 fol.
1454 1353 1476 1381 lc
1493 1349 1532 1380 5⁶
1551 1351 1650 1386 med]
1675 1371 1682 1377 .
1704 1372 1711 1379 .
1736 1370 1744 1378 .
1768 1369 1777 1377 .

1413 1409 1472 1434 Hic
1501 1410 1563 1433 exit
1583 1407 1720 1443 plagula⁵
1745 1414 1801 1433 nec
1827 1409 1858 1433 in
1876 1407 2000 1441 reliquis
2018 1405 2081 1432 ulla

1412 1442 1563 1468 Locorum
1576 1449 1684 1468 comm.
1694 1440 1867 1476 fraqmenta
1879 1444 2080 1476 reperiuntur.

375 1753 422 1781 Ab
448 1752 496 1780 his
523 1750 696 1788 fragmentis
712 1751 866 1780 Locorum
893 1748 1105 1777 communium
1127 1755 1147 1775 α
1169 1744 1367 1775 Melanchone
1389 1752 1410 1773 a
1431 1745 1523 1773 1533.
1544 1743 1779 1781 praelector-um
1801 1739 2005 1778 progredimur
2023 1737 2061 1766 ad
2080 1746 2146 1771 eos,
2165 1745 2242 1776 quos

245 1834 356 1859 auclor
379 1831 446 1868 ipse
469 1830 563 1858 annis
584 1826 802 1855 1535—1541.
823 1827 938 1854 iterum
960 1825 1135 1860 iterumque
1157 1821 1258 1851 edidit
1278 1820 1323 1848 sic
1342 1819 1521 1857 inscriptos:

328 1949 424 1987 Loci
456 1960 688 1987 communes
719 1944 934 1997 theologici
965 1956 1103 1982 recens
1134 1941 1286 1981 collecti
1319 1947 1360 1979 et
1389 1939 1582 1992 recogniti
1614 1953 1637 1977 a
1668 1937 1852 1991 Philippo
1883 1935 2155 1975 Melanthone.

375 2038 486 2066 Horum
508 2036 730 2075 quatuorderim
751 2035 899 2064 editiones
919 2045 1011 2073 supra
1033 2034 1283 2067 enumeravimus,
1303 2032 1371 2062 scil.
1392 2032 1501 2061 hasce:

380 2096 402 2121 1.
447 2092 503 2121 Ed.
532 2093 677 2129 Πίσων-9.
700 2093 788 2119 1535.
811 2092 855 2119 8⁰.
884 2092 909 2118 2.
935 2089 991 2118 Ed.
1019 2090 1166 2127 l'z'tebery.
1187 2088 1279 2117 altera
1298 2098 1324 2116 a.
1348 2090 1438 2117 1535
1459 2088 1504 2121 8⁰,
1543 2089 1570 2115 3.
1590 2085 1647 2114 Ed.
1667 2087 1790 2123 llagrcm.
1814 2086 1904 2113 1535.
1925 2085 1960 2113 30
1978 2083 2108 2115 dubiam,
2135 2083 2163 2110 4.
2182 2080 2241 2110 Ed.

247 2139 368 2173 lloqan.
392 2138 480 2163 1536.
502 2137 546 2165 80.
579 2136 606 2163 5.
626 2133 684 2161 Ed.
704 2134 829 2171 Aryent.
855 2135 945 2161 1536.
967 2134 1012 2165 8⁰,
1039 2134 1066 2161 6.
1085 2131 1142 2159 Ed.
1162 2132 1290 2168 Auyusl.
1321 2131 1403 2160 l'z'ml.
1430 2132 1518 2158 1535.
1544 2130 1588 2162 8⁰,
1627 2131 1654 2157 7.
1674 2127 1732 2157 Ed.
1761 2128 1906 2165 Vz'teberq.
1933 2127 2023 2155 1536.
2045 2126 2090 2158 8⁰,
2134 2126 2162 2154 8.
2181 2122 2239 2151 Ed.

257 2169 401 2214 l'iiebvrq.
428 2180 518 2206 15:38.
541 2178 584 2209 8⁰,
606 2179 634 2205 9.
658 2176 716 2204 Ed.
736 2177 805 2205 Hal.
830 2176 918 2205 διιεῖ.
945 2177 1036 2203 1539.
1058 2176 1102 2207 80,
1126 2176 1173 2202 10.
1192 2173 1250 2202 Ed.
1270 2174 1339 2203 Hal.
1363 2173 1452 2203 Suer.
1480 2174 1569 2200 1540.
1592 2172 1636 2204 80,
1659 2174 1706 2199 11.
1727 2169 1784 2197 Ed.
1813 2170 1957 2206 Wtebery.
1986 2168 2075 2196 1541.
2096 2167 2141 2200 4⁰,
2161 2175 2241 2194 recu-

249 2232 312 2249 sam
338 2210 589 2248 m'Melanthonis
610 2218 689 2256 Opp.
715 2219 890 2248 Basileeus.
918 2219 1008 2246 1541.
1027 2216 1105 2244 Fol..
1145 2217 1193 2244 12.
1212 2214 1270 2243 Ed.
1298 2216 1442 2252 Vitebery.
1466 2216 1555 2242 1541.
1577 2214 1621 2246 8⁰,
1663 2216 1710 2241 13.
1730 2211 1787 2239 Ed.
1816 2211 1961 2249 l‘e‘tebery.
1988 2211 2079 2258 1541.
2101 2210 2145 2258 ξθ,
2166 2217 2243 2256 nova

249 2263 432 2301 praefatione
452 2263 634 2291 instructam,
666 2263 712 2289 14.
739 2259 797 2288 Ed.
819 2261 966 2298 Francos.
990 2260 1034 2289 (ld
1053 2261 1092 2289 JI.
1116 2260 1206 2287 1620.
1228 2259 1272 2285 8⁰.
1292 2257 1357 2285 Has
1378 2266 1494 2285 omneS.
1514 2256 1632 2284 duabus
1654 2254 1746 2283 Editt.
1768 2257 1795 2282 3.
1816 2257 1845 2282 et
1868 2255 1915 2281 10.
1937 2255 2084 2289 exceptis,
2105 2261 2133 2299 in
2153 2259 2242 2278 mam-

250 2306 306 2333 lius
326 2311 413 2333 teneo
434 2308 462 2331 et
482 2305 611 2331 numeris
639 2305 751 2332 1—14.
772 2302 801 2330 h.
820 2302 840 2329 l.
861 2306 890 2330 et
909 2312 999 2340 snpra
1018 2302 1056 2329 iis
1076 2301 1247 2338 adscriptis,
1268 2303 1297 2328 et
1315 2299 1461 2328 Melanch.
1482 2298 1591 2337 Opera.
1612 2297 1806 2326 Basileensia
1827 2297 1917 2324 1541.
1937 2294 1993 2323 litt.
2010 2294 2085 2333 Opp.
2105 2292 2241 2342 signabo,

250 2347 399 2375 l‘lnrimas
424 2356 533 2375 earum.
555 2346 620 2373 scil.
640 2345 732 2373 Editt.
756 2348 782 2373 1.
805 2346 831 2372 2.
854 2347 870 2373 5
891 2363 931 2366 —
952 2347 980 2373 Ω.
1003 2347 1051 2371 11.
1074 2345 1121 2371 12.
1142 2346 1171 2371 et
1189 2342 1263 2370 Mel.
1283 2342 1361 2380 Opp.
1383 2341 1477 2369 Basil.
1498 2342 1554 2369 iam
1573 2340 1721 2369 Maurit.
1742 2338 1988 2374 Roedigerus
2008 2335 2241 2373 diligentissime

252 2391 326 2417 inter
345 2400 379 2417 se
399 2388 532 2417 contulit.
554 2398 714 2425 earumque
738 2388 910 2415 varietatem
931 2387 958 2414 in
979 2385 1116 2424 exemplo
1137 2396 1192 2413 suo
1212 2384 1363 2413 Editionis
1386 2386 1424 2417 7..
1449 2384 1529 2422 quod
1548 2393 1626 2411 nunc
1647 2383 1713 2421 ipse
1732 2381 1840 2415 habeo.
1864 2379 2037 2417 adscripsit.

379 2464 444 2492 Hos
464 2464 565 2492 Locos
590 2465 742 2492 seeiindae
762 2464 870 2492 aetatis
890 2462 919 2491 h.
938 2462 959 2490 1.
979 2472 1022 2493 ez·
1044 2463 1190 2493 Editione
1209 2462 1420 2498 Viteheryensi
1440 2470 1468 2490 a.
1493 2461 1581 2488 15:15.
1598 2461 1720 2497 priore.
1741 2457 1831 2485 huius
1851 2455 1960 2483 aetatis
1979 2453 2121 2492 principe,
2141 2452 2242 2501 itaure-

253 2507 408 2535 cudendus
427 2518 506 2536 curo.
528 2511 558 2534 ut
578 2516 623 2539 ea,
644 2517 720 2543 quae
741 2508 768 2534 in
793 2505 993 2543 sequentibus
1013 2505 1150 2532 eiusdem
1174 2503 1266 2531 Editt.
1287 2506 1416 2533 mutatis
1439 2503 1542 2532 rel-bls-
1565 2501 1712 2538 leguntur.
1733 2503 1844 2527 tantum
1864 2501 1897 2527 in
1920 2499 2064 2535 mar-(line
2086 2496 2242 2544 irfferlore

253 2551 448 2581 adscribam,
480 2559 515 2576 ea
533 2559 602 2577 vero
639 2558 725 2586 quae,
747 2549 774 2576 in
794 2548 842 2576 his
856 2548 949 2577 Editt.
963 2548 1000 2575 ab
1020 2550 1139 2575 auctore
1159 2547 1268 2576 addita
1290 2549 1370 2578 sunt.
1390 2547 1505 2575 liclere's
1527 2544 1703 2573 minoribus
1725 2545 1757 2571 in
1781 2543 1860 2580 ἰμςὶε
1882 2541 2039 2570 contexte's
2060 2538 2241 2574 adtunyam,
