2358 2933
202 97 282 128 1015

199 190 358 229 decerpas
394 189 434 219 de
469 190 537 220 eius
571 189 800 227 facultatibus,
839 196 876 221 ut
908 197 981 222 tuas
1017 191 1174 231 cumules,

200 231 338 273 denique
367 230 455 262 nulla
474 233 505 262 in
523 241 559 262 re
577 241 719 272 quaeras
737 233 985 271 πλεονεκτήματα,
1006 236 1067 265 sed
1084 245 1175 266 ames

200 273 441 315 aequalitatem,
458 274 584 305 tribuas
596 275 744 315 proximo
758 284 807 312 ea,
828 286 913 317 quae
929 277 986 307 tibi
1003 278 1175 308 tribuenda

200 325 276 347 esse
298 316 435 347 iudicas.

287 358 361 388 Dixi
383 364 491 389 autem
515 357 596 389 alias
613 360 658 396 ⁹⁰)
684 360 724 390 de
748 361 990 392 contractibus.
1027 367 1059 392 et
1088 372 1175 392 nunc

200 401 284 431 hanc
308 399 455 442 regulam
478 401 583 437 trado,
609 411 652 431 ex
674 400 820 433 sontibus
840 403 1009 434 doctrinae
1031 404 1111 434 iuris
1130 405 1175 434 in-

201 441 302 484 telligi
325 452 443 483 posse,
466 444 520 484 qui
545 449 735 478 contractus
758 445 821 475 sint
841 446 1060 485 approbandi,
1089 453 1119 476 et
1143 448 1175 476 in

201 486 317 526 quibus
346 491 496 516 servetur
524 485 704 526 aequalitas
738 485 814 523 illa,
848 498 945 527 quam
979 489 1113 529 sapiens
1144 495 1174 519 et

201 528 307 558 iustus
329 527 582 559 iurisconsultus
607 527 810 560 efficiendam
834 539 910 560 esse
934 537 1056 561 censet.

287 569 364 607 Hic,
398 571 457 600 etsi
491 578 624 602 nostrae
659 571 905 602 cohortationes
939 583 1005 603 non
1039 572 1174 603 multum

200 613 402 643 auctoritatis
420 612 553 651 habent,
572 620 682 644 tamen
701 613 765 645 hoc
782 614 912 651 addam,
931 616 974 645 ad
989 615 1174 655 Principum

200 653 342 685 officiiun
386 656 564 696 praecipue
597 657 760 697 pertinere
794 666 904 687 curam
938 656 1106 688 literarum
1144 664 1176 688 et

200 696 401 735 scholarum,
437 699 468 728 in
492 699 610 739 quibus
635 697 749 730 literae
773 705 804 730 et
822 706 911 730 artes
930 699 1102 730 Ecclesiae
1121 710 1175 730 ne-

201 741 367 772 cessariae
379 741 561 778 traduntur,
574 742 797 772 iuvandarum.
813 741 890 772 Ideo
900 741 960 772 les.
970 742 1021 773 49.
1037 743 1173 780 [vs.·23.]

201 785 334 815 dicitur:
373 782 413 813 Et
441 790 533 813 erunt
564 793 661 825 reges
692 785 870 814 nutritores
901 785 946 815 tui
981 790 1011 815 et
1042 786 1175 825 reginae

202 827 344 857 nutrices
368 832 454 863 tuae,
477 826 509 855 id
532 831 594 863 est,
617 835 715 867 reges
735 832 767 856 et
784 827 970 867 principes3
994 827 1089 864 Item,
1113 826 1175 857 Re-

201 871 315 910 ginae,
344 868 376 898 id
400 875 467 906 est,
495 867 705 908 respublicae
729 878 789 899 seu
818 869 967 899 civitates
995 870 1176 909 praebeant

200 911 376 951 hospitium
399 917 429 941 et
452 909 606 942 alimenta
625 910 797 949 Ecclesiis,
820 917 851 941 et
869 910 1002 942 foveant
1020 912 1175 943 doctores

201 965 239 984 ac
270 952 450 993 discipulos
481 953 649 984 doctrinae
679 954 720 984 de
744 954 818 984 Deo
847 960 879 984 et
907 964 1018 985 earum
1046 955 1173 991 artium,

202 1005 286 1037 quae
308 995 480 1026 Ecclesiae
509 997 722 1026 necessariae
744 1001 829 1026 sunt.
877 996 940 1026 Pro
971 996 1036 1027 hoc
1067 995 1175 1028 officio

201 1048 319 1079 magna
342 1039 485 1079 praemia
508 1039 677 1078 proposita
701 1044 786 1069 sunt.
822 1038 936 1069 Matth.
957 1039 1006 1070 10.
1032 1042 1095 1077 [vs.
1109 1040 1174 1078 42]

202 1081 263 1116 Qui
286 1090 390 1121 aquae
403 1083 448 1120 91)
471 1087 583 1120 potum
607 1082 695 1111 dabit
718 1082 772 1111 uni
801 1091 842 1112 ex
871 1082 1009 1112 minimis
1038 1082 1112 1112 istis
1141 1083 1174 1111 in

202 1123 329 1154 nomine
348 1123 509 1164 discipuli,
532 1123 564 1153 id
584 1129 645 1160 est,
668 1124 830 1154 iuvandae
849 1124 1019 1154 doctrinae
1038 1134 1175 1159 caussa3

202 1165 305 1196 Amen
329 1165 402 1196 dico
427 1166 533 1202 vobis,
558 1176 622 1196 non
644 1166 760 1206 perdet
783 1167 965 1197 mercedem
990 1177 1092 1197 suam.

287 1207 345 1238 His
368 1209 552 1249 praeceptis
577 1214 608 1238 et
631 1208 924 1248 promissionibus,
952 1216 987 1240 ut
1013 1210 1174 1250 guberna-

202 1260 291 1283 tores
315 1257 509 1282 mox-eantur
531 1261 571 1281 ac
593 1251 767 1282 invitentur
797 1251 837 1281 ad
867 1250 1034 1282 literarum
1068 1252 1174 1282 studia

201 1294 353 1331 iuvanda,
376 1292 474 1323 saciat
498 1293 658 1323 Dominus
681 1300 796 1323 noster
819 1293 910 1324 lesus
931 1292 1096 1330 Christus,
1120 1294 1174 1334 qui

202 1343 292 1368 certe
314 1335 434 1367 alicubi
456 1335 584 1375 aliquas
608 1334 742 1365 scholas
766 1342 795 1365 et
820 1335 987 1366 literarum
1017 1335 1174 1376 reliquias

202 1379 358 1410 servabit.
386 1377 470 1408 Nam
490 1388 561 1408 cum
580 1376 764 1408 Ecclesiam
783 1379 969 1417 promiserit
987 1388 1174 1408 mansuram

202 1431 289 1458 esse,
312 1421 373 1451 etsi
395 1421 427 1450 in
450 1420 513 1451 hac
535 1426 701 1460 postrema
724 1420 833 1450 mundi
857 1427 991 1451 senecta
1015 1419 1090 1459 plus
1114 1421 1172 1450 erit

203 1462 443 1499 confusionum,
466 1469 574 1493 tamen
593 1461 702 1503 aliqua
720 1461 873 1501 hospitia,
897 1461 1025 1503 aliquas
1046 1461 1174 1503 politias

202 1514 233 1537 et
256 1504 389 1536 scholas
412 1505 594 1536 habituram
613 1515 690 1535 esse
711 1511 834 1535 certum
858 1511 919 1535 est.
966 1504 1004 1535 Et
1027 1504 1090 1535 hac
1116 1514 1175 1544 spe

204 1549 311 1579 studia
333 1546 499 1578 literarum
519 1546 667 1578 colamus
681 1554 711 1577 et
725 1546 831 1577 Deum
844 1553 1023 1583 aeternum,
1044 1547 1175 1577 Patrem

203 1590 333 1622 Domini
356 1592 460 1621 nostri
484 1590 557 1621 lesu
581 1589 714 1627 Christi,
740 1599 886 1627 oremus,
915 1595 951 1620 ut
972 1596 1106 1619 nostros
1130 1588 1175 1619 la-

204 1634 301 1663 bores
325 1633 356 1662 in
380 1633 528 1663 docendo
557 1639 587 1663 et
610 1633 767 1663 discendo
796 1639 889 1673 regat
919 1638 950 1662 et
978 1632 1107 1662 adiuvet
1136 1642 1175 1662 ac

204 1674 301 1706 faciat
328 1685 389 1706 nos
419 1675 525 1716 &ysam
553 1675 795 1705 misericordiae
825 1674 981 1705 salutaria
1004 1673 1176 1705 Ecclesiae

203 1716 264 1748 Dei
287 1724 317 1747 et
340 1718 446 1748 nobis.

631 1887 746 1927 [xxi]

249 1974 305 2005 DE
330 1972 595 2005 CEREMonns
620 1972 817 2003 HUMANIS
841 1972 883 2002 lN
906 1970 1132 2002 ECCLESIA.

290 2059 372 2090 Tota
384 2059 533 2099 superior
545 2067 623 2098 pars
634 2056 732 2088 huius
745 2058 854 2098 operis
868 2058 1005 2098 primum
1022 2057 1177 2097 dogmata

228 2102 337 2142 ropria
360 2100 531 2131 Ecclesiae
554 2101 594 2130 de
616 2099 690 2130 Deo
715 2105 746 2130 et
771 2100 811 2130 de
837 2101 936 2130 rebus
959 2100 1114 2135 aeterniS,
1138 2098 1178 2128 de

205 2113 279 2185 fege
308 2143 387 2180 Dei,
423 2144 463 2174 de
492 2143 654 2180 PeccatO,
683 2143 722 2173 de
750 2141 950 2183 Evangelio,
985 2142 1025 2171 de
1055 2140 1177 2177 Gratia,

205 2186 328 2217 lustitia
351 2192 381 2216 et
405 2186 647 2222 Sam-amentis,
677 2190 794 2225 postea
817 2186 910 2215 etiam
935 2184 1115 2215 doctrinam
1138 2183 1178 2213 de

206 2229 272 2259 vita
296 2227 381 2259 civili
404 2229 530 2258 recitat.
570 2228 665 2258 Nunc
689 2228 730 2258 de
753 2228 858 2268 gradu
878 2237 1013 2268 operum
1032 2227 1177 2256 dicemus

207 2270 305 2313 longe
328 2271 434 2311 posito
459 2269 543 2300 infra
572 2270 752 2300 doctrinam
783 2276 813 2300 et
843 2279 962 2310 opera,
992 2269 1032 2299 de
1060 2268 1177 2309 quibus

207 2324 306 2354 supra
330 2314 448 2343 dictum
473 2319 533 2348 est,
558 2311 710 2344 videlicet
734 2313 774 2343 de
798 2312 1003 2349 ceremoniiS,
1026 2320 1110 2351 quae
1132 2311 1178 2341 in-

207 2450 252 2474 90)
274 2449 330 2473 scil.
350 2450 374 2473 in
394 2449 586 2474 dissertatione:
605 2450 656 2476 ..De
676 2450 862 2474 contractibus-⁵
881 2448 1056 2478 Philosophiae
1075 2446 1179 2472 moralis

276 2483 399 2512 epitomae
419 2489 525 2511 annexa,
544 2483 568 2507 in
586 2484 660 2507 huius
681 2483 752 2513 Col-p.
773 2483 830 2507 Vol.
850 2483 907 2507 xw.
925 2489 950 2512 p.
971 2481 1020 2505 495
1040 2487 1093 2511 sqq.

210 2534 253 2559 91,
275 2540 355 2563 aquae
375 2534 452 2558 abest
472 2534 507 2558 al>
526 2534 595 2558 Ειίίιι4
619 2534 691 2555 1—7.
712 2534 734 2556 9.

845 97 954 129 PHIL.
980 98 1081 131 MEL.
1106 99 1293 132 SCRIPTA
1310 101 1586 135 DOGMATicA.

2112 110 2192 143 1016

1218 194 1351 225 stitutae
1370 202 1446 226 sunt
1463 195 1605 227 humana
1620 198 1814 229 auctoritate
1831 199 1863 230 in
1875 198 2037 238 Ecclesia,
2055 212 2191 242 quarum

1218 246 1338 278 magna
1360 244 1436 269 sunt
1459 238 1658 269 discrimina.
1703 238 1843 281 Aliquae
1871 243 1956 273 enim
1988 242 2086 275 utiles
2115 252 2191 276 sunt

1218 279 1261 308 ad
1285 280 1407 311 bonum
1430 281 1584 311 ordinem.
1627 280 1671 312 Ut
1692 282 1777 313 enim
1799 283 1831 313 in
1850 283 1975 316 scholis
1995 285 2191 318 distribuun-

1219 326 1271 350 tur
1301 320 1402 353 horae
1436 328 1468 352 et
1500 324 1655 353 materiae
1685 323 1861 356 lectionum
1890 332 1924 357 et
1952 326 2033 358 fiunt
2063 327 2191 360 classes

1219 362 1424 401 discentium,
1444 374 1503 395 seu
1521 372 1556 396 ut
1572 365 1805 405 paterfamilias
1820 368 1965 399 ordinem
1977 371 2087 408 pueris
2099 381 2192 410 prae—

1219 406 1351 442 scribit,
1383 417 1447 447 quo
1469 408 1607 446 primum
1630 418 1726 439 mane
1747 418 1865 448 preces
1889 411 2045 449 recitant,
2076 413 2192 444 deinde

1220 454 1349 488 sumpto
1384 449 1547 480 ientaculo
1582 450 1713 481 discunt
1748 450 1881 489 literas,
1925 458 2042 492 postea
2070 453 2192 486 faciunt

1219 498 1338 529 operas
1362 489 1489 532 aliquas
1512 492 1731 528 domesticas3
1755 493 1799 524 ita
1822 493 1854 523 in
1877 494 2017 533 publicis
2038 505 2192 536 congres-

1220 532 1310 562 sibus
1341 532 1510 564 Ecclesiae
1541 535 1687 565 ordinem
1718 534 1857 576 aliquem
1886 542 2001 567 natura
2029 536 2192 569 hominum

1220 575 1364 615 requirit.

1305 633 1372 664 Sed
1387 641 1518 673 practer
1537 634 1598 665 has
1614 635 1711 667 utiles
1727 638 1941 675 ceremonias,
1961 648 2045 679 quae
2058 644 2194 679 propter

1219 673 1353 709 εὐταξίαν
1376 676 1542 707 institutae
1572 683 1665 716 sunt,
1698 680 1836 710 subinde
1862 679 2012 710 homines
2044 680 2193 711 omnibus

1220 718 1381 748 aetatibus
1422 717 1540 749 multas
1581 720 1772 752 addiderunt
1810 723 1928 762 partim
1962 723 2193 763 superstitione

1218 761 1336 800 partim
1359 761 1494 790 avaritia
1512 762 1629 801 partim
1650 762 1795 793 consiliis
1814 765 2004 804 tyrannicis.
2035 763 2076 795 Et
2095 774 2192 805 quae-

1220 802 1293 832 dam
1316 808 1428 842 aperte
1451 809 1597 844 pugnant
1616 814 1689 834 cum
1711 806 1871 836 mandatis
1895 806 2023 837 divinis.

1306 859 1387 891 Cum
1421 868 1528 892 autem
1562 862 1704 893 humana
1737 864 1908 895 infirmitas
1941 863 2003 895 hos
2037 865 2117 895 ritus
2150 865 2195 896 ita

1219 903 1406 941 admiretur,
1430 910 1465 935 ut
1488 905 1649 935 existimet
1672 915 1730 936 eos
1753 916 1881 937 summa
1903 916 2005 947 opera
2027 916 2103 938 esse
2124 906 2193 947 pla-

1220 946 1328 976 cantia
1356 946 1437 976 iram
1467 946 1546 985 Dei,
1581 953 1613 977 et
1645 946 1761 979 horum
1790 949 2004 980 admiratione
2031 947 2194 980 fascinata

1218 987 1325 1018 lucem
1351 987 1524 1030 Evangelii
1553 990 1593 1020 de
1620 989 1802 1021 Mediatore
1832 990 1964 1022 Christo
2000 997 2034 1022 et
2061 991 2102 1022 de
2129 990 2193 1022 fide

1219 1032 1355 1068 amittat,
1379 1037 1410 1061 et
1428 1038 1609 1072 sequantur
1627 1042 1765 1074 magnae
1785 1034 1941 1064 tenebrae
1959 1040 1992 1064 et
2010 1033 2194 1065 discordiae

1219 1074 1251 1103 in
1269 1072 1422 1104 Ecclesia
1441 1073 1516 1111 Dei,
1538 1084 1678 1104 necesse
1701 1081 1751 1105 est
1775 1076 1816 1105 de
1838 1074 1888 1106 his
1912 1075 2042 1117 legibus
2065 1081 2098 1107 et
2118 1085 2193 1116 ope-

1220 1116 1310 1146 ribus
1333 1116 1485 1147 iudicium
1506 1115 1680 1158 Evangelii
1703 1118 1843 1158 proponi
1865 1124 1897 1149 et
1920 1117 2086 1149 illustrari.

1305 1175 1355 1204 Ae
1378 1176 1515 1215 primum
1539 1176 1700 1206 admoneo
1723 1175 1881 1207 lectorem
1899 1178 1932 1207 in
1949 1176 2015 1208 hoc
2032 1176 2109 1208 loco
2126 1186 2194 1207 non

1219 1217 1281 1247 dici
1311 1218 1350 1247 de
1382 1217 1510 1258 legibus
1540 1217 1792 1259 Magistratuum
1822 1218 1964 1250 civilium
1994 1225 2049 1249 aut
2077 1217 2194 1250 officiis

1220 1258 1387 1296 civilibus,
1416 1270 1500 1300 quae
1522 1261 1654 1300 proprie
1676 1261 1839 1300 pertinent
1862 1262 1904 1291 ad
1927 1262 2194 1302 gubernationem

1219 1301 1468 1342 Magistratuum
1494 1301 1633 1332 civilium
1657 1308 1689 1332 et
1707 1303 1853 1333 instituta
1872 1310 1949 1334 sunt
1969 1304 2011 1334 ad
2030 1302 2193 1334 defensio·

1219 1354 1293 1373 nem
1313 1353 1515 1374 communem
1533 1345 1625 1384 pacis
1645 1351 1675 1374 et
1693 1345 1903 1385 imperiorum
1916 1344 2192 1386 tranquillitatem,

1219 1387 1277 1415 sed
1302 1387 1343 1416 de
1366 1396 1477 1416 eamm
1500 1385 1610 1426 legum
1633 1388 1827 1417 auctoritate
1848 1386 2021 1427 loquimur,
2044 1397 2128 1427 quae
2152 1388 2192 1418 ab

1219 1428 1404 1458 hominibus
1435 1430 1466 1458 in
1488 1426 1638 1458 Ecclesia
1669 1429 1820 1459 conditae
1848 1434 1924 1458 sunt
1952 1435 1985 1459 et
2011 1429 2194 1460 iudicantur

1220 1479 1296 1500 esse
1320 1480 1379 1499 seu
1398 1471 1552 1500 exercitia
1574 1469 1753 1510 peculiaria
1771 1471 1900 1511 pietatis
1919 1480 1979 1501 seu
1998 1470 2106 1502 cultus
2118 1470 2193 1508 Dei,

1220 1518 1253 1542 ut
1284 1511 1484 1550 coelibatus,
1518 1519 1628 1542 certae
1661 1511 1786 1543 formae
1816 1514 2023 1550 ieiuniorum,
2057 1515 2194 1552 βατταλο-

1221 1559 1283 1593 γίαι
1306 1562 1368 1585 etc.

1306 1613 1377 1644 Etsi
1410 1619 1517 1644 autem
1551 1615 1611 1644 viri
1645 1613 1765 1654 politici
1803 1625 1868 1645 non
1907 1620 2052 1646 amantes
2084 1614 2193 1646 Evan-

1221 1656 1341 1698 gelium
1366 1656 1490 1697 tragice
1518 1662 1698 1696 queruntur
1724 1655 1916 1687 labefactari
1944 1656 2054 1698 legum
2081 1663 2192 1688 aucto-

1220 1700 1362 1735 ritatem,
1392 1700 1466 1739 quia
1491 1697 1618 1739 aliquae
1641 1698 1806 1736 laxantur,
1839 1705 1871 1730 et
1894 1700 2059 1740 disputant
2087 1709 2193 1730 exem—

1220 1740 1309 1782 plum
1332 1742 1552 1782 perniciosum
1575 1751 1662 1778 esse,
1685 1748 1792 1772 tamen
1812 1751 1952 1772 necesse
1971 1740 2193 1782 estranteferri

1221 1784 1272 1814 his
1291 1782 1434 1824 querelis
1454 1781 1592 1824 gloriam
1605 1783 1727 1814 Christi
1746 1790 1778 1814 et
1796 1783 1935 1814 salutem
1952 1785 2090 1824 piorum,
2108 1793 2191 1825 quos

1222 1827 1340 1856 erudiri
1364 1836 1504 1856 necesse
1527 1832 1592 1863 est,
1623 1832 1656 1856 ut
1684 1825 1739 1856 lux
1762 1825 1932 1867 Evangelii
1962 1827 2139 1857 retineatur
2162 1831 2193 1856 et

1174 1888 1176 1890 v
1221 1869 1395 1899 discrimen
1421 1869 1642 1908 conspiciatur
1663 1868 1748 1898 inter
1768 1868 1980 1899 necessarios
2004 1866 2111 1899 cultus
2129 1867 2192 1898 Dei

1222 1918 1251 1942 et
1277 1911 1521 1941 commenticias
1545 1911 1805 1951 superstitiones.

1307 1970 1375 2001 Nec
1398 1969 1454 2001 illa
1476 1979 1537 2001 nos
1561 1979 1679 2000 caussa
1701 1970 1743 2000 ab
1766 1968 1828 1999 hac
1850 1969 2066 2010 explicatione
2088 1971 2192 2001 deter-

1221 2019 1302 2050 reat,
1326 2013 1414 2054 quod
1436 2011 1525 2043 multi
1547 2013 1725 2042 abutuntur
1748 2011 1898 2042 doctrina
1920 2011 2091 2043 libertatis.
2125 2011 2192 2043 Sed

1222 2056 1262 2085 de
1285 2062 1423 2096 utraque
1446 2065 1482 2085 re
1501 2054 1658 2084 acerrime
1680 2054 1891 2095 pugnandum
1910 2060 1961 2085 est
1979 2055 2012 2084 in
2031 2054 2192 2091 docendo,

1222 2098 1413 2128 necessaria
1443 2097 1592 2127 doctrina
1620 2097 1772 2127 divinitus
1802 2096 1921 2126 tradita
1947 2106 2028 2136 pure
2055 2102 2088 2127 et
2115 2095 2192 2127 fide·
2237 2123 2240 2125 Α

1221 2139 1296 2170 liter
1320 2139 1511 2178 exponenda
1535 2144 1595 2174 est,
1620 2144 1651 2168 et
1674 2139 1813 2174 abusuS,
1837 2136 2084 2179 qualescunque
2105 2145 2190 2175 sunt,

1199 2216 1201 2218 ,
1222 2192 1338 2212 severe
1360 2181 1493 2212 taxandi
1517 2187 1610 2216 sunt,
1639 2186 1669 2210 et
1699 2180 1882 2220 castigandi
1906 2186 1997 2217 sunt,
2024 2181 2077 2220 qui
2099 2189 2192 2220 prae-

1222 2231 1308 2254 textu
1342 2223 1436 2254 huius
1460 2222 1636 2259 libertatis,
1663 2232 1747 2262 quae
1769 2221 1892 2252 Christi
1915 2223 2077 2263 sanguine
2099 2228 2192 2262 parta

1223 2273 1289 2303 est,
1318 2265 1485 2306 indulgent
1509 2265 1617 2305 pravis
1641 2264 1871 2304 cupiditatibus
1896 2270 1927 2294 et
1949 2273 2058 2294 mores
2080 2273 2191 2294 accer-

1221 2315 1308 2345 sunt,
1327 2309 1380 2349 qui
1398 2307 1544 2338 homines
1564 2307 1752 2337 moderatos
1767 2307 1808 2336 ab
1821 2304 2000 2346 Evangelio
2016 2306 2189 2337 deterrent.

1351 2433 1448 2463 Tres
1473 2435 1595 2474 igitur
1623 2432 1790 2474 regulas
1825 2433 2061 2463 recensebo.

1310 2518 1418 2548 Prima
1437 2517 1572 2558 Regula.
1612 2517 1656 2547 Ut
1675 2516 1766 2547 Heva
1790 2517 1939 2556 peccavit
1961 2517 2189 2556 obtemperans

2322 586 2329 604 ,.
2315 255 2331 574 .ο-->--,Λ.,-,-.-“,.-ο.-.
2324 206 2330 245 »,,
2326 176 2329 180 .
2326 159 2330 165 .

2315 909 2325 930 Α
2320 878 2325 898 A*
2319 824 2325 869 -1,
2316 748 2327 814 ιφ--
2320 704 2326 738 ...
2321 631 2329 692 .,..,.,

2306 1127 2324 1210 fau-6?
2314 1032 2325 1092 ..⁴⁴
2323 1015 2325 1019 .
2320 998 2322 1002 -

2312 1325 2325 1364 ηι
2312 1221 2322 1288 ‹5:1.
