2358 2933
98 134 157 166 721

97 227 224 267 privata
257 223 452 265 cupiditate,
495 221 554 252 sed
591 227 726 261 propter
760 219 960 251 voluntatem
992 217 1066 250 Dei.

97 269 187 300 Reus
212 267 332 299 subeat
352 274 496 305 poenaS,
529 269 564 294 ut
592 263 744 294 mandato
767 261 830 293 Dei
854 262 1068 301 obtemperet,

97 312 153 352 qui
174 310 269 341 iussit
293 305 411 339 delicta
433 305 546 347 puniri.
590 305 662 336 Nec
684 303 836 344 prohibet
853 302 1069 344 Evangelium

97 353 184 384 hanc
206 350 370 391 publicam
393 349 568 379 vindictam
590 357 649 378 seu
673 346 814 377 officium
842 346 1067 386 magistratus,

97 405 159 426 nec
193 391 365 424 consilium
394 391 467 428 dat,
495 396 531 421 ut
553 389 734 426 omittatur,
766 389 831 418 imo
854 388 1016 427 approbat
1039 394 1070 418 et

99 435 268 468 confirmat
291 433 433 465 officium
455 432 664 474 magistratus
671 453 681 468 ,
710 440 771 461 nec
794 428 863 460 mlt
886 439 958 460 eum
980 431 1070 470 igna-

99 489 175 510 vum
198 483 231 509 et
248 479 289 514 13)
312 475 533 517 negligentem
556 483 632 504 esse
655 471 755 504 officii
777 472 846 509 sui,
876 473 1071 512 praesertim

99 531 175 554 cum
198 520 241 550 sit
263 518 415 550 divinum.
446 517 513 548 Sed
536 516 610 557 quia
632 515 713 545 tanti
723 514 867 545 muneris
881 514 1070 555 dignitatem

101 570 133 595 et
144 562 348 595 voluntatem
358 559 422 590 Dei
435 569 502 590 non
518 557 777 594 consideramus,
790 556 862 587 ideo
875 556 1071 597 hypocritae

100 606 265 637 finxerunt
288 601 346 634 illa
370 600 582 633 deliramenta
612 601 652 630 de
683 609 749 629 non
778 598 985 629 vindicando.
1031 598 1071 628 Et

99 647 173 679 fons
192 647 276 677 idem
306 650 358 675 est
380 643 604 675 contumaciae
633 641 809 672 hominum.
855 641 931 671 Ideo
955 651 1070 681 grava-

98 692 153 721 tim
182 690 407 727 obtemperant
435 684 583 716 homines
610 684 644 714 in
672 684 804 724 poeniS,
832 683 908 724 quia
931 693 996 714 non
1026 684 1072 713 111-

99 736 229 763 tuentur
250 729 440 760 mandatum
462 726 536 764 Dei,
568 726 656 767 quod
678 727 802 766 pariter
824 725 983 766 praecipit
1005 736 1072 756 ma-

99 772 248 815 gistratui
272 777 303 802 et
326 770 421 801 sonti.

184 814 260 845 Alia
284 820 335 844 est
357 812 500 843 vindicta
525 811 671 852 privata,
693 811 726 842 id
749 818 816 848 est,
840 820 924 851 quae
946 820 1013 841 non
1037 809 1071 840 fit

99 868 159 898 per
176 857 390 898 magistratus
414 864 454 884 ac
477 853 579 894 leges.
626 853 679 884 De
709 853 772 884 1130
800 854 928 893 privata
957 853 1073 883 dicitur

99 898 215 930 Matth.
240 898 270 928 5.
295 896 430 935 [vss.43
453 898 541 937 sqq.]
566 901 598 926 et
620 895 714 926 Rom.
741 896 790 925 12.
815 898 878 933 [vs.
904 894 966 933 10.]
997 894 1073 924 Non

100 942 305 972 vindicantes
334 944 462 970 vosmet
484 938 557 978 ipsi.
603 937 752 979 Suntque
794 937 857 968 hae
893 938 1073 968 sententiae

101 993 179 1015 vere
201 988 396 1024 praecepta;
425 981 501 1021 quia
523 980 616 1010 Deus
639 981 749 1010 sanxit
773 980 929 1017 ordinem,
957 985 991 1010 ut
1010 979 1073 1009 sint

99 1025 192 1067 leges
216 1031 248 1056 et
271 1025 408 1061 iudices,
430 1022 481 1052 his
505 1023 644 1053 subiecit
662 1032 767 1064 genus
783 1022 969 1053 humanum.
992 1020 1073 1052 Vult

101 1069 197 1110 igitur
220 1067 282 1098 hos
307 1076 385 1098 esse
403 1065 564 1096 vindices.
610 1064 707 1095 Hunc
735 1065 881 1095 ordinem
910 1074 978 1094 non
1004 1061 1075 1094 vult

102 1110 300 1141 conturbari.
346 1107 422 1138 Ideo
452 1105 604 1148 prohibet
631 1107 807 1138 w'ndictam
836 1108 997 1146 privatam
1021 1115 1075 1136 ex-

101 1160 228 1183 ternam
262 1157 293 1182 et
322 1150 529 1186 interiorem,
562 1147 631 1180 vult
660 1156 691 1179 te
720 1159 800 1180 vero
825 1150 932 1180 animo
957 1148 1075 1178 cedere

101 1195 277 1226 vindictam
301 1192 374 1223 Deo
405 1197 436 1222 et
464 1191 593 1231 legibus
627 1201 667 1222 ac
695 1191 868 1221 iudicibus.
924 1190 977 1220 De
1009 1189 1075 1220 hoc

103 1237 216 1268 ordine
241 1236 454 1266 concionatur
477 1233 628 1264 Christus
650 1232 767 1263 Matth.
786 1232 817 1262 5.
842 1241 1000 1263 enarrans
1012 1231 1075 1262 Le-

103 1289 178 1321 gem
200 1285 232 1308 et
254 1276 399 1308 refutans
412 1275 614 1317 hypocrisin,
638 1285 722 1315 quae
745 1280 837 1314 putat
856 1285 893 1305 se
916 1274 998 1315 Legi
1014 1274 1076 1305 Dei

102 1318 311 1357 satisfacere,
335 1329 408 1349 cum
431 1324 543 1348 tamen
570 1316 666 1348 huius
691 1317 814 1347 ordinis
839 1315 987 1348 confusio
1012 1326 1077 1347 1113-

103 1361 222 1393 nifesta
243 1363 331 1393 sitin
350 1360 546 1391 hominibus.
580 1360 673 1391 Sicut
695 1360 728 1390 in
741 1359 860 1401 Satyra
875 1361 916 1400 l⁴)
942 1359 1075 1390 dicitur:

222 1421 267 1451 At
289 1420 431 1451 vindicta
454 1420 573 1450 bonum
596 1419 662 1450 vita
684 1419 856 1450 iucundius
879 1419 961 1460 ipsa.

103 1489 199 1520 Hanc
223 1486 449 1518 confusionem
473 1485 542 1518 vult
567 1485 719 1517 Christus
743 1487 902 1528 agnosci,
933 1492 965 1517 et
989 1484 1078 1516 cohi-

105 1532 174 1562 beri
196 1531 357 1571 privatam
371 1529 580 1569 cupiditatem
592 1529 764 1567 xindictae,
787 1529 981 1569 praesertim
1005 1538 1079 1558 cum

105 1583 192 1604 nunc
214 1578 332 1603 natura
355 1571 521 1603 hominum
544 1581 601 1602 rea
629 1572 671 1602 sit
702 1577 733 1602 et
756 1572 905 1602 subiecta
927 1571 1024 1601 morti
1048 1576 1079 1600 et

104 1616 232 1656 poenis·
267 1614 378 1650 Quare
397 1620 511 1645 nostra
534 1620 672 1654 peccata
695 1623 890 1644 accusemus
909 1614 941 1644 in
964 1613 1079 1643 adver-

104 1659 152 1689 sis
186 1658 300 1694 rebus,
334 1667 399 1687 non
434 1662 556 1687 tantum
589 1656 756 1686 videamus
791 1654 896 1686 3110113
929 1661 1078 1696 peccata.

105 1700 198 1732 Sicut
211 1699 321 1730 David
340 1700 380 1730 de
399 1698 528 1730 Semeia
552 1698 668 1739 inquit:
701 1698 813 1736 Sinite,
834 1704 869 1728 ut
885 1698 962 1728 mihi
982 1696 1079 1728 male-

107 1743 216 1777 dicat;
236 1742 313 1782 quia
337 1741 412 1772 tiixit
436 1740 545 1771 Deus:
576 1741 610 1772 Si
633 1739 721 1771 sorte
744 1742 896 1782 respiciet
918 1740 1011 1770 Deus
1035 1738 1080 1770 af-

106 1784 281 1815 fiictionem
305 1793 409 1814 meam
433 1789 463 1814 et
477 1783 591 1814 reddet
613 1782 690 1813 mihi
714 1784 833 1814 bonum
857 1793 916 1824 pro
939 1782 990 1812 his
1014 1793 1080 1812 ma-

108 1826 248 1858 ledictis.
292 1825 333 1856 Et
354 1826 484 1867 insigne
506 1824 690 1866 exemplum
713 1832 763 1856 est
785 1826 882 1856 animi
898 1825 1079 1856 cohibentis

108 1869 271 1900 vindictae
284 1868 502 1908 cupiditatem,
523 1867 632 1898 David
645 1869 766 1899 cedens
780 1874 812 1899 et
823 1878 963 1908 parcens
978 1866 1081 1904 Sauli,

109 1921 181 1943 cum
203 1915 318 1951 posset
341 1920 414 1941 eum
437 1910 507 1940 sine
530 1909 599 1940 ullo
623 1910 762 1941 tumultu
790 1910 991 1948 interficere,
1022 1910 1081 1940 sed

109 1952 212 1984 noluit
252 1962 389 1994 regnum
431 1962 616 1992 occupare,
661 1953 723 1983 nisi
757 1953 909 1984 traditum
943 1963 963 1983 a
995 1951 1080 1983 Deo.

109 1996 200 2027 Haec
223 1994 372 2035 exempla
396 1993 567 2036 diligenter
591 1995 830 2026 consideranda
853 2001 940 2032 sunt,
962 2001 998 2026 ut
1020 1994 1082 2025 Le-

109 2047 183 2079 gem
206 2037 270 2068 Dei
302 2037 423 2068 rectius
452 2036 689 2078 i11telligan1uS‚
723 2044 758 2068 ut
781 2043 929 2068 nostram
954 2036 1082 2068 iufirmi-

109 2086 208 2111 tatem
230 2089 452 2121 agnoscamus
476 2085 508 2110 et
529 2080 636 2121 magis
656 2078 786 2111 frenare
809 2080 985 2110 discamus.
1008 2079 1082 2110 Est-
1103 2088 1105 2092 ⁴

111 2132 175 2164 que
197 2121 278 2152 haec
301 2120 476 2161 peculiaris
500 2121 651 2152 doctrina
673 2122 814 2162 Spiritus
838 2123 954 2153 sancti.
999 2122 1082 2152 Nam

111 2164 268 2195 historiae
303 2163 453 2194 Gentium
492 2173 558 2194 non
598 2163 721 2194 habent
763 2164 946 2205 exemplum
980 2163 1083 2195 simile

113 2206 243 2238 Davidi.

196 2248 380 2280 Teneamus
399 2258 478 2289 ergo
491 2247 651 2290 regulam,
669 2250 814 2290 praecipi
827 2250 1084 2291 magistratibuS,

113 2298 148 2323 ut
160 2293 249 2322 iuxta
257 2291 366 2333 Leges
379 2297 553 2322 exerceant
560 2291 746 2329 w'ndictam,
759 2298 790 2323 et
799 2292 974 2333 displicere
983 2291 1084 2333 negli-

114 2335 256 2375 gentiam
275 2334 308 2364 in
326 2332 448 2371 officio,
467 2340 502 2364 ut
520 2333 635 2364 dicitur
651 2333 749 2364 Deut.
769 2333 818 2364 19.
838 2338 919 2371 [vss.
939 2334 980 2365 19
996 2339 1083 2376 sqq.}

114 2375 255 2408 Auferes
283 2375 420 2413 malum,
452 2382 486 2407 ut
525 2377 625 2407 ceteri
654 2376 802 2407 timorem
828 2376 988 2415 habeant,
1023 2377 1107 2408 1101ὶῚ

118 2504 160 2535 13)
181 2504 215 2537 et]
237 2505 308 2531 Editt.
330 2506 417 2531 1—12.
437 2513 465 2532 ac

118 2555 160 2583 14)
179 2555 288 2581 Iuvenal.
308 2557 379 2582 satir.
400 2557 437 2587 13,
458 2558 513 2581 180.

266 2613 384 2634 MELANTH.
400 2615 466 2635 ona.
481 2616 530 2636 vot.
545 2617 593 2636 xxi.

564 129 587 159 1.
605 127 706 160 LOCI
727 126 902 159 THEOLO
915 125 1010 157 Glcl:
1033 125 1064 157 D
1088 126 1246 159 TERTIA
1268 125 1425 158 EORUM
1447 124 1602 157 AETAS.

1104 2232 1107 2248 1

1107 2509 1110 2522 1

1107 2526 1110 2541 i

1107 2549 1110 2570 1

2024 122 2083 152 722

1113 220 1299 251 miserearis
1323 220 1404 250 eius.
1437 218 1582 249 Econtra
1604 226 1685 248 vero
1708 215 1844 256 privatis
1865 215 2020 254 praecipi,
2044 224 2085 244 ne

1115 268 1291 293 exerceant
1323 261 1514 297 vindictam,
1547 270 1610 291 nec
1637 259 1768 289 turbent
1796 257 1942 287 ordinem
1971 267 1990 287 a
2013 256 2086 287 Deo

1114 305 1311 341 institutum,
1346 313 1407 334 seu
1429 313 1543 340 manu,
1575 312 1637 333 seu
1660 301 1757 331 animi
1779 306 1877 330 motu.
1923 298 2015 329 Haec
2038 308 2088 329 re-

1117 346 1194 388 gula
1226 345 1314 378 utilis
1349 351 1399 376 est
1430 345 1516 375 vitae
1545 354 1585 374 ac
1614 344 1716 374 munit
1746 343 1881 383 imperia
1908 347 1940 372 et
1962 351 2087 381 pacem.

1117 389 1246 424 Quanta
1280 397 1360 419 vero
1388 387 1430 417 sit
1461 386 1647 417 absurditas
1677 384 1880 416 deliramenti
1909 382 2088 414 Monacho-

1116 442 1198 469 111111,
1220 430 1296 460 111110
1317 427 1457 470 intelligi
1478 434 1597 469 potest.
1638 428 1674 458 Si
1697 426 1867 458 consilium
1890 432 1941 456 est
1959 426 1999 456 de
2022 435 2088 456 non

1117 473 1325 510 vindicando,
1339 471 1521 503 concedent
1533 470 1791 511 mafflstratibus,
1814 479 1855 499 ne
1867 469 2001 508 puniant
2018 478 2089 498 sce-

1116 515 1260 552 leratos,
1288 523 1405 545 rursus
1436 514 1531 543 etiam
1560 513 1697 552 privatis
1722 512 1902 542 concedent
1926 511 2090 541 vindictae

1119 567 1239 588 caussa
1261 565 1394 587 movere
1418 556 1620 585 seditionem.
1666 553 1748 584 Cum
1771 555 1868 594 igitur
1890 552 1952 583 hae
1975 551 2090 583 fanati-

1118 609 1177 630 cae
1196 599 1444 639 imaginationes
1464 596 1570 627 falsae
1586 602 1617 626 et
1629 596 1835 636 perniciosae
1859 595 1933 632 sint,
1952 604 2090 636 prorsus

1119 651 1176 672 eas
1200 651 1239 671 ex
1257 640 1411 671 Ecclesia
1433 638 1659 680 explodamus.
1683 644 1686 647 '
1705 638 1777 669 Fuit
1801 644 1832 668 et
1853 637 1937 668 haec
1961 647 2091 674 caussa,

1119 693 1220 725 quare
1236 682 1386 714 Christus
1409 682 1506 712 toties
1528 680 1680 721 prohibet
1702 680 1891 717 vindictam,
1915 680 1990 720 quia
2002 680 2090 720 Apo-

1119 725 1214 757 stolis
1238 724 1341 756 voluit
1364 725 1506 755 eximere
1529 722 1647 754 falsam
1668 723 1934 763 persuasionem,
1958 723 2012 763 qui
2035 732 2091 762 pu-

1118 770 1228 799 tabant
1258 778 1396 808 regnum
1424 766 1568 797 Messiae
1591 764 1662 796 fore
1691 765 1904 802 mundanum,
1934 770 1966 794 et
1993 764 2092 794 armis

1120 818 1235 852 gentes
1266 809 1447 840 domandas
1478 819 1564 839 esse.
1618 807 1768 838 Christus
1798 813 1913 838 contra
1937 805 2092 841 inculcat,

1118 851 1303 894 Apostolos
1323 862 1388 882 non
1412 858 1602 892 sumpturos
1626 860 1702 881 esse
1725 860 1826 887 arma,
1849 849 1908 880 sed
1920 847 2092 890 Evangelii

1119 905 1300 936 praecones
1315 893 1399 932 sore,
1424 899 1454 924 et
1477 895 1548 924 sine
1570 893 1720 924 humanis
1740 892 1924 933 praesidiis,
1948 892 2020 922 sine
2043 901 2093 922 ar—

1119 940 1179 969 mis
1203 936 1384 968 Ecclesiam
1415 934 1614 967 collecturos
1639 945 1733 972 esse,
1767 941 1797 965 et
1826 933 1912 965 hanc
1939 934 2094 965 saevitiae

1119 987 1333 1022 tyrannorum
1356 979 1531 1009 obnoxiam
1553 977 1625 1009 fore
1644 984 1676 1008 et
1699 984 1805 1007 tamen
1820 975 2005 1008 habituram
2018 985 2094 1007 esse

1121 1023 1248 1053 divinas
1281 1020 1504 1052 liberationes.
1557 1021 1605 1051 Ita
1638 1021 1733 1060 erigit
1764 1020 1918 1050 doctores
1952 1019 2093 1050 omnium

1120 1071 1314 1105 temporum,
1337 1070 1373 1094 ut
1397 1074 1491 1094 suum
1515 1061 1659 1093 officium
1683 1068 1773 1092 recte
1796 1062 1944 1092 docendo
1973 1060 2093 1091 faciant

1121 1114 1152 1138 et
1176 1105 1323 1147 pericula
1338 1105 1412 1136 Deo
1437 1105 1674 1142 commendent,
1697 1114 1759 1134 nec
1781 1105 1923 1135 nitantur
1944 1103 2094 1134 humanis

1121 1149 1310 1190 praesidiis,
1338 1158 1400 1178 nec
1427 1153 1518 1178 extra
1545 1154 1639 1187 septa
1667 1146 1851 1177 vocationis
1882 1156 1962 1176 51130
1993 1155 2095 1176 erum-

1120 1197 1209 1232 pant,
1233 1200 1294 1221 nec
1319 1191 1518 1221 constituant
1542 1190 1604 1220 sibi
1615 1199 1719 1229 regna
1731 1194 1903 1229 praetextu
1914 1186 2096 1229 Evangelii.

1122 1234 1205 1264 sicut
1228 1232 1467 1272 Anabaptistae
1489 1230 1772 1263 Monasterienses
1804 1230 1962 1262 fecerunt.

1209 1275 1317 1315 Saepe
1341 1276 1524 1314 disputanu·
1547 1275 1588 1304 de
1610 1273 1675 1304 hoc
1698 1274 1783 1303 dicto
1807 1273 1948 1314 vulgari,
1973 1273 2046 1303 Vim
2067 1274 2096 1303 vi

1123 1316 1283 1358 repellere
1317 1318 1369 1348 ius
1400 1315 1549 1347 naturale
1581 1316 1742 1346 concedit.
1788 1315 1868 1347 Eius
1904 1316 1981 1347 dicti
2015 1326 2099 1355 quae

1123 1361 1166 1390 sit
1188 1360 1367 1397 sententia,
1398 1360 1535 1400 primum
1561 1358 1836 1389 considerandum
1860 1365 1918 1389 est.
1960 1358 2042 1388 Nam
2071 1359 2098 1388 si

1124 1409 1173 1433 est
1207 1401 1365 1432 natm-alis
1400 1402 1516 1432 notitia
1545 1407 1600 1432 aut
1627 1400 1750 1442 οτοργιὶ,
1785 1401 2006 1441 quaerendum
2039 1407 2099 1438 est,

1124 1445 1288 1486 quomodo
1312 1445 1353 1474 sit
1384 1444 1550 1481 ordinata,
1581 1453 1622 1474 ne
1653 1444 1852 1483 depravetur
1874 1441 1983 1484 aliquo
2007 1453 2099 1482 prae-

1124 1493 1215 1518 textu
1237 1493 1293 1517 aut
1314 1487 1458 1517 admixta
1480 1486 1598 1517 iniusta
1622 1486 1808 1526 cupiditate.
1844 1486 1926 1516 Nam
1949 1487 2019 1516 iura
2044 1496 2100 1516 na-

1123 1528 1240 1561 turalia
1273 1539 1339 1559 non
1373 1535 1449 1559 sunt
1482 1529 1669 1570 vagabundi
1705 1529 1863 1569 impetus,
1899 1529 1957 1559 sed
1992 1534 2100 1560 certae

1125 1572 1285 1613 quaedam
1315 1572 1348 1601 in
1370 1578 1488 1602 natura
1512 1571 1745 1602 ordinationes.
1802 1571 1904 1602 Recte
1937 1571 2035 1613 igitur
2070 1579 2096 1601 et

1124 1612 1351 1645 Iurisconsulti
1386 1614 1714 1654 circumscripserunt
1748 1613 1812 1644 hoc
1846 1614 1968 1645 dictum
2003 1614 2101 1644 certis

1124 1657 1230 1688 metis.
1276 1654 1480 1697 Intelligatur
1500 1658 1540 1696 Ι5)
1570 1666 1649 1697 ergo
1681 1656 1721 1686 de
1751 1655 1923 1687 manifesta
1948 1654 2101 1687 violentia

1126 1706 1157 1730 et
1181 1700 1221 1730 de
1243 1699 1434 1729 neccssaria
1458 1698 1648 1729 defensione
1671 1699 1831 1729 adversus
1861 1699 2001 1729 subitam
2026 1699 2101 1735 vim,

1124 1749 1159 1773 ut
1194 1742 1222 1772 si
1255 1740 1339 1772 latro
1364 1741 1522 1772 viatorem
1546 1740 1755 1782 tranquillum
1784 1742 1815 1771 in
1847 1742 1900 1772 113
1922 1741 2102 1778 adoriatur,

1125 1792 1179 1815 aut
1205 1784 1232 1814 si
1255 1783 1374 1814 inferat
1397 1782 1514 1824 aliquis
1534 1782 1656 1814 bellum
1679 1783 1850 1821 iniustum,
1875 1790 1928 1814 aut
1952 1784 1981 1814 si
2003 1782 2101 1824 aliqui

1125 1825 1355 1858 tumultuantes
1392 1832 1581 1868 oppugnent
1616 1827 1715 1857 aedes
1746 1825 1892 1857 alterius.
1938 1825 1997 1856 Hic
2028 1826 2102 1866 quia

1125 1870 1221 1900 abest
1244 1870 1340 1900 iudex
1364 1879 1423 1900 seu
1445 1870 1673 1910 magistratu&
1701 1869 1774 1899 ideo
1806 1867 1952 1899 defensio
1984 1878 2101 1899 conce-

1127 1912 1221 1942 ditur.
1268 1911 1307 1942 Et
1329 1910 1451 1952 aliquid
1474 1912 1608 1942 interest
1633 1911 1717 1942 inter
1729 1910 1951 1942 defensionem
1964 1917 1996 1941 et
2008 1910 2102 1941 ultio-

1126 1964 1201 1984 nem
1225 1964 1284 1984 seu
1307 1964 1446 1994 poenam
1470 1953 1619 1984 sceleris.
1665 1954 1769 1985 Recta
1797 1954 1896 1991 ratio,
1926 1960 1961 1984 ut
1983 1954 2101 1984 iudicat

1126 1997 1244 2027 nemini
1266 1997 1452 2027 nocendum
1476 2006 1563 2034 esse,
1587 1998 1631 2027 ita
1650 1997 1769 2027 iudicat
1792 2006 1912 2037 corpus
1935 1996 2102 2036 proprium

1128 2045 1241 2070 contra
1275 2040 1428 2070 iniustam
1462 2039 1526 2069 vim
1561 2039 1717 2070 tuendum
1749 2049 1825 2069 esse
1852 2037 1907 2069 vel
1930 2038 2103 2069 ordinariis

1127 2088 1157 2112 et
1180 2080 1331 2123 legitimis
1355 2082 1518 2122 imperiis,
1543 2087 1577 2112 ut
1600 2082 1632 2111 in
1652 2079 1738 2112 bello
1762 2082 1864 2118 iusto,
1892 2080 1947 2111 vel
1969 2081 2103 2121 propria

1127 2122 1330 2161 defensione,
1366 2135 1440 2154 cum
1473 2122 1625 2164 opitulari
1655 2125 1868 2165 magistratus
1897 2133 1963 2154 non
1987 2131 2102 2164 potest.

1126 2166 1215 2197 Inest
1229 2167 1313 2197 enim
1325 2167 1603 2207 namrae¹⁶)iusta
1618 2167 1736 2207 στοργὴ,
1755 2166 1910 2206 appetitio
1929 2176 2103 2197 conserva-

1128 2210 1224 2240 tionis
1249 2209 1299 2239 sui
1322 2209 1484 2239 adversus
1508 2209 1661 2239 iniustam
1685 2207 1882 2239 violentiam.

1216 2251 1297 2282 Cum
1311 2252 1353 2291 17)
1378 2261 1459 2293 ergo
1483 2251 1533 2281 sic
1556 2249 1746 2292 intelligitur
1769 2251 1889 2282 dictum
1913 2251 1953 2282 de
1973 2251 2103 2291 propul-

1130 2294 1233 2324 sanda
1256 2291 1425 2324 manifesta
1449 2292 1603 2324 violentia
1627 2303 1665 2323 eo
1689 2293 1804 2324 ordine
1826 2300 1857 2324 et
1883 2294 1996 2331 modo,
2021 2294 2101 2324 sicut

1129 2342 1220 2367 recta
1244 2336 1325 2366 ratio
1350 2342 1463 2366 censet
1492 2342 1521 2366 et
1552 2336 1635 2366 sicut
1665 2336 1758 2376 ipsae
1782 2335 1891 2377 Leges
1924 2335 2103 2374 declarant,

1108 2481 1109 2488 ἵ
1132 2456 1175 2484 15)
1196 2455 1364 2486 Intelligatur]
1385 2456 1457 2480 Editt.
1481 2457 1552 2479 1—4.
1573 2456 1594 2481 6.
1614 2456 1636 2480 ss.
1656 2457 1680 2480 9.
1699 2457 1849 2487 Intelligitur

1135 2506 1178 2533 16)
1198 2506 1315 2536 naturae]
1333 2506 1405 2531 Editt.
1426 2508 1463 2532 18.
1482 2508 1523 2530 20.
1544 2508 1592 2536 ἓξ»,
1612 2508 1683 2538 Coi-p.
1705 2509 1726 2531 1.
1747 2508 1770 2533 2.
1789 2509 1810 2530 4.
1831 2512 1921 2533 natura

1136 2558 1178 2587 17)
1199 2557 1270 2588 Cum]
1291 2557 1363 2582 Editt.
1386 2558 1492 2580 15—17.
1513 2559 1552 2580 21.
1574 2558 1614 2581 22.
1635 2559 1672 2583 21.
1693 2560 1743 2584 28..
1763 2560 1821 2589 Opp.
1844 2561 1863 2582 1.
1885 2560 1906 2582 ¹2.
1927 2560 1987 2584 Dum

1919 2612 1949 2633 4ss
