2358 2933
248 111 324 139 1007

244 203 373 243 spondit
409 203 570 244 Origenes
604 202 823 233 Christianam
863 203 1006 235 militiam
1042 213 1118 235 esse
1151 214 1211 244 pro

245 245 386 284 imperiis
411 244 516 275 Deum
546 246 682 284 precari.
729 244 799 275 Etsi
834 246 874 275 de
902 251 995 286 parte
1029 244 1213 277 officiorum

245 294 429 317 nostrorum
453 292 540 317 reete
552 287 714 327 Origenes
738 288 918 327 respondit,
941 293 1047 318 tamen
1070 298 1136 319 non
1160 298 1212 319 sa·

245 331 285 359 tis
308 330 397 359 dixit.
444 328 623 369 Utrumque
647 335 715 359 erat
745 328 1042 370 complectendum,
1070 335 1101 361 et
1124 330 1213 361 dimi-

245 379 295 401 cat
320 373 349 401 in
373 371 443 401 acic
466 369 671 401 Christianus
700 372 789 402 iuxta
813 372 1035 408 vocationem,
1070 377 1100 402 et
1123 381 1213 402 arma

245 414 452 444 imm-atione
476 412 536 442 Dei
571 414 719 449 adiuvat,
753 419 786 443 ut
810 413 917 444 David
952 415 1124 444 invasurus
1148 413 1213 444 Go-

245 455 322 486 liath
346 456 471 485 instruit
498 465 535 484 se
557 456 710 494 precibus
735 462 765 486 et
780 454 890 486 funda.
925 455 1103 486 Antecellit
1117 456 1214 497 igitur

245 498 448 528 christianus
484 496 577 526 miles
609 496 759 537 profano.
806 497 981 528 Praeterea
1012 497 1093 528 fines
1125 497 1214 528 diffe-

246 547 327 570 runt.
374 538 479 569 David
503 538 696 579 proeliatur,
720 546 753 570 ut
777 540 930 570 defendat
954 539 1134 571 coelestem
1157 540 1213 569 do-

245 584 390 612 ctrinam.
438 580 536 612 lulius
560 580 748 621 proeliatur,
773 588 805 612 ut
830 592 924 613 suam
947 583 1137 623 dignitatem
1160 583 1213 612 de-

245 624 365 654 fendat.
411 623 466 654 sic
489 622 653 654 antecellit
677 625 876 665 gubernator
894 624 1016 654 {esaias
1041 623 1213 655 Ciceroni:

245 667 360 696 t'icero
395 666 436 696 ad
467 667 736 707 gubernationem
766 672 888 697 tantum
912 676 970 697 sua
994 665 1131 697 consilia
1154 676 1213 697 seu

245 708 446 749 prudentiam
470 718 562 738 suam
585 714 615 738 et
639 708 838 749 diligentiam
862 708 966 745 affert,
990 708 1110 739 [esaias
1133 718 1212 739 vero

245 758 273 781 et
300 760 414 791 preces
436 757 466 780 et
490 751 704 790 prudentiam,
727 757 757 780 et
782 760 881 791 saepe
905 749 1056 788 clamitat,
1075 756 1109 781 ut
1132 751 1213 781 scri-

246 794 330 823 bitur
351 793 381 823 2.
406 791 512 823 Paral.
536 793 587 822 20.
614 795 675 828 ivs.
703 793 764 830 1⁴24
790 792 872 823 Cum
894 793 1102 833 ignoramuS,
1137 793 1213 833 quid

246 834 428 866 faciendum
448 835 499 871 sit,
524 833 639 865 oculos
662 841 795 865 nostros
818 835 859 865 ad
882 840 914 864 te
936 834 1126 865 attollimus.

332 877 422 908 llaec
457 877 497 906 de
525 877 673 907 secunda
701 876 816 918 regula
839 876 981 907 breviter
1011 877 1094 914 dixi,
1130 886 1213 917 quae

247 920 288 960 pii
317 918 461 950 lectores
495 918 668 960 diligenter
690 919 885 960 expendant,
920 925 954 949 ut
978 919 1105 949 discant
1128 919 1214 950 vitae

245 960 394 1002 politicae
416 961 602 1002 dignitatem
624 960 820 1003 intelligere,
843 966 872 991 et
894 961 1114 998 considerent,
1137 961 1213 1001 quid

246 1005 367 1035 intersit
392 1005 475 1034 inter
497 1003 663 1043 politicum
687 1005 790 1034 virum
813 1005 899 1044 pium
923 1010 953 1033 et
977 1002 1158 1043 profanum¹

330 1045 436 1076 Tertia
467 1045 590 1086 regula.
636 1044 851 1087 Evangelium
881 1055 945 1075 non
973 1046 1146 1086 praecipit,
1180 1052 1214 1076 ut

247 1096 376 1119 nostrae
398 1087 532 1129 politiae
553 1094 709 1129 regantur
730 1087 859 1129 legibus
882 1086 1070 1118 forensibus
1093 1087 1212 1128 Moysi,

247 1142 305 1162 ner
340 1141 458 1161 novam
480 1129 620 1171 aliquam
643 1129 847 1171 corporalem
869 1129 1012 1170 politiam
1035 1130 1214 1166 constituit,

246 1174 305 1204 sed
326 1174 411 1204 iubet
432 1182 492 1202 nos
515 1173 743 1213 praesentibus
766 1173 1009 1213 magistratibus
1033 1182 1072 1203 ac
1084 1170 1213 1212 legibus

246 1217 485 1256 obtemperare,
513 1225 597 1255 quae
620 1221 727 1247 tamen
751 1224 816 1245 non
839 1220 987 1256 pugnant
1000 1225 1073 1245 cum
1084 1213 1213 1255 legibus

246 1265 398 1294 naturae,
433 1263 462 1287 et
496 1257 669 1297 praecipit,
704 1262 738 1288 ut
767 1262 958 1297 praesentes
981 1254 1109 1296 politias
1132 1256 1214 1287 tueri

246 1307 277 1330 et
300 1309 418 1329 ornare
443 1299 643 1329 studeamus.
689 1299 745 1329 Sic
769 1299 853 1329 enim
876 1299 977 1339 inquit
997 1298 1119 1328 diserte
1130 1297 1213 1328 Pau-

246 1342 296 1372 lus
331 1341 437 1378 ilioni.
466 1341 513 1376 13,
540 1342 598 1378 14:
645 1342 760 1371 Omnis
791 1341 897 1371 anima
930 1340 1095 1380 potestati,
1130 1350 1214 1380 quae

247 1391 387 1424 praeest,
409 1383 473 1414 hoc
497 1390 558 1415 est,
581 1384 745 1423 praesenti
769 1382 920 1423 potestati
944 1383 1085 1413 obediat.
1120 1382 1214 1412 Hanc

246 1425 392 1467 regulam
415 1426 488 1456 ideo
513 1427 679 1462 recensui,
703 1426 778 1466 quia
800 1425 928 1455 memini
950 1423 1082 1460 multos,
1102 1423 1214 1453 Mone-

246 1469 377 1504 tarium,
411 1467 589 1498 Struthium
608 1473 637 1497 et
662 1467 758 1501 alios,
782 1467 835 1507 qui
859 1466 1100 1497 contendebant
1124 1465 1215 1496 Chri-

245 1511 370 1541 stianos
394 1516 545 1550 oportere
569 1509 814 1541 controversias
834 1507 986 1539 forenses
1009 1508 1153 1538 iudicare
1176 1518 1214 1538 ex

246 1552 373 1593 legibus
398 1552 551 1583 Mosaicis
575 1558 605 1582 et
631 1550 826 1582 abolendum
851 1560 926 1581 esse
949 1551 998 1580 ius
1022 1549 1214 1587 Romanum,

246 1606 310 1635 quo
344 1605 428 1625 nilne
464 1595 493 1625 in
528 1594 599 1624 soro
634 1595 765 1625 utimur:
811 1593 884 1623 Hoc
917 1593 993 1633 quid
1023 1598 1092 1623 erat
1115 1591 1215 1629 aliud,

247 1647 342 1678 quam
362 1638 533 1667 restituere
551 1636 695 1676 politiam
717 1635 913 1673 Mosaicam,
948 1645 1043 1675 quam
1065 1639 1100 1665 ut
1122 1634 1214 1665 Deus

247 1680 431 1709 ostenderet
451 1689 514 1709 non
540 1685 694 1718 oportere
716 1683 906 1718 perpetuam
930 1686 1016 1713 esse,
1028 1676 1171 1707 funditus
1184 1682 1215 1706 et

245 1720 391 1751 horribili
415 1720 562 1761 exemplo
587 1720 706 1751 delevit
718 1722 733 1751 [ἐ

331 1763 438 1803 Saepe
472 1765 533 1794 iam
569 1764 687 1793 dictum
718 1768 767 1793 est
792 1760 1005 1803 Evangelium
1029 1760 1215 1791 concionari

247 1807 286 1835 de
320 1806 440 1836 iustitia
474 1804 634 1845 spirituali
659 1811 688 1835 et
711 1811 861 1840 aeterna,
896 1810 930 1834 ut
952 1802 1074 1834 Paulus
1098 1804 1214 1843 inquit:

246 1846 459 1889 Evangelium
483 1854 533 1878 est
555 1848 767 1878 ministerium
790 1847 935 1886 spiritus,
965 1856 1026 1876 nec
1050 1844 1215 1875 constituit

248 1896 369 1920 certam
393 1889 595 1929 corporalem
618 1888 773 1929 politiam,
797 1889 856 1919 sed
881 1888 956 1918 sinit
978 1898 1040 1917 nos
1063 1888 1109 1917 uti
1121 1886 1214 1917 dissi-

247 1930 374 1963 milibus
397 1931 516 1971 politiis
529 1932 678 1962 Gentium
701 1937 736 1962 ut
760 1929 971 1961 dissimilibus
995 1930 1117 1960 diemm
1140 1938 1214 1968 spa-

247 1974 309 2009 tiis,
339 1975 435 2004 modo
458 1981 494 2004 ut
515 1973 606 2015 leges
630 1983 693 2003 non
716 1978 862 2013 pugnent
885 1983 959 2003 cum
983 1972 1052 2002 iure
1064 1976 1212 2007 naturae,

247 2017 305 2047 sed
327 2017 507 2057 approbent
530 2016 669 2046 honesta
691 2014 778 2045 sacta
797 2021 824 2045 et
840 2015 973 2054 puniant
986 2014 1102 2053 turpia.
1131 2012 1214 2043 Nam

247 2058 332 2089 hanc
355 2057 500 2099 regulam
523 2059 618 2089 iudex
642 2057 848 2088 Christianus
872 2057 963 2096 sequi
987 2056 1094 2092 debet,
1119 2065 1214 2095 quam

248 2107 277 2130 et
302 2099 421 2131 Paulus
444 2101 557 2131 recitat
581 2100 673 2130 Rom.
699 2098 747 2128 13.
773 2101 853 2137 [νε-ς.
872 2099 892 2128 2
912 2099 976 2138 sq.]
1000 2097 1214 2139 Magistratus

248 2144 366 2173 tribuat
388 2142 543 2173 honorem
568 2150 656 2173 recte
680 2141 776 2172 sactis
801 2147 831 2171 et
845 2140 1086 2180 puniatturpia.
1122 2139 1214 2173 Quae

249 2196 324 2214 vero
348 2186 412 2215 sint
435 2186 583 2221 honesta,
606 2194 689 2225 quae
711 2184 817 2222 turpia
839 2184 870 2212 in
885 2183 1041 2219 moribus,
1065 2182 1216 2212 diiudicat

250 2227 298 2257 lcx
324 2234 468 2258 naturae.

322 2268 449 2300 Deinde
458 2268 536 2299 nihil
548 2266 858 2299 interestEcclesiae
872 2268 902 2296 in
916 2266 1070 2307 his,quae
1083 2272 1158 2296 sunt
1170 2267 1215 2296 iu-

249 2313 290 2341 ris
310 2312 449 2350 positivi,
463 2312 548 2352 quod
558 2310 649 2352 leges
660 2309 807 2340 Gallicae
820 2310 849 2339 in
860 2310 973 2348 poenis
986 2314 1042 2339 aut
1052 2308 1216 2339 divisioni-

249 2355 308 2384 bus
327 2352 563 2383 haereditatum
581 2358 635 2383 aut
657 2352 926 2383 successionibus
944 2349 1119 2381 dissimiles
1139 2354 1215 2379 sunt

249 2395 463 2426 Germanicis.
506 2395 621 2425 Utatur
639 2392 844 2424 Christianus
862 2394 891 2423 in
912 2393 1066 2423 Armenia
1086 2391 1216 2432 legibus

247 2436 385 2476 politicis
395 2437 463 2468 eius
471 2436 597 2473 Gentis,
609 2443 641 2467 at
655 2437 685 2466 in
699 2437 827 2467 civitate
834 2435 962 2466 Veneta
974 2433 1216 2475 utaturlegibus

250 2479 394 2510 Venetis.
437 2479 583 2516 Memini,
630 2479 661 2508 ui
682 2477 838 2508 nolebant
864 2476 952 2508 ullos
974 2475 1064 2508 fures
1087 2473 1216 2516 capitali

248 2519 510 2562 suppliciafficio,
527 2489 668 2561 quiatiex
677 2520 784 2561 Moysi
797 2520 885 2559 punit
905 2518 1008 2549 furem
1022 2515 1215 2559 quadruplo.

867 108 978 142 PHlL.
1002 110 1105 142 MEL.
1129 111 1313 143 SCRlP'l'A
1335 110 1609 145 noGMA'rch.

2146 114 2226 147 1008

1255 204 1326 236 Etsi
1335 212 1568 246 grassatorem,
1580 210 1615 236 ut
1626 204 1797 244 latronem,
1810 207 1905 238 etiam
1913 212 2062 239 vetustae
2070 207 2162 249 leges
2172 218 2225 240 ca-

1255 246 1343 318 pitali
1376 246 1535 287 supplicio
1559 246 1756 285 afficiebant,
1786 254 1817 279 et
1848 248 1912 280 hac
1945 250 2072 281 ratione
2096 251 2223 291 quidam

1269 289 1322 330 egi
1354 290 1498 320 usitatae
1521 298 1586 319 non
1610 289 1829 329 imprudenter
1850 291 2115 330 patrocinantur,
2150 292 2225 332 quia

1256 331 1287 361 in
1322 330 1373 362 his
1408 332 1590 362 barbaricis
1624 333 1777 371 gentibus
1812 330 1901 363 fures
1934 332 2126 375 plerumque
2149 339 2225 364 sunt

1256 378 1466 413 grassatores
1490 379 1521 403 et
1544 372 1619 404 telis
1643 379 1675 403 et
1697 373 1864 405 voluntate
1885 376 2023 406 nocendi
2041 376 2167 413 armati,
2189 382 2225 406 ut

1256 414 1419 450 latrones3
1454 421 1560 446 tamen
1583 416 1681 446 iudex
1703 414 1910 447 Christianus
1934 422 1965 447 et
1986 416 2050 449 hoc
2076 417 2224 448 conside-

1258 463 1318 494 ret,
1353 457 1433 487 satis
1468 467 1554 495 esse,
1590 458 1618 487 si
1642 456 1695 488 lex
1718 463 1879 498 congruat
1897 459 1939 488 atl
1960 458 2046 489 hanc
2068 457 2225 500 regulam,

1257 504 1292 530 ut
1314 499 1420 538 turpia
1442 498 1529 530 facta
1552 500 1673 540 puniat,
1696 498 1823 530 Deinde
1846 500 1968 541 gradus
1991 502 2225 540 permittendus

1258 550 1332 572 esse
1366 540 1474 581 legum
1498 542 1739 579 conditoribuS,
1773 543 1922 573 severius
1946 543 2127 582 puniendos
2150 552 2226 573 esse

1258 582 1348 614 fures
1388 583 1419 613 in
1453 584 1492 613 iis
1522 583 1700 621 GentibuS,
1744 584 1798 614 ubi
1831 583 2002 624 disciplina
2028 583 2135 616 laxior
2164 590 2225 622 est,

1258 635 1354 666 quam
1382 623 1477 662 alili,
1500 625 1553 655 ubi
1581 624 1710 656 fuerunt
1733 625 1797 656 alia
1819 625 1921 657 multa
1945 626 2135 666 disciplinae
2157 627 2226 658 vin-

1259 666 1344 699 cula.
1389 667 1458 697 Nec
1486 666 1580 697 Deus
1613 667 1773 706 improbat
1797 668 2022 706 severitatem,
2056 669 2133 710 quia
2150 678 2226 708 pec-

1258 715 1332 740 cata
1366 714 1480 739 nostra
1513 709 1583 739 sine
1613 709 1711 739 dubio
1741 716 1906 740 merentur
1939 716 2074 741 mortem
2108 711 2226 741 iudicio

1258 750 1327 781 Dei.
1374 750 1445 781 Lex
1464 749 1574 791 Moysi
1607 749 1707 781 filium
1739 750 1924 782 helluonem
1949 758 1980 783 et
2003 758 2227 784 contumacem

1258 792 1326 824 vult
1360 793 1402 822 ad
1435 792 1558 823 iudices
1593 792 1710 823 adduci
1743 799 1775 823 et
1808 794 2057 825 condemnatum
2077 794 2226 826 interfici.

1258 835 1348 866 Haec
1370 833 1422 864 lex
1445 834 1679 865 honestissima
1701 844 1787 866 nunc
1815 835 1910 865 nimis
1933 836 2034 866 tristis
2053 836 2227 873 diceretur,

1258 887 1342 917 quae
1376 882 1483 907 tamen
1507 877 1648 907 ostendit
1671 876 1744 907 Deo
1768 875 1897 916 placere
1921 876 2112 918 disciplinae
2135 887 2227 909 seve-

1258 920 1395 949 ritatem.
1432 919 1554 949 ()mitto
1577 918 1629 949 hic
1652 917 1835 960 longiorem
1857 919 2127 960 disputationem3=
2145 919 2228 950 Nam

1258 960 1341 991 haee
1365 961 1516 991 recensui
1546 966 1669 991 tantum
1695 962 1736 991 ad
1760 960 2101 993 commonefaciendus
2120 962 2228 993 rudio-

1259 1014 1325 1040 res,
1348 1012 1389 1033 ne
1411 1008 1605 1034 moveantur
1628 1001 1827 1034 clamoribus
1850 1001 1996 1041 illorum,
2019 1004 2073 1045 qui
2097 1009 2228 1035 conten-

1260 1046 1338 1076 dunt
1373 1055 1487 1076 rursus
1520 1046 1552 1075 in
1582 1043 1687 1075 forum
1721 1044 1813 1085 leges
1836 1045 2004 1076 Mosaicas
2028 1045 2228 1077 invehendas

1260 1097 1335 1118 esse
1359 1093 1390 1117 et
1412 1087 1463 1118 ius
1482 1087 1663 1118 Romanum
1686 1086 1881 1118 abolendum
1905 1097 1992 1119 esse.

1345 1129 1386 1160 Et
1419 1129 1460 1160 (le
1492 1129 1612 1160 usitata
1634 1130 1901 1171 πολυπραγμοσύνη
1921 1129 2108 1161 iuvenilium
2137 1131 2228 1171 inge-

1259 1173 1404 1208 niorum,
1444 1176 1556 1202 vetera
1588 1171 1736 1202 instituta
1768 1172 1945 1202 mediocria
1977 1171 2228 1213 reprehendere,

1260 1224 1363 1245 novas
1388 1212 1479 1254 leges
1502 1213 1609 1251 ferre,
1644 1213 1878 1253 expeditiorem
1902 1214 2048 1245 ordinem
2072 1214 2228 1256 cognitio-

1259 1266 1335 1287 num
1358 1256 1389 1285 in
1413 1256 1539 1286 iudiciis
1561 1256 1797 1296 praescribere,
1820 1265 1933 1296 regere
1952 1255 2058 1287 forum
2075 1262 2229 1297 tanquam

1259 1296 1408 1328 aedilitiis
1427 1298 1553 1334 edictis,
1577 1303 1720 1328 statuere
1742 1307 1849 1328 rerum
1872 1297 2034 1328 venalium
2057 1299 2172 1338 pretia,
2194 1304 2228 1328 ut

1259 1340 1387 1370 memini
1411 1338 1585 1370 Mustelam
1614 1338 1707 1370 aulas
1731 1340 1851 1369 docere
1874 1340 1914 1370 de
1936 1340 2050 1370 ordine
2072 1340 2228 1380 cognitio-

1260 1392 1345 1412 num.
1389 1381 1460 1411 Nec
1491 1391 1553 1421 ego
1576 1391 1663 1411 nunc
1686 1379 1883 1421 diligentiam
1907 1382 2087 1422 sapientum
2111 1383 2228 1422 guber-

1260 1429 1409 1453 natorum
1431 1422 1646 1463 reprehend0,
1669 1423 1729 1452 sed
1751 1421 1925 1453 iuvenilem
1937 1423 2228 1464 πολυπραγμοσύνην,

1260 1475 1357 1506 quam
1379 1463 1509 1495 frenare
1530 1463 1609 1495 utile
1632 1470 1683 1494 est
1705 1465 1896 1504 praesertim
1918 1465 1950 1495 in
1973 1465 2028 1501 iis,
2064 1465 2118 1505 qui
2141 1465 2228 1496 mini-

1260 1508 1361 1537 sterio
1381 1506 1550 1547 Evangelii
1573 1505 1763 1547 funguntur.
1787 1506 1827 1536 Hi
1845 1512 2028 1546 proponant
2050 1507 2229 1538 doctrinam

1261 1550 1301 1580 de
1336 1559 1412 1580 vera
1435 1548 1497 1579 Dei
1530 1549 1791 1589 invocationem)
1827 1554 1859 1579 et
1893 1549 1933 1579 de
1964 1549 2081 1580 ceteris
2111 1547 2228 1580 officiis

1260 1591 1399 1632 pietatis.
1445 1591 1637 1621 ludiciorum
1672 1596 1780 1621 autem
1813 1596 1846 1621 et
1877 1589 1939 1621 sori
1962 1591 2228 1631 gubernationem

1261 1635 1367 1664 sciant
1390 1632 1462 1663 aliis
1485 1633 1665 1664 artificibus
1689 1632 1946 1663 commendatam
1968 1642 2057 1670 esse,
2082 1638 2113 1663 et
2136 1643 2229 1672 prae·

1263 1676 1347 1716 cepti
1369 1675 1479 1706 usitati
1502 1675 1715 1712 meminerint,
1743 1680 1779 1705 ut
1802 1684 1894 1705 suam
1917 1676 2055 1716 quisque
2077 1674 2229 1715 Spartam

1262 1723 1366 1748 ornet.
1412 1716 1455 1747 Ut
1487 1717 1574 1757 apud
1596 1716 1850 1757 Aristophanem
1874 1716 1978 1748 Cleon
2012 1717 2128 1748 dicitur
2149 1715 2228 1747 alte-

1261 1770 1332 1791 rum
1354 1759 1469 1799 pedem
1492 1760 1524 1789 in
1548 1760 1654 1796 curia,
1677 1757 1813 1789 alterum
1836 1759 1867 1789 in
1890 1759 2008 1790 castris
2030 1758 2162 1796 habere,
2184 1760 2228 1789 ita

1261 1803 1314 1832 isti
1338 1801 1525 1842 inquieti77)
1549 1800 1687 1832 alterum
1710 1801 1825 1841 pedem
1849 1801 1881 1831 in
1905 1802 2012 1838 curia,
2035 1799 2173 1832 alterum
2195 1802 2228 1831 in

1260 1843 1411 1874 Ecclesia
1434 1843 1567 1879 habent,
1592 1849 1623 1873 et
1647 1844 1805 1874 interdum
1828 1844 1963 1881 perinde
1985 1843 2129 1874 condunt
2152 1843 2229 1874 civi-

1259 1892 1371 1923 tatem,
1390 1891 1423 1916 ut
1445 1886 1538 1916 simia
1560 1885 1592 1915 in
1611 1884 1721 1916 fabula
1733 1885 1960 1926 Hermogenis,
1983 1894 2067 1925 quae
2085 1884 2228 1925 aliquan-

1260 1929 1301 1959 do
1326 1933 1422 1968 capta
1445 1928 1486 1958 ab
1509 1927 1694 1957 hominibus
1719 1928 1844 1957 viderat
1866 1928 1977 1964 urbes,
1990 1927 2116 1963 domos,
2128 1926 2228 1957 homi-

1258 1980 1335 2000 num
1357 1979 1573 2011 congressuS,
1596 1968 1733 2006 theatra,
1757 1967 1956 2008 spectacula,
1980 1967 2089 1999 ludos.
2133 1967 2228 1999 Redit

1259 2013 1357 2053 igitur
1377 2012 1419 2042 ad
1441 2012 1552 2042 simias
1575 2021 1614 2041 ac
1637 2017 1758 2047 narrat,
1783 2011 1859 2051 quid
1877 2011 2003 2047 viderit,
2021 2009 2180 2047 hortatur,
2193 2016 2229 2040 ut

1259 2054 1424 2084 hominum
1447 2053 1621 2084 imitatione
1646 2053 1788 2083 condant
1812 2053 1945 2089 domos,
1974 2053 2091 2093 quibus
2115 2058 2227 2093 tegan-

1259 2102 1311 2127 tur
1333 2102 1447 2126 contra
1469 2100 1700 2134 tempestates,
1724 2101 1756 2125 et
1777 2095 1898 2125 addant
1919 2095 2047 2125 moenia
2065 2094 2229 2125 adversus

1260 2137 1385 2176 leones,
1419 2137 1526 2178 lupos,
1550 2136 1707 2167 homines.
1752 2136 1821 2167 Nec
1857 2141 1980 2167 tantum
2001 2135 2085 2166 haec
2106 2134 2227 2167 utilitas

1260 2181 1470 2220 proponitur,
1493 2179 1551 2209 sed
1576 2184 1870 2209 connnemorantur
1894 2178 2021 2209 theatra
2044 2184 2075 2209 et
2099 2183 2227 2218 specta-

1261 2221 1344 2253 cula.
1389 2222 1511 2252 Horum
1542 2221 1672 2251 imitatio
1707 2230 1844 2261 magnas
1875 2219 2060 2261 voluptates
2083 2221 2227 2259 paritura

1260 2264 1438 2295 videbatur.
1496 2262 1611 2295 Placet
1644 2263 1740 2303 igitur
1770 2261 1948 2293 consilium.
1993 2261 2034 2292 Et
2068 2262 2227 2292 dimittunt

1261 2305 1391 2336 vetulae
1434 2306 1547 2335 simiae
1579 2305 1722 2335 iuniores
1755 2305 1796 2334 ad
1830 2305 1995 2335 materiam
2029 2304 2226 2335 caedendam

1262 2352 1315 2378 aut
1340 2358 1421 2378 saxa
1445 2346 1668 2377 convehenda.
1715 2346 1780 2377 Sed
1805 2346 1856 2376 hic
1881 2345 2125 2385 deprehendunt
2148 2343 2227 2376 stul-

1262 2474 1306 2504 76)
1326 2474 1492 2504 invocatione]
1512 2474 1584 2499 Editt.
1605 2476 1623 2496 l.
1643 2474 1666 2496 3.
1687 2474 1812 2502 agnitione
1833 2476 1858 2498 et
1875 2474 2029 2498 invocatione

1262 2526 1307 2554 77)
1326 2526 1429 2555 inquieti
1447 2525 1504 2556 etc}
1525 2525 1596 2549 Editt.
1618 2526 1638 2546 1.
1659 2524 1682 2546 3,
1701 2524 1791 2548 curiosi
