2358 2933
230 884 274 908 8-0

231 984 258 1008 111

265 400 302 422 52.
329 406 363 421 a..
385 390 433 418 uis
467 395 593 428 agatur,
619 393 621 397 “
647 388 780 420 liberius
814 391 1053 430 dispensemus.

858 131 966 162 PHlL.
991 130 1091 162 MEL.
1116 130 1300 162 SCRIPTA
1322 131 1594 163 DOGMATICA.

867 222 906 253 Et

829 265 861 295 in

955 222 1066 253 Roma.

929 264 993 295 tide
1037 266 1204 305 suscipite.

391 224 448 252 tris
494 224 598 253 anima
645 223 792 261 perdere.

300 276 323 292 ιυ
388 267 448 301 svs.
504 265 566 301 1,;Ι
619 264 779 294 infirmum

1107 223 1204 253 ΧΙΙΙΙ.
1226 229 1229 243 ·

1295 223 1406 254 Habes
1430 234 1538 254 rerum
1562 223 1821 263 theologicarum
1845 226 2068 256 communissi-

1250 275 1321 296 mos
1346 265 1455 297 locos.
1486 276 1623 307 qnorum
1648 266 1845 296 exactiorem
1870 268 2028 297 rationem
2050 277 2069 298 e

388 307 580 346 Quanquam
609 305 672 335 illis
706 307 906 345 temporibus
936 307 977 337 de
1000 307 1107 338 divina
1130 307 1206 348 lege
1226 338 1228 342 ,
1250 308 1420 349 scripturis
1454 314 1540 347 pete,
1570 318 1631 338 nos
1666 309 1810 338 contenti
1844 319 1955 339 sumus
1988 309 2068 340 iudi-

389 349 558 387 :igebatmu
582 357 667 377 nunc
686 357 759 378 cum
782 349 822 378 de
846 348 1074 379 traditionibus
1093 349 1205 380 huma·
1226 347 1228 383 Ι

385 432 513 469 impium
544 437 593 461 est
625 432 870 472 obtemperare,
901 433 1005 463 sicubi
1033 440 1106 463 sunt
1130 427 1227 474 Epi-l

384 473 474 511 scopi
510 473 563 512 qui
599 483 709 503 eariuu
745 475 1007 504 observationem
1041 474 1201 516 exigunt¹

298 524 321 541 ικ
384 515 426 543 ita
450 521 481 543 nt
507 516 739 546 ‹·‹ms‹·ientimu
758 523 896 556 peccato
916 524 1084 548 oneratam
1103 517 1201 549 velint
1225 517 1226 531 ³

383 556 409 584 si
445 555 617 586 violentur.
686 558 766 588 Sunt
803 560 886 589 enim
921 569 993 589 cum
1028 557 1226 599 exiguntur?

384 598 626 628 daemoniorum
661 600 838 631 doctrinae.
875 608 1040 631 caeteruin
1074 603 1101 632 si
1136 613 1200 632 non

384 640 564 679 exigantur.
601 640 690 671 Pauli
727 642 840 684 regula
875 650 1033 673 servetur.
1087 644 1202 684 Neque

383 682 524 712 :ibiuidat
550 684 602 722 qui
628 685 811 722 manducat,
837 695 942 725 neque
966 691 1039 725 eget
1064 687 1201 725 quinon
1224 682 1225 689 ¹

382 724 564 754 manducat.
590 724 610 754 Ι.
635 725 782 756 Corinth.
808 726 891 756 Vin.
918 731 979 764 ivs.
1005 727 1134 764 8.].³⁴)'

302 883 346 906 Pro
365 883 403 909 iis,
422 886 485 912 quae
505 886 519 904 a
540 880 581 904 sol.
605 880 659 904 138.
678 880 699 902 b.
719 879 760 902 lin.
780 879 802 903 8.
816 878 847 902 ad
868 877 910 902 sol.
940 879 993 907 139,
1013 883 1034 902 a.
1054 877 1094 902 lin.
1109 879 1144 902 19.
1165 878 1200 902 le-

297 920 402 943 guntur,
429 916 452 939 in
472 913 512 938 Ed.
541 915 562 937 7.
581 913 643 942 (Foi.
662 912 719 937 xri.
744 912 767 936 b.
786 912 827 936 lin.
845 913 885 936 22.
911 911 941 935 ad
961 911 1010 936 Fol.
1030 911 1097 937 xcn.
1116 918 1137 936 a.
1157 912 1199 936 lin.

301 950 351 974 17.)
371 949 432 973 haec
450 951 524 973 sunt:

329 983 353 1006 ln
374 983 402 1006 iis
429 987 493 1012 quae
512 980 595 1005 media
614 983 686 1005 sunt.
705 980 767 1005 satis
785 983 823 1004 est
844 979 973 1004 docuisse.
992 978 1058 1009 quod
1078 984 1125 1002 nec
1144 984 1200 1008 pec-

298 1019 365 1040 cent.
384 1017 425 1045 qui
443 1015 536 1039 violant
561 1014 685 1038 eiusmodi
704 1014 859 1039 traditiones,
879 1018 925 1037 nec
943 1013 1024 1041 pietas
1044 1013 1084 1038 sit.
1113 1013 1200 1037 obser-

299 1056 380 1073 xasse.
399 1049 482 1079 qualia
502 1051 570 1073 sunt.
589 1053 691 1072 carnem
710 1047 795 1073 edere.
814 1047 853 1071 vel
873 1052 922 1071 non
941 1046 1028 1071 edere.
1048 1046 1140 1070 vestire
1159 1052 1200 1070 ru-

299 1084 342 1107 bro
373 1086 415 1107 aut
441 1083 513 1111 nigro
538 1084 583 1105 etr.
628 1082 652 1106 Et
673 1082 733 1111 quin
751 1082 806 1105 sine
826 1081 909 1110 aliquo
928 1081 1069 1104 animarum
1089 1080 1200 1109 periculo

300 1117 396 1140 <errari
421 1119 538 1146 possunt.
564 1117 700 1140 serventur
722 1116 825 1144 propter
849 1114 978 1144 imperitos
1003 1117 1028 1138 et
1053 1114 1200 1141 ignorantes

299 1150 433 1174 libertam.
461 1151 578 1179 tanquam
599 1149 664 1173 aliae
682 1148 874 1173 observationes
893 1147 1016 1178 politicae.
1052 1148 1130 1172 Nemo
1149 1148 1201 1178 pie-

299 1188 375 1207 {atem
396 1184 419 1207 in
439 1189 468 1207 eo
487 1183 563 1212 ponit.
583 1183 649 1212 quod
667 1182 791 1212 adsurgat
808 1182 908 1209 seniori.
933 1187 1015 1211 neque
1035 1186 1124 1206 rursus
1143 1187 1201 1211 pec-

299 1218 357 1241 cari.
377 1218 397 1241 si
417 1217 458 1241 iile
478 1216 541 1240 sorte
562 1215 663 1241 fortuna
681 1216 846 1246 praeteriens,
865 1221 880 1240 a
897 1215 970 1239 nobis
990 1221 1039 1239 non
1054 1215 1129 1239 fuerit
1143 1221 1201 1239 ron-

299 1255 407 1280 specius.
442 1251 488 1274 Pro
508 1250 630 1274 eiusmodi
648 1249 766 1275 humanis
783 1249 999 1278 ordinationibus,
1027 1254 1072 1273 sen
1091 1249 1202 1273 elemen-

299 1284 330 1308 tis
351 1283 445 1308 mundi.
463 1284 605 1308 habeantur
622 1284 648 1308 et
665 1282 806 1314 pontificiae
824 1283 906 1313 leges,
931 1288 994 1313 quas
1022 1282 1202 1307 ordinationes.

299 1318 341 1347 qui
372 1323 404 1342 ex
429 1319 572 1347 contemptu
590 1317 681 1347 violat,
706 1318 802 1348 peccat.
845 1317 909 1342 Sunt
924 1317 992 1341 enim
1011 1319 1143 1341 creaturae
1163 1316 1203 1340 dei

300 1351 391 1378 honae.
421 1351 512 1381 publici
532 1356 628 1380 mores,
655 1351 746 1382 quibus
763 1351 825 1376 nihil
842 1353 968 1381 peccatur.
1005 1350 1096 1375 Notum
1117 1353 1202 1374 autem

301 1388 340 1409 est
360 1384 422 1409 iilud
438 1385 556 1414 Apostoli,
573 1390 655 1415 neque
674 1384 806 1410 abundare
816 1384 944 1414 edentem,
954 1390 1036 1414 neque
1056 1389 1132 1413 egere
1146 1384 1204 1409 abs-

1105 391 1203 422 lnuno
1220 389 1233 422 ἦ

1251 359 1346 380 casse
1370 351 1445 390 quid
1466 351 1635 380 observes.
1660 350 1821 390 Adeoque
1833 361 1959 381 mecum
1971 352 2068 382 etiam

1251 393 1335 422 bene
1357 399 1466 422 actum
1490 399 1583 431 puto,
1607 393 1694 432 quod
1718 393 1847 422 tenuius
1871 403 1924 423 res
1948 399 2068 430 tantas,

1249 444 1344 474 quam
1367 433 1486 471 dc'bui,
1509 435 1654 464 tractavi.
1679 445 1720 464 ne
1743 445 1838 475 quem
1860 433 2003 465 infoelici
2024 435 2069 465 di-

1225 474 1227 513 ]
1249 476 1383 516 ligentia
1405 487 1424 506 a
1447 477 1617 515 scripturis
1642 478 1682 506 ad
1706 487 1797 507 meas
1831 477 2068 517 disputationes

1249 528 1434 548 avocarent.
1483 518 1612 549 seuseu
1644 519 1728 549 enim
1760 529 1824 549 non
1848 518 1943 549 aliter
1970 527 2069 560 atque

1248 566 1373 600 pestem
1397 559 1746 601 fugiendoshominum
1771 562 2068 592 commentat-insin

1249 603 1347 632 rebus
1371 604 1507 633 sacris.¹
1533 604 1629 637 Quod
1653 604 1799 633 doctrina
1825 604 1958 643 spiritus
1974 614 2067 644 pure,

1248 645 1308 673 nisi
1340 654 1358 674 e
1387 646 1558 685 scripturis
1591 645 1712 675 hauriri
1737 656 1800 676 non
1822 647 1939 685 possit.
1987 646 2068 681 Quis

1249 687 1333 716 enim
1357 688 1504 726 spiritum
1525 688 1576 717 dei
1597 689 1731 728 propius
1745 689 1957 727 expresserit,
1971 698 2067 728 quam

1224 725 1225 730 ¹
1249 729 1318 767 ipse
1342 730 1438 758 sese?

1402 818 1452 843 Ωιῖκ
1471 819 1499 843 ἐν
1519 819 1590 851 λόγω
1609 818 1622 850 ἦ
1639 820 1759 852 βασιλεία
1778 823 1828 845 τοῦ

1468 854 1534 877 θεοῦ
1552 851 1568 877 α’
1600 850 1607 859 '
1622 853 1651 877 ἐν
1669 853 1792 887 δυνάμει.

1315 988 1443 1012 tinentem.

2160 132 2179 162 Ν)

2181 132 2223 165 ἃ

2132 235 2161 252 '20

2092 436 2144 458 1:39.
2165 435 2186 458 b.

1498 988 1525 1012 Et
1542 993 1649 1017 regnum
1669 989 1709 1013 dei
1727 994 1778 1014 non
1797 994 1856 1013 esse
1874 989 1899 1014 in
1918 990 1973 1014 cibo
1991 992 2017 1014 et
2034 992 2102 1020 potu,
2120 991 2166 1015 sed
2185 992 2221 1016 iu-

1314 1022 1417 1047 stitiam.
1442 1028 1539 1052 pacem,
1563 1024 1588 1046 et
1612 1022 1732 1051 gaudium
1758 1023 1782 1047 in
1801 1023 1889 1052 spiritu
1908 1024 2002 1048 sancto.
2038 1024 2067 1049 Et
2084 1025 2107 1048 in
2127 1025 2222 1050 Coloss-

1315 1062 1365 1080 non
1391 1056 1519 1080 damnavit
1544 1056 1672 1080 elementa
1691 1056 1786 1085 mundi,
1806 1058 1904 1081 tantum
1923 1062 1973 1082 non
1991 1058 2071 1082 voluit
2088 1064 2134 1083 nos
2153 1057 2221 1088 δογ-

1314 1089 1490 1121 ματίζεσθαι,
1518 1089 1542 1114 id
1561 1091 1617 1120 est,
1645 1090 1804 1129 conscientiis
1829 1091 1930 1120 vexari,
1957 1093 2062 1121 propter
2078 1092 2223 1117 huiusmodi

1319 1129 1411 1148 mores.

1350 1182 1418 1206 Nunc
1438 1182 1552 1206 videmus
1572 1184 1693 1212 quantum
1712 1183 1844 1207 concilient
1863 1183 1971 1207 invidiae
1990 1183 2224 1214 Evangeiimquili-

1319 1215 1416 1240 bertate
1443 1216 1597 1245 abutuntur,
1627 1216 1658 1240 ad
1683 1222 1745 1246 quos
1763 1216 1927 1246 Evangelium
1946 1222 2050 1246 prorsus
2069 1218 2128 1242 nihii
2147 1218 2223 1247 perti-

1316 1252 1366 1273 net.
1403 1250 1467 1273 Sut‘s
1492 1249 1558 1273 enim
1578 1251 1649 1279 sunt,
1670 1249 1760 1280 quibus
1778 1256 1829 1275 non
1847 1252 1907 1275 sunt
1925 1250 2081 1275 obiiciendae
2101 1251 2224 1280 margari-

1318 1284 1367 1307 tae.
1404 1283 1474 1312 [mpii
1502 1283 1630 1308 homines.
1664 1283 1706 1314 qui
1732 1284 1788 1308 cibo
1817 1284 1922 1308 fratrem
1949 1284 2073 1314 perdunt.

2101 1291 2145 1314 pro
2173 1291 2223 1315 quo

1319 1316 1432 1341 Christus
1451 1318 1566 1341 mortuus
1585 1319 1630 1342 est.
1641 1317 1726 1347 Itaque
1737 1323 1800 1347 quae
1813 1318 1882 1347 pacis
1892 1320 1952 1343 sunt
1974 1320 2110 1347 sectemur,
2121 1320 2147 1343 et
2159 1324 2223 1348 quae

1319 1350 1499 1375 aedificationis
1519 1352 1578 1375 sunt
1596 1351 1701 1375 invicem
1721 1351 1901 1376 custodiamus.

1944 1353 1974 1376 At
2003 1352 2064 1383 quid
2081 1351 2223 1382 aedificent,

1320 1385 1364 1414 qui
1383 1384 1533 1413 lix-angelica
1543 1384 1660 1408 libertate
1675 1384 1706 1409 ad
1720 1391 1793 1409 suam
1813 1386 1910 1410 tantum
1929 1385 2060 1410 libidinem
2079 1386 2224 1410 abutuntur.

234 1629 291 1658 His
308 1628 401 1657 Locis
416 1629 443 1656 in
463 1628 580 1656 duabus
599 1626 692 1656 Editt.
715 1626 779 1655 scil.
804 1628 851 1654 13.
873 1630 902 1655 et
926 1629 972 1655 15.
993 1626 1075 1658 (vide
1095 1635 1194 1654 earum
1215 1626 1444 1663 descriptionem
1466 1634 1557 1662 supra
1575 1634 1604 1663 p.
1621 1626 1756 1654 67-70.
1769 1626 1966 1664 propositam)
1985 1626 2013 1654 iu
2034 1626 2091 1654 fine
2110 1636 2223 1655 annexa

235 1701 303 1724 sunt
329 1695 591 1724 Melanthonis
625 1694 664 1722 de
690 1693 810 1731 duplici
838 1694 958 1722 iustitia
984 1692 1141 1725 Themata,
1176 1702 1253 1730 quae
1287 1693 1361 1720 inter
1386 1693 1451 1719 eius
1471 1691 1701 1729 Propositiones
1721 1693 1748 1720 in
1768 1692 1859 1720 huius
1879 1690 1969 1730 Corp.
1990 1692 2058 1721 Vol.
2077 1692 2145 1721 XII.
2165 1703 2222 1721 non

236 1874 553 1914 THEMATA
606 1872 893 1912 PHILIPPI
945 1869 1421 1911 MELANTHONIS

851 1761 1047 1793 inveniuntur,
1067 1763 1247 1798 quapropter
1265 1759 1294 1787 h.
1315 1758 1335 1787 1.
1355 1759 1507 1787 atterenda
1525 1762 1603 1787 sunt.

829 1956 1101 2009 regimineque
1134 1955 1325 2009 corporali
1357 1961 1398 1993 et
1427 1953 1626 2008 spirituali.

314 2075 321 2092 ¹
478 2058 609 2111 Duple'x
628 2075 677 2100 est
697 2071 852 2111 regimen,
876 2068 1055 2110 spirituale,
1079 2076 1111 2100 et
1135 2080 1206 2100 cor-

391 2112 514 2153 porale.

310 2157 323 2174 ²
480 2153 661 2195 Corporale
686 2155 846 2195 regimen,
875 2154 916 2184 de
938 2159 1072 2184 externo
1098 2163 1206 2184 rerum

392 2208 452 2228 usu
476 2197 651 2227 constituit.

311 2242 323 2259 3
480 2239 603 2278 Estque
623 2238 727 2269 civilis
744 2238 990 2274 administratio,
1010 2247 1074 2277 qua
1094 2236 1206 2267 coher-

395 2288 487 2311 cetur
506 2291 635 2320 corpus,
654 2291 708 2311 res
722 2281 917 2315 dividuntur,
936 2281 986 2310 vis
1004 2279 1205 2320 prohibetur.

314 2326 327 2342 ⁴
481 2322 572 2353 Deus
586 2323 743 2353 commisit
756 2322 849 2352 Adae
862 2322 1006 2362 regimen
1023 2320 1206 2361 corporale,

397 2375 468 2395 cum
488 2366 516 2394 ei
537 2366 673 2394 subiecit
691 2364 826 2402 Hevam,
845 2364 1079 2404 praecepitque
1102 2364 1206 2393 occidi

397 2407 584 2436 homicidas.
611 2407 749 2436 Genesis
768 2406 798 2436 9.

482 2448 530 2477 Ea
560 2446 611 2477 lex
634 2455 747 2487 postea
772 2448 962 2478 confirmata
985 2454 1048 2483 est,
1078 2453 1109 2477 et
1132 2446 1208 2488 lege

398 2491 436 2519 de
461 2489 580 2519 talione
605 2498 634 2520 et
658 2497 850 2530 praecepto,
874 2490 1007 2520 Honora
1031 2495 1153 2529 patrem
1178 2494 1207 2519 et

397 2538 541 2561 matrem.

1338 2068 1481 2098 Proinde
1509 2068 1578 2097 iure
1607 2066 1745 2102 Divino,
1779 2067 1986 2097 commissum
2017 2072 2068 2097 est

1252 2111 1453 2151 parentibus,
1476 2116 1510 2140 ut
1533 2108 1685 2139 familiam
1707 2107 1923 2149 corporaliter
1941 2115 2069 2150 regant.

1338 2153 1373 2182 ld
1391 2152 1479 2193 quod
1497 2156 1636 2181 testatur
1654 2150 1718 2187 lex,
1744 2160 1828 2191 quae
1847 2151 1898 2180 ius
1916 2149 1994 2181 facit
2013 2160 2068 2181 oc·

1253 2195 1379 2225 cidendi
1404 2200 1629 2224 contumacem
1652 2192 1751 2223 filium
1775 2193 1932 2223 Deutero.
1951 2193 2003 2222 21.

1337 2237 1420 2271 Quia
1445 2236 1528 2266 enim
1551 2234 1603 2265 lex
1622 2234 1683 2265 Dei
1703 2245 1767 2265 non
1791 2235 1961 2272 iustificat,
1990 2234 2068 2265 Ideo

1252 2279 1393 2310 iustitiae
1424 2278 1532 2308 carnis
1565 2279 1597 2307 in
1626 2277 1700 2318 lege
1724 2278 1861 2308 traditae
1886 2283 1970 2307 sunt.

1340 2321 1430 2351 Haec
1455 2321 1537 2351 enim
1561 2325 1697 2350 externa
1720 2319 1955 2350 administratio
1978 2319 2068 2349 iusti-

1253 2363 1297 2394 tia
1317 2364 1425 2393 carnis
1447 2368 1506 2392 est.

1338 2405 1514 2435 Parentum
1532 2403 1608 2433 loco
1632 2409 1724 2441 sunt,
1755 2403 1871 2443 quibus
1896 2401 1941 2432 illi
1965 2403 2070 2432 vicem

1253 2457 1344 2477 suam
1369 2448 1567 2477 committunt
1592 2453 1624 2476 ut
1644 2446 1839 2485 paedagogi,
1858 2445 2070 2485 magistratus

1253 2490 1285 2518 in
1304 2490 1449 2525 urbibus,
1473 2489 1649 2528 principes,
1673 2488 1714 2517 ad
1733 2496 1816 2528 quos
1839 2496 2003 2517 consensu
2026 2487 2070 2516 ci-

1254 2531 1341 2561 vium
1366 2530 1509 2561 defertur
1534 2531 1712 2570 imperium.

1473 1870 1553 1909 DE
1605 1868 1875 1909 DUPLICI
1933 1869 2223 1910 IUSTITIA
