2358 2933
150 162 225 195 XIII
2073 163 2149 195 XIV

213 257 308 297 [vm]
353 256 402 286 De
429 257 523 295 gratia
546 260 576 286 et
601 255 638 284 de
667 255 878 284 iustificatione
918 264 947 294 p.
972 256 1034 284 420
1057 265 1123 294 sqq.
1422 255 1470 285 De
1495 254 1686 284 consessione
1731 278 1738 284 .
1785 278 1791 284 .
1838 281 1843 286 .
1891 278 1896 283 .
1946 267 1974 295 p.
1997 260 2055 287 493
2081 268 2148 296 sqq.

244 299 310 339 [IX]
356 300 404 330 De
427 300 516 329 bonis
540 298 682 338 operibus
703 320 710 327 .
812 319 818 326 .
866 319 872 324 .
911 316 951 320 —-
972 299 1032 327 428
1058 317 1097 320 —
1422 298 1470 327 De
1494 298 1701 327 satisfactione
1731 320 1738 327 .
1891 321 1897 328 .
1937 318 1977 322 —
1997 303 2056 331 495
2082 319 2121 323 --

398 341 447 371 De
460 342 711 382 promissionibus
723 339 874 379 legalibus
911 358 951 362 —
971 342 1033 370 434
1057 359 1097 362 —
1422 341 1470 370 De
1504 345 1655 380 potestate
1690 341 1901 371 ecclesiastica

244 385 310 425 [XI]
356 385 405 415 De
429 385 601 414 discrimine
630 384 747 423 peccati
772 386 878 413 morta·
936 407 938 409 .
1466 394 1523 413 seu
1547 385 1584 413 de
1608 384 1742 413 clavibus
1784 408 1789 414 .
1837 408 1842 414 .
1889 406 1895 413 .
1935 404 1975 407 —
1996 387 2051 415 501
2081 405 2119 409 -

397 428 436 458 lis
455 438 489 457 ac
512 427 640 456 venialis
652 447 873 456 .....
911 443 951 448 —
972 428 1031 455 447
1057 444 1097 447 —
1253 425 1335 464 [XII]
1381 426 1428 455 De
1446 427 1577 455 ecclesia
1622 449 1895 456 ......
1935 446 1974 450 —
1996 430 2056 457 505
2081 447 2120 451 —

210 471 308 510 [XIV]
354 471 401 501 De
423 470 712 512 praedestinatione.
759 492 765 499 .
813 491 819 498 .
867 492 873 499 .
911 487 952 491 —-
971 471 1033 498 450
1058 487 1097 491 --
1236 467 1334 507 [XXI]
1380 468 1428 498 De
1451 470 1660 499 traditionibus
1685 470 1823 499 humanis
1838 492 1844 499 .
1891 493 1897 498 .
1936 490 1976 493 -
1997 473 2057 500 510
2082 491 2121 494 —

258 514 310 553 [X]
356 514 403 543 De
421 514 593 543 discrimine
615 512 739 542 Veteris
763 516 794 542 et
814 511 877 541 No·
1223 511 1335 550 [XXII]
1380 511 1428 540 De
1451 513 1675 541 mortificatione
1731 535 1737 541 .
1785 537 1790 542 .
1838 536 1845 543 .
1892 536 1898 542 .
1936 533 1975 536 —
1997 516 2056 543 514
2082 534 2121 537 —

396 558 425 585 vi
449 556 636 585 Testamenti
652 577 870 584 .....
909 573 950 577 —-
971 556 1030 584 453
1056 573 1095 576 —
1209 554 1332 592 [XXIII]
1378 553 1425 583 De
1450 555 1592 583 scandalo
1623 577 1896 585 ......
1939 577 1968 579 —
1997 559 2056 586 516
2082 577 2121 579 --—

198 599 307 638 [XVII]
352 600 400 629 De
424 600 530 638 spiritu
553 602 584 628 et
601 598 688 627 litera
706 621 712 627 .
758 622 765 627 .
811 620 818 626 .
865 618 872 625 .
910 616 950 619 —
971 599 1030 627 456
1056 615 1096 619 -—-
1246 597 1330 636 [XV]
1376 597 1424 626 De
1447 608 1538 635 regno
1563 596 1676 627 Christi
1731 623 1736 628 .
1784 620 1790 626 .
1837 622 1843 627 .
1891 621 1897 627 .
1938 619 1973 622 —
1996 602 2055 630 519
2081 619 2120 622 —

179 642 307 681 [XXIV]
351 642 399 672 De
421 642 559 672 libertate
583 641 764 671 christiana.
813 663 819 669 .
866 662 872 668 .
911 659 948 663 —
971 642 1031 669 458
1058 659 1094 663 —
1229 640 1329 679 [XVI]
1372 640 1420 669 De
1445 642 1665 670 resurrectione
1689 644 1870 670 mortuorum
1891 664 1897 670 .
1934 662 1973 665 —
1995 644 2054 672 524
2081 662 2118 665 -—

209 684 303 724 [XIII]
348 685 396 715 De
419 686 614 716 sacramentis
649 706 656 712 .
703 706 710 712 .
758 706 764 712 .
812 705 819 712 .
865 705 871 712 .
910 701 951 706 —-
971 685 1029 712 467
1056 702 1096 705 -
1197 682 1326 722 [XVIII]
1370 682 1418 712 De
1444 684 1656 713 afflictionibus
1683 694 1739 713 seu
1758 684 1795 712 de
1815 695 1901 713 cruce

396 728 443 758 De
467 731 719 758 sacramentonun
753 736 874 756 numero
911 744 952 748 —
972 727 1032 756 469
1063 745 1095 748 —
1443 726 1597 756 toleranda
1627 749 1897 757 ......
1936 747 1975 750 -
1996 730 2055 758 528
2082 748 2120 752 —

397 771 444 801 De
468 772 618 810 baptismo
651 791 873 801 .....
912 787 948 791 -
971 771 1028 798 471
1056 788 1095 791 -
1234 768 1331 807 [ΧΙΧ]
1376 768 1424 798 De
1448 771 1579 798 oratione
1625 790 1900 800 ......
1939 790 1977 793 —
2000 773 2059 801 536
2081 791 2120 794 -ψ

397 814 444 843 De
469 824 563 843 coena
584 813 704 842 Domini
757 835 764 841 .
812 836 818 842 .
865 836 871 842 .
908 830 949 834 —
970 814 1030 842 476
1059 831 1095 834 a
1245 813 1329 851 [XX]
1376 811 1423 841 De
1447 813 1671 850 magistratibus
1703 813 1841 842 civilibus
1872 818 1901 843 et

397 857 444 886 De
468 857 667 886 eucharistico
691 856 838 885 sacrificio
867 881 872 886 .
910 873 950 877 -—-
971 857 1027 884 481
1056 874 1095 877 -
1443 856 1586 893 dignitate
1605 866 1699 884 rerum
1712 856 1898 894 politicarum
1936 876 1975 879 —
1997 859 2055 887 542
2081 877 2117 880 -—

396 900 445 929 De
467 901 651 940 poenitentia
701 923 706 928 .
807 920 814 927 .
861 924 867 929 .
906 916 946 920 —-—
971 900 1031 927 4255
1056 917 1096 921 —
1378 897 1426 927 De
1449 898 1552 937 politia
1576 898 1785 928 ecclesiastica
1837 921 1843 927 .
1892 921 1897 927 .
1937 919 1975 921 —
1997 903 2055 929 555
2082 920 2121 922 ›—

397 942 446 972 De
491 947 617 982 peccato
662 943 691 970 in
733 921 876 980 Spiritum
1378 940 1426 970 De
1450 941 1566 979 angelis
1620 963 1896 972 ......
1935 962 1974 964 —ff
1996 945 2053 972 557
2082 962 2117 966 -

460 990 594 1015 sanctum
651 1005 869 1014 .....
908 1002 947 1005 —
969 985 1028 1013 485
1055 1002 1094 1005 —

148 1028 296 1058 Postsatio
321 1038 351 1066 p.
373 1030 432 1057 559
456 1038 500 1065 sq.

632 1139 669 1169 D.
716 1137 872 1169 TERTIA
893 1137 1032 1167 AETAS
1056 1136 1267 1167 LOCORCM
1292 1136 1661 1168 THEOLOGICORUM

887 1208 924 1237 ab
948 1207 1015 1246 ipso
1039 1206 1236 1237 Melanthone
1255 1207 1410 1237 editorum.

353 1275 574 1315 prolegomena
593 1276 740 1316 specialia
762 1287 790 1316 p.
816 1277 994 1306 561—602.

146 1343 238 1374 Loci
262 1345 460 1384 praecipui
494 1345 710 1385 theologici
745 1356 840 1375 nunc
871 1345 992 1374 denuo
1017 1355 1103 1374 cura
1127 1349 1164 1374 et
1190 1344 1401 1383 diligentia
1423 1355 1562 1373 summa
1584 1345 1783 1383 recogniti,
1808 1345 2022 1385 multisque
2043 1348 2074 1375 in
2099 1347 2147 1376 lo-

300 1389 359 1418 cis
379 1390 541 1428 copiose
561 1389 757 1418 illustrati
776 1399 838 1428 per
861 1387 956 1417 Phil.
976 1388 1258 1418 Melanthonem
1282 1399 1310 1427 p.
1333 1390 1530 1418 601—1106.

350 1456 492 1497 Epistola
509 1457 582 1487 Mel.
603 1458 639 1487 ad
664 1459 746 1497 pium
764 1457 908 1487 lectorem
931 1466 960 1495 p.
987 1459 1043 1487 601
1072 1467 1141 1496 sqq.

349 1525 425 1556 Loci
451 1526 615 1565 theologici
636 1526 754 1556 collecti
779 1537 796 1556 a
818 1525 897 1556 Phil.
922 1525 1135 1556 Melanthone:

350 1626 501 1656 Praefatio
546 1651 868 1658 .......
914 1639 933 1668 p
968 1631 1026 1658 603
1052 1639 1110 1669 sqq
1265 1629 1332 1661 Vll.

280 1666 300 1696 l.
344 1668 391 1697 De
415 1669 482 1698 Deo
542 1693 868 1701 .......
906 1690 947 1693 ——
968 1674 1026 1701 607
1052 1691 1093 1694 —

415 1710 463 1740 De
482 1712 579 1741 tribus
604 1714 746 1752 personis
760 1713 873 1742 Divini-

477 1755 549 1784 tatis
595 1779 869 1786 ......
905 1774 946 1778 -—
969 1759 1026 1786 613
1052 1775 1092 1779 —
1248 1757 1328 1786 vlu.

414 1796 461 1826 De
480 1797 558 1826 Filio
594 1822 866 1829 ......
905 1818 945 1821 -
967 1802 1026 1829 615
1051 1819 1091 1823 ——-

414 1839 462 1869 De
486 1841 597 1880 Spiritu
621 1846 727 1871 sancto
752 1865 758 1871 .
806 1866 811 1871 .
860 1867 866 1873 .
904 1861 944 1864 —
967 1844 1025 1872 629
1050 1860 1091 1865 ——-

268 1882 300 1913 n.
344 1883 393 1912 De
413 1884 562 1913 creatione
597 1908 865 1915 ......
904 1904 944 1907 —
965 1887 1022 1915 637
1050 1904 1091 1909 —-
1279 1885 1329 1917 IX.

246 1925 295 1956 Ill.
341 1926 389 1956 De
419 1937 512 1956 causa
545 1929 661 1965 peccati
686 1932 715 1957 et
739 1928 776 1957 de
803 1938 871 1956 con-

412 1970 557 2008 tingentia
594 1994 867 2001 ......
904 1990 946 1994 —
967 1973 1025 2001 643
1051 1990 1091 1994 ——

252 2010 305 2043 lv.
350 2011 398 2042 De
427 2013 565 2042 humanis
598 2014 713 2043 viribus
747 2024 804 2044 seu
834 2014 871 2043 de

406 2055 501 2085 libero
521 2056 639 2085 arbitrio
649 2080 867 2087 .....
905 2076 945 2079 ——
967 2059 1025 2087 652
1051 2076 1091 2080 -

263 2097 302 2128 V.
347 2097 395 2128 De
417 2103 543 2138 peccato
594 2123 866 2130 ......
904 2119 944 2123 »-
965 2102 1024 2130 665
1050 2120 1089 2123 -

412 2141 460 2170 De
482 2146 604 2181 peccato
629 2143 753 2181 originis
807 2167 812 2173 .
859 2167 864 2172 .
903 2162 943 2166 —
964 2146 1024 2174 668
1049 2163 1089 2166 ——

407 2183 455 2213 De
477 2186 610 2224 peccatis
630 2186 812 2216 actualibus.
859 2210 864 2215 .
903 2205 943 2208 —
965 2188 1024 2216 678
1049 2206 1091 2216 —.

246 2224 299 2256 Vl.
345 2226 392 2255 De
410 2226 479 2266 lege
502 2228 602 2257 divina
647 2252 864 2259 .....
902 2248 943 2252 —
964 2232 1023 2259 685
1050 2249 1086 2252 -

411 2269 530 2299 Divisio
553 2271 652 2310 legum
699 2296 706 2302 .
752 2296 758 2302 .
806 2296 812 2302 .
860 2296 865 2301 .
906 2291 943 2295 —
965 2274 1022 2302 687
1049 2283 1094 2311 sq.

410 2312 570 2351 Expositio
590 2314 726 2354 decalogi
750 2339 756 2344 .
804 2339 810 2345 .
857 2339 862 2344 .
901 2334 942 2338 ——
962 2318 1021 2345 688
1047 2326 1115 2355 sqq.

411 2355 460 2384 De
483 2355 552 2394 lege
576 2360 696 2387 naturae
753 2381 758 2387 .
805 2381 811 2387 .
858 2382 864 2388 .
904 2377 942 2381 —
965 2361 1018 2388 711
1049 2378 1088 2382 ———

411 2398 460 2427 De
483 2409 542 2428 usu
564 2399 645 2440 legis
702 2424 708 2430 .
755 2424 761 2430 .
807 2426 813 2432 .
859 2425 865 2431 .
903 2420 944 2423 —
965 2404 1023 2431 716
1048 2421 1088 2424 —
1288 2402 1325 2431 Χ.

411 2441 459 2471 De
479 2442 650 2471 discrimine
674 2444 868 2474 consiliorum

501 2489 531 2514 et
552 2490 777 2525 praeceptorum
807 2511 813 2517 .
858 2511 864 2517 .
902 2506 942 2510 -—
964 2490 1022 2518 719
1048 2507 1088 2510 —-
1273 2487 1323 2517 xl.

409 2526 458 2556 De
480 2528 612 2558 vindicta
648 2552 866 2560 .....
903 2549 943 2552 -
964 2532 1024 2560 720
1049 2550 1088 2553 -—

411 2568 459 2598 De
477 2575 654 2610 paupertate
700 2596 705 2601 .
753 2596 758 2602 .
806 2595 811 2601 .
858 2597 863 2603 .
904 2592 940 2596 -—
963 2575 1023 2603 724
1047 2593 1087 2597 —
1262 2573 1327 2603 ΧΠ.

409 2611 458 2642 De
482 2615 620 2644 castitate
644 2639 650 2644 .
901 2635 941 2639 —
963 2619 1023 2647 728
1048 2636 1087 2640 -

1378 1630 1426 1660 De
1446 1629 1602 1669 evangelio
1623 1653 1894 1660 ......
1941 1640 1967 1669 p.
1995 1631 2052 1659 732
2078 1641 2145 1669 sqq.

1442 1673 1544 1708 Quare
1575 1684 1650 1713 opus
1680 1677 1729 1702 est
1751 1673 1898 1710 evangelii

1477 1717 1701 1755 promissione?
1732 1739 1737 1745 .
1784 1739 1788 1744 .
1837 1739 1842 1745 .
1889 1739 1895 1745 .
1934 1735 1973 1738 —
1995 1719 2054 1769 735
2080 1735 2120 1738 —

1375 1757 1423 1787 De
1446 1760 1541 1797 gratia
1570 1764 1599 1789 et
1623 1760 1660 1788 de
1685 1758 1896 1788 iustificatione
2015 1762 2052 1789 39
2078 1778 2117 1781 -—

1442 1801 1489 1829 De
1513 1802 1659 1831 vocabulo
1680 1802 1748 1830 fidei
1783 1825 1789 1831 .
1836 1827 1842 1832 .
1889 1826 1895 1831 .
1932 1820 1972 1824 —
1994 1774 2052 1831 742
2078 1822 2118 1824 —

1437 1843 1485 1872 De
1508 1844 1656 1873 xmahulo
1680 1845 1791 1882 gratiae
1836 1868 1842 1874 .
1889 1869 1894 1874 .
1932 1863 1973 1866 —-
1995 1847 2051 1874 7)]
2079 1864 2117 1867 -—

1376 1887 1424 1916 De
1448 1888 1535 1915 bonis
1560 1888 1700 1926 operibus
1730 1911 1735 1916 .
1782 1911 1788 1916 .
1932 1905 1971 1909 —
1994 1890 2052 1917 762
2078 1907 2118 1910 —-

1440 1934 1463 1959 1.
1473 1930 1679 1968 Quaeoperas
1665 1929 1894 1959 untsacienda?
1929 1949 1970 1952 -
1993 1933 2050 1961 763
2077 1941 2124 1969 sq.

1438 1975 1463 2002 2.
1473 1972 1631 2008 Quomodo
1641 1983 1715 2011 poss
1701 1973 1898 2003 untfieribo-

1470 2026 1507 2044 na
1531 2017 1643 2054 opera?
1678 2039 1683 2045 .
1730 2040 1736 2045 .
1889 2041 1895 2047 ,
1933 2036 1973 2039 —-—
1995 2019 2053 2047 765
2078 2028 2145 2056 sqq.

1437 2061 1464 2090 3
1476 2058 1761 2097 Qurmodoplacent
1772 2057 1838 2087 Deo
1847 2059 1897 2088 bo-

1472 2104 1636 2140 nauper‘a!
1676 2125 1681 2130 .
1729 2126 1734 2130 .
1781 2125 1786 2130 .
1834 2125 1839 2131 .
1887 2126 1892 2131 .
1930 2105 2050 2133 -767
2077 2122 2115 2125 ——

1436 2144 1602 2183 4.P10pte1
1625 2155 1700 2183 quas
1715 2154 1843 2173 caussas
1857 2145 1896 2173 sa-

1470 2188 1577 2217 cienda
1595 2191 1665 2217 sunt
1687 2188 1766 2216 bona
1785 2188 1895 2226 opera?
1934 2207 1968 2210 —-
1993 2191 2052 2218 775
2077 2208 2115 2210 ψ

1469 2230 1516 2259 De
1536 2232 1676 2269 praemiis
1729 2254 1734 2260 .
1782 2255 1787 2260 .
1835 2254 1840 2260 .
1887 2254 1893 2260 .
1932 2251 1968 2254 -—-
1992 2234 2049 2261 777
2078 2251 2113 2254 —

1434 2274 1892 2312 5.Dediscriminepeccatorum
1932 2293 1968 2296 —
1993 2277 2052 2304 780
2077 2293 2116 2296 -

1468 2316 1516 2345 De
1532 2317 1714 2355 argumentis
1731 2317 1895 2345 adversari-

1519 2370 1601 2388 orum
1675 2383 1891 2390 .....
1929 2378 1968 2382 —
1992 2362 2049 2390 783
2075 2379 2115 2382 —

1372 2402 1420 2431 De
1445 2402 1616 2431 discrimine
1629 2402 1752 2432 Veteris
1772 2406 1801 2432 et
1816 2401 1894 2431 Novi

1437 2445 1622 2476 Testamenti
1676 2469 1892 2476 .....
1930 2465 1970 2468 —
1991 2448 2051 2475 500
2075 2466 2114 2468 —

1370 2486 1418 2517 De
1453 2489 1624 2518 discrimine
1652 2490 1766 2528 peccati
1790 2492 1895 2518 morta-

1435 2531 1475 2560 lis
1499 2535 1529 2561 et
1551 2532 1677 2561 venialis
1728 2556 1733 2561 .
1781 2556 1787 2561 .
1833 2555 1839 2561 .
1885 2555 1890 2561 .
1929 2551 1968 2554 -—
1989 2534 2048 2561 816
2077 2552 2113 2554 -

1373 2573 1420 2603 De
1444 2575 1578 2604 ecclesia
1619 2598 1890 2606 ......
1930 2594 1969 2597 »ο-
1991 2577 2050 2604 825
2075 2594 2114 2596 —

1437 2616 1548 2648 Contra
1569 2618 1748 2647 Donatistas
1929 2637 1964 2639 —
1989 2620 2049 2647 840
2074 2636 2113 2639 —
