2358 2933
211 104 274 135 923

213 205 313 236 saepe
335 195 367 224 in
390 192 575 223 Ecclesiam
599 190 740 229 irrepsit.
781 189 927 220 Fuerunt
950 189 1035 218 enim
1059 193 1091 218 et
1114 186 1190 217 olim

213 238 344 269 sanativi
365 237 498 276 spiritus
512 232 692 264 Chiliastae
716 238 746 262 et
761 231 948 271 Pepusiani‚
973 230 1027 271 qui
1051 228 1116 260 tale
1140 239 1190 260 re-

215 291 314 319 gnum
339 277 621 317 Anabaptisticum
645 275 855 305 somniarunt.

216 316 225 323 I
299 320 473 361 Reliquum
495 324 564 355 est,
597 323 631 347 ut
654 317 839 347 testimonia
861 313 1074 356 colligamus,
1108 324 1192 354 quae

218 366 334 395 docent
359 364 391 392 in
416 359 565 391 Ecclesia
590 369 695 399 usque
714 360 755 390 ad
778 359 992 389 novissimum
1011 358 1095 387 diem
1117 367 1193 396 pro-

218 408 344 437 miscue
363 403 492 434 futuros
516 404 622 433 bonos
645 408 677 431 et
700 400 815 432 malos.
861 400 941 431 Luc.
964 400 1012 431 17.
1038 403 1100 436 lvs.
1124 399 1191 437 ‘284

216 450 310 479 Sicut
347 446 469 476 factum
503 451 550 475 est
587 445 618 474 in
653 444 768 474 diebus
792 443 865 480 Lot,
891 444 940 473 sic
963 443 1034 479 erit,
1054 452 1119 482 qua
1142 442 1194 472 die

216 491 314 521 filim
336 489 473 519 hominis
498 486 711 518 revelabitur.
757 486 835 516 Item
860 486 951 523 [ibid.
976 494 1026 515 vs.
1050 484 1134 523 344:
1159 484 1194 513 In

215 533 271 564 illa
294 538 391 562 nocte
415 536 509 560 erunt,
532 531 596 559 duo
616 530 647 559 in
670 527 757 559 lecto
790 538 867 565 11110,
891 537 976 558 1111115
1009 532 1194 557 assumetur

217 583 246 606 et
283 574 366 604 alter
399 572 610 612 relinquetur.
657 570 771 602 Matth.
800 571 848 601 13.
875 574 938 609 [vs.
959 570 1023 607 30.]
1049 570 1089 600 de
1112 570 1194 599 ziza-

216 619 294 648 niis:
315 616 420 647 Sinite
444 622 582 655 utraque
607 624 759 644 crescere
782 623 888 654 usque
911 613 954 643 ad
976 622 1119 642 messem
1131 618 1193 642 etc.

216 660 255 690 Et
279 657 376 699 paulo
401 664 475 697 post
503 661 584 694 {xuss-
608 656 660 686 39.
690 657 774 693 41.]:
809 656 931 686 Messis
955 655 1194 685 consummatio

216 701 319 732 seculi
354 707 422 730 est:
457 699 563 729 Mittet
587 698 688 729 Filius
710 698 849 729 hominis
873 697 1023 738 Angelos
1047 707 1140 734 suos,
1164 703 1195 727 et

219 743 375 785 colligent
400 743 440 772 de
464 752 568 782 regno
594 742 664 771 eius
689 742 796 771 omnia
819 739 957 771 sandala
985 746 1017 770 et
1041 750 1110 777 605,
1140 739 1194 780 qui

217 786 340 817 faciunt
375 786 574 825 iniquitatem
609 791 667 813 etc.
713 783 791 813 Item
826 786 909 821 [VSS.
946 783 988 813 49
1010 786 1092 823 sq.]:
1138 782 1195 812 sic

217 830 275 859 erit
312 829 342 858 in
379 827 659 857 consummatione
693 825 813 856 seculi:
854 825 993 855 Exibunt
1019 823 1140 865 Angeli
1163 830 1195 855 et

217 872 418 911 separabunt
454 868 559 899 malos
595 880 612 898 a
637 869 731 899 iustis
756 874 787 897 et
810 869 937 898 mittent
960 878 1018 897 eos
1043 868 1075 897 in
1099 867 1196 897 cami—

217 924 293 943 num
316 913 401 953 ignis
426 918 488 942 etc.
535 911 604 941 Hae
627 911 807 940 sententiae
830 916 993 940 testantur
1022 920 1088 940 non
1111 908 1195 939 futu-

217 966 285 986 ram
321 964 396 985 esse
429 954 671 994 separationem
705 959 893 983 sanctorum
927 954 967 983 ab
1002 952 1194 993 hypocritiS,

218 999 278 1028 nisi
303 999 335 1027 in
359 998 539 1027 novissimo
565 996 692 1026 iudicio.

304 1039 479 1070 Praeterea
503 1044 535 1068 et
564 1038 628 1068 hoc
652 1038 925 1068 considerandum
949 1043 1012 1074 est,
1036 1036 1195 1067 Pastores

218 1082 393 1114 habet-‹³2⁴›
428 1082 616 1111 mandatum
651 1080 952 1111 ext-onnnunicandi
986 1080 1089 1110 verbo
1125 1079 1196 1109 sine

218 1126 249 1155 vi
274 1123 436 1164 corporali
461 1134 535 1153 reos
558 1122 804 1153 manifestorum
829 1121 1001 1152 scelerum.
1046 1122 1122 1152 Non
1145 1127 1195 1151 est

218 1167 348 1197 hnmani
384 1167 491 1197 iudicii
526 1166 627 1195 corda
649 1167 810 1205 inspicere
835 1171 861 1195 61
889 1166 929 1195 (16
953 1164 1017 1194 11115
1041 1165 1195 1200 iudicare,

217 1210 269 1249 qui
305 1220 369 1239 non
395 1208 513 1238 habent
533 1207 704 1238 manifesta
728 1207 857 1238 delicta.
904 1208 980 1238 Ideo
1004 1206 1126 1237 Paulus
1151 1207 1196 1236 di-

218 1253 259 1281 cit
286 1251 424 1290 [L'l'im.
449 1251 480 1280 ὀ.
500 1251 576 1288 19.]ε
607 1251 779 1281 Adversus
800 1250 1034 1291 Presbyterum
1057 1260 1123 1279 non
1147 1260 1196 1279 re-

219 1294 322 1333 cipias
357 1294 601 1323 accusationem
636 1294 697 1323 nisi
733 1294 872 1323 testibus
897 1292 1058 1322 adhibitis.
1105 1292 1194 1332 Ergo

218 1337 271 1376 qui
305 1346 370 1366 non
405 1342 544 1375 possunt
580 1337 729 1366 convinci
754 1336 965 1371 testimoniis,
989 1344 1054 1364 non
1078 1335 1197 1364 debent

218 1378 359 1408 humano
385 1379 502 1408 iudicio
527 1379 684 1417 separari.
723 1377 930 1417 Impossibile
953 1383 1004 1407 est
1027 1377 1126 1418 igitur
1149 1383 1195 1407 ta-

218 1420 281 1450 lem
304 1419 489 1452 Ecclesiam
525 1422 729 1451 constituere
763 1427 838 1450 ante
862 1420 1077 1450 novissimum
1101 1420 1196 1455 diem,

218 1465 249 1493 in
273 1474 336 1504 qua
361 1462 439 1493 nulli
463 1464 526 1493 sint
550 1463 762 1504 hypocritam
803 1461 870 1492 Sed
893 1462 1051 1492 Pastores
1074 1460 1195 1491 faciant

836 95 948 127 PHIL.
971 93 1075 126 MEL.
1099 94 1284 126 SCRIPTA
1308 93 1585 126 DOGMATICA.

2152 102 2216 134 924

1236 198 1375 229 regnum
1398 187 1519 218 Christi
1554 196 1632 217 esse
1655 187 1836 228 spirituale,
1869 190 1989 222 afferre
2012 193 2099 224 bona
2121 196 2214 235 spiri-

1236 229 1338 261 tualia
1370 235 1402 260 et
1435 236 1582 266 aeterna,
1615 240 1677 261 nec
1711 241 1875 271 occupare
1906 233 2160 267 dominationem
2182 238 2214 268 111

1236 273 1371 309 mundo,
1396 273 1457 303 sed
1480 273 1585 312 magis
1610 273 1674 312 pati
1698 275 1979 313 persecutionem,
2003 277 2159 309 debemus
2183 286 2213 310 et

1235 314 1422 355 Prophetas
1463 313 1649 355 intelligere
1682 315 1771 346 iuxta
1803 316 2031 358 Evangelium.
2100 320 2215 361 ltaque

1237 356 1387 397 Apostoli
1421 358 1453 387 in
1488 357 1581 387 Actis
1612 358 1793 388 sententias
1828 359 1869 389 de
1903 370 2006 400 regno
2049 364 2214 401 promisso

1237 399 1356 429 Davidi
1390 398 1479 429 clare
1512 397 1714 430 transferunt
1737 400 1778 430 ad
1800 399 1866 430 1106
1890 411 2026 441 regnum
2048 404 2215 444 spirituale

1237 442 1421 472 subiectum
1449 442 1670 482 persecutioni
1694 448 1756 473 etc.
1801 442 1843 473 Et
1865 442 2017 475 Christus
2040 446 2215 486 reprehen-

1238 484 1283 514 dit
1316 485 1387 524 ipse
1419 483 1619 523 Apostolos,
1654 495 1726 515 cum
1759 484 1921 515 haberent
1943 485 2106 518 Iudaicam
2139 499 2213 528 per-

1239 528 1428 576 suasionem
1457 537 1497 557 ac
1519 532 1671 567 putarent
1696 537 1734 557 se
1757 533 1979 568 occupaturos
2004 539 2080 560 esse
2102 532 2211 562 mundi

1239 579 1382 609 imperia.

1325 612 1492 649 Secundo,
1504 611 1691 652 Prophetae
1714 613 1777 653 ipsi
1801 624 1988 654 quanquam
2011 615 2110 646 variis
2123 621 2217 647 utun-

1240 659 1292 684 tur
1324 654 1452 694 figuris,
1486 661 1594 685 tamen
1627 656 1756 686 interim
1790 656 1885 686 etiam
1909 657 2030 687 diserte
2053 663 2218 689 testantur

1240 707 1375 737 regnum
1399 696 1520 727 Christi
1548 696 1620 728 fore
1653 696 1835 738 spirituale.
1881 697 2000 729 Daniel
2029 698 2118 730 clare
2141 701 2218 732 dicit

1242 739 1287 777 [9‚
1305 739 1387 777 264:
1423 738 1574 770 Christus
1609 740 1785 770 occidetur.
1830 740 1872 771 Et
1895 741 2018 772 Iesaias
2043 741 2108 780 [53,
2133 742 2217 782 10.]:

1239 782 1346 813 Ponet
1368 783 1510 813 animam
1533 792 1627 812 suam
1649 793 1710 822 pro
1733 789 1883 822 peccato·
1912 783 2003 825 Ergo
2027 795 2093 815 11011
2116 783 2217 816 habe-

1239 825 1286 854 bit
1310 825 1560 855 dominationem
1584 823 1790 865 corporalem
1813 825 1844 854 in
1867 825 1933 855 hac
1956 827 2032 856 vita.
2066 826 2217 858 Praeter-

1239 877 1277 897 ea
1313 867 1476 898 affirmant
1506 877 1643 907 regnum
1667 866 1789 897 Christi
1814 877 1891 897 6556
1915 874 2104 906 aeternum,
2126 868 2218 901 nulla

1240 915 1347 940 autem
1383 909 1567 949 corporalis
1602 909 1715 948 politia
1749 916 1799 940 est
1832 915 1966 940 aeterna
1999 911 2032 940 in
2054 909 2118 941 hac
2141 912 2217 942 vita.

1240 952 1316 983 Ideo
1350 952 1474 993 figuras
1500 951 1683 992 corporalis
1707 951 1850 992 politiae,
1873 963 1955 993 quas
1978 953 2141 984 interdum
2163 964 2218 985 ac-

1241 996 1448 1025 commodant
1484 996 1525 1026 ad
1561 1005 1697 1035 regnum
1722 994 1844 1025 Christi
1868 1002 2055 1033 aeternum,
2077 1006 2218 1028 necesse

1240 1043 1290 1068 est
1314 1036 1494 1079 allegorice
1517 1036 1664 1078 intelligi.
1699 1037 1809 1077 Atque
1831 1038 1864 1067 id
1887 1048 2025 1079 regnum
2048 1044 2219 1071 aeternum

1240 1081 1271 1110 in
1294 1079 1356 1110 hac
1380 1081 1447 1110 vita
1470 1082 1501 1110 in
1526 1080 1649 1120 Spiritu
1674 1086 1704 1110 et
1729 1079 1793 1110 fide
1816 1079 2008 1118 inchoatur,
2045 1086 2077 1112 et
2099 1087 2215 1121 postea

1240 1123 1337 1153 durat
1370 1129 1530 1163 perpetuo
1565 1129 1640 1163 post
1665 1122 1751 1152 hanc
1775 1123 1886 1153 vitam.
1932 1123 2009 1153 Ideo
2033 1122 2218 1164 Prophetae

1239 1165 1400 1195 interdum
1423 1166 1468 1195 ita
1490 1165 1680 1205 loquuntur²
1715 1171 1750 1195 ut
1774 1175 1839 1195 non
1863 1166 2052 1196 discernant
2072 1171 2221 1205 tempora

1239 1208 1335 1238 huius
1360 1208 1445 1238 vitae
1469 1215 1500 1238 et
1525 1207 1656 1238 futurae
1680 1208 1774 1238 vitae.
1805 1207 1969 1237 Interdum
1992 1218 2073 1238 vero
2097 1208 2220 1238 discer-

1239 1256 1318 1280 nunt
1354 1256 1387 1280 et
1409 1249 1517 1290 palam
1550 1251 1782 1287 vaticinantur,
1805 1249 1990 1280 Ecclesiam
2013 1251 2046 1280 in
2069 1249 2133 1281 hac
2156 1251 2221 1281 vita

1238 1302 1413 1333 passuram
1437 1302 1512 1322 esse
1534 1293 1795 1332 persecutiones.
1841 1292 1933 1322 Sicut
1957 1293 2054 1323 docet
2075 1291 2165 1323 Psal.
2187 1292 2219 1323 2.

1241 1339 1303 1373 [vs.
1328 1335 1373 1372 2.]
1408 1335 1592 1365 Astiterunt
1617 1334 1725 1375 Reges
1760 1340 1869 1364 terrae
1893 1340 1925 1364 et
1944 1333 2116 1375 Principes
2141 1345 2219 1366 con-

1239 1383 1399 1408 venerunt
1433 1378 1465 1407 in
1495 1388 1594 1407 unum
1617 1377 1778 1406 adversus
1802 1376 1976 1406 Dominum
2000 1383 2032 1406 et
2055 1377 2220 1408 adversus

1240 1419 1405 1450 Chn‘stum
1429 1420 1510 1450 eius.
1554 1418 1597 1449 Et
1620 1417 1709 1448 Psal.
1736 1418 1805 1448 115.
1832 1421 1894 1455 [vs.
1919 1418 1982 1457 15.]
2013 1417 2164 1450 Pretiosa
2186 1421 2221 1452 in

1241 1467 1425 1502 conspectu
1443 1461 1577 1491 Domini
1612 1471 1702 1491 mors
1726 1466 1916 1490 sanctorum
1939 1462 2020 1491 eius.
2065 1461 2107 1492 Et
2130 1460 2220 1492 Psal.

218 1517 312 1536 suum
337 1504 493 1542 officium,
529 1516 610 1546 pure
645 1511 675 1535 et
699 1503 838 1535 fideliter
861 1505 1003 1535 doceant
1027 1510 1057 1533 et
1080 1502 1196 1533 Eccle-
1216 1510 1219 1544 Ι
1240 1505 1291 1534 71.
1316 1506 1380 1542 [vs.
1406 1504 1469 1542 144
1506 1503 1677 1534 Pretiosus
1701 1503 1838 1544 sanguis
1863 1512 1976 1533 eorum
2000 1514 2114 1534 coram
2135 1504 2220 1543 ipso.

216 1550 286 1580 siae
320 1548 590 1589 glorificationem
624 1548 854 1578 commendent
878 1546 1021 1577 Christo.

1067 1546 1197 1576 Interim
1240 1547 1280 1577 Et
1304 1552 1443 1577 venuste
1467 1547 1624 1577 describit
1647 1545 1770 1576 Iesaias
1790 1543 1976 1576 Ecclesiam
1986 1546 2033 1588 ‘in
2056 1545 2119 1576 hac
2142 1547 2221 1584 vita,

216 1593 249 1623 in
273 1592 336 1622 hac
359 1592 425 1622 rita
445 1602 576 1630 semper
600 1596 693 1621 erunt
706 1589 878 1620 Ecclesiae
900 1589 1033 1620 admixti
1056 1587 1141 1625 mali,
1166 1595 1198 1618 et
1242 1600 1313 1629 cap.
1338 1588 1389 1619 30.
1411 1592 1472 1626 [vs.
1496 1589 1564 1626 5211]
1599 1588 1702 1618 Dabit
1725 1588 1819 1618 vobis
1842 1587 2005 1618 Dominus
2028 1598 2147 1628 panem
2170 1599 2221 1619 ar-

218 1634 308 1665 mnlti
343 1635 429 1674 impii
463 1635 621 1664 tenebunt
654 1634 788 1673 imperia
822 1633 931 1662 mundi
966 1638 997 1662 et
1022 1630 1198 1661 crudeliter
1242 1638 1329 1662 ctum
1353 1637 1384 1662 et
1406 1642 1525 1672 aquam
1549 1631 1712 1672 exiguam,
1748 1636 1778 1660 et
1802 1640 1868 1660 non
1892 1628 2019 1661 auferet
2040 1630 2128 1662 ultra
2146 1641 2165 1661 a
2189 1637 2221 1662 te

218 1683 456 1717 persequentur
478 1675 663 1706 Ecclesiam
686 1685 792 1716 usque
814 1676 855 1704 atl
881 1673 1064 1716 gloriosum
1077 1673 1198 1703 Christi

218 1721 404 1750 adventum.
451 1719 491 1749 Et
526 1726 635 1749 tamen
665 1719 695 1749 in
719 1717 771 1748 his
795 1718 1079 1757 persecutionibus
1105 1716 1197 1746 Chri-

217 1771 289 1794 stus
312 1773 372 1793 suo
398 1761 537 1792 consilio
561 1761 688 1801 aliquas
713 1760 867 1801 reliquias
892 1765 1021 1796 servat,
1045 1770 1086 1789 ne
1109 1759 1198 1799 peni-

218 1814 270 1836 tus
307 1804 452 1836 deleatur
477 1803 639 1835 Ecclesia.
685 1802 766 1834 Tale
789 1809 840 1833 est
863 1812 1000 1843 regnum
1019 1801 1143 1832 Christi
1165 1802 1196 1831 in

220 1849 282 1879 hac
306 1849 382 1878 vita.

304 1890 441 1920 Constat
466 1896 495 1919 et
515 1888 613 1920 illud:
636 1888 773 1919 Etiamsi
797 1898 884 1918 nova
906 1886 1016 1928 aliqua
1038 1885 1112 1916 talis
1135 1885 1198 1915 Ec-

220 1933 322 1964 clesia
344 1931 453 1962 futura
477 1938 577 1969 esset,
600 1938 707 1962 tamen
732 1931 886 1961 doctores
905 1930 1039 1969 proprio
1058 1927 1197 1959 consilio

220 1977 290 2006 sine
324 1973 496 2005 manifesto
532 1975 685 2004 mandato
709 1973 771 2003 Dei
799 1983 863 2003 non
888 1973 1010 2002 debent
1032 1982 1123 2002 arma
1147 1981 1198 2001 ca-

219 2028 296 2059 pere
320 2018 361 2048 ad
385 2016 484 2047 talem
499 2016 685 2047 Ecclesiam
709 2016 970 2046 constituendam
995 2020 1058 2044 etc.
1089 2013 1198 2048 Quan-

221 2071 315 2101 quam
351 2070 412 2090 nec
450 2058 549 2090 ullum
583 2070 703 2089 novum
737 2059 925 2088 mandatum
959 2057 1198 2097 expectandum

221 2110 281 2134 est.
326 2103 399 2132 Non
422 2103 505 2132 enim
530 2102 603 2133 edet
617 2101 769 2132 Christus
793 2101 980 2131 mandatum
999 2100 1198 2130 contrarium

220 2144 415 2186 Evangelio.

307 2188 404 2222 Quod
437 2197 517 2218 vero
542 2187 651 2217 Iudaei
675 2195 706 2217 et
731 2186 970 2225 Anabaptistae
995 2183 1198 2215 citant-Pro-

221 2230 350 2271 phetas,
374 2232 438 2270 qui,
463 2241 535 2260 cum
560 2230 601 2260 de
625 2240 728 2270 regno
748 2228 870 2259 Christi
887 2227 1075 2268 loquuntur,
1098 2236 1198 2267 saepe

222 2273 335 2314 figuris
359 2279 491 2303 utuntur
513 2273 650 2312 sumptis
675 2273 716 2302 ab
736 2272 878 2311 imperiis
902 2271 1034 2305 mundi3
1069 2270 1110 2300 ad
1133 2269 1198 2299 hoc

221 2316 358 2355 primum
393 2316 596 2355 respondeo:
636 2313 852 2354 Evangelium
889 2319 938 2344 est
972 2312 1197 2352 interpretatio

222 2357 470 2398 Prophetarum.
500 2357 581 2388 Cum
604 2358 703 2399 igitur
726 2355 942 2397 Evangelium
966 2354 1056 2387 clare
1080 2356 1198 2385 doceat

224 2512 269 2540 24)
289 2511 396 2540 habere]
415 2512 450 2535 sit·
469 2511 539 2535 Editt.
562 2511 600 2533 17.
620 2512 660 2534 21.
682 2511 723 2533 22.
744 2511 784 2533 24.
804 2510 922 2539 28—34.‚
942 2509 1001 2539 Opp.
1023 2509 1043 2532 l.
1063 2508 1101 2537 2.;
1129 2510 1198 2532 cete-

290 2551 333 2569 rae
354 2545 440 2569 Emit:
461 2545 555 2569 hahent

1241 1676 1411 1705 doctorem
1445 1681 1535 1705 tuum
1569 1679 1631 1704 etc.
1678 1672 1739 1703 Hic
1773 1678 1912 1703 testatur
1935 1671 2121 1704 Ecclesiam
2144 1683 2221 1704 con-

1217 1698 1220 1747 1
1241 1717 1439 1748 servandam
1462 1726 1548 1753 6556,
1573 1716 1631 1746 sed
1652 1722 1760 1745 tamen
1784 1716 1868 1745 inter
1890 1714 2097 1746 afflictiones.

1325 1758 1446 1789 Daniel
1469 1765 1584 1799 aperte
1608 1759 1804 1788 vaticinatur
1828 1758 1868 1787 de
1890 1759 2121 1797 persecutione
2144 1764 2221 1789 ante

1240 1802 1453 1833 novissimum
1464 1803 1510 1841 ²⁵)
1535 1802 1620 1832 diem
1640 1800 1707 1839 [11,
1732 1800 1817 1838 33.];
1862 1800 1905 1830 Et
1934 1801 2021 1831 docti
2044 1801 2076 1831 in
2099 1800 2220 1841 populo

1241 1845 1407 1875 docebunt
1439 1843 1597 1884 plurimos
1632 1849 1663 1873 et
1698 1849 1788 1873 ruent
1815 1843 1847 1873 in
1871 1842 1994 1884 gladio.
2039 1842 2080 1873 Et
2102 1849 2219 1883 postea

1241 1887 1349 1917 statim
1373 1888 1519 1926 sequitur
1543 1886 1609 1924 [l2‚
1634 1885 1649 1915 1
1675 1888 1757 1925 5(].];
1792 1885 1827 1915 111
1849 1890 1997 1925 tempore
2021 1883 2076 1916 illo
2112 1884 2220 1917 salva-

1241 1930 1329 1960 bitur
1352 1928 1493 1969 populus
1519 1936 1594 1960 tuus
1619 1929 1736 1965 omnis,
1760 1928 1813 1968 qui
1837 1928 1980 1967 scriptus
2001 1933 2052 1957 est
2071 1928 2103 1958 111
2115 1926 2219 1958 libro:

1240 1972 1281 2002 Et
1304 1970 1394 2002 multi
1418 1971 1457 2001 de
1482 1971 1545 2008 his,
1568 1971 1622 2011 qui
1646 1970 1851 2000 dormiuntin
1870 1976 1978 2000 terrae
1989 1968 2138 2009 pulvere,
2153 1971 2220 2001 evi-

1241 2013 1400 2055 gilabunt,
1425 2013 1479 2045 alii
1501 2015 1534 2044 in
1557 2015 1655 2044 vitam
1679 2020 1859 2049 aeternam,
1883 2011 1938 2042 alii
1961 2013 1993 2042 in
2007 2013 2220 2052 opprobrium

1241 2057 1484 2097 sempiternum.

1328 2099 1368 2129 Hi
1400 2097 1466 2129 loci
1501 2104 1532 2129 et
1565 2096 1688 2127 similes
1711 2097 1842 2127 tenendi
1866 2102 1957 2134 sunt,
1982 2103 2018 2127 ut
2039 2095 2219 2128 habeamus

1242 2140 1504 2172 consolationem
1527 2141 1559 2170 in
1584 2150 1682 2170 cruce
1706 2146 1737 2170 et
1760 2149 1838 2170 vere
1855 2138 2040 2181 intelligere
2052 2140 2219 2170 discamus

1241 2195 1378 2225 regnum
1401 2182 1589 2224 spirituale,
1612 2182 1677 2213 hoc
1700 2188 1761 2219 est,
1785 2192 1961 2223 quaerere
1974 2181 2220 2213 consolationes

1242 2225 1428 2267 spirituales
1464 2232 1494 2256 et
1529 2235 1685 2256 exercere
1719 2225 1825 2255 fidem.
1871 2224 1912 2255 Et
1942 2225 2023 2254 satis
2046 2225 2220 2265 perspicue

1242 2268 1382 2300 refutant
1417 2269 1449 2299 hi
1483 2267 1547 2299 loci
1583 2268 1748 2299 Iudaicam
1783 2273 1815 2297 et
1837 2265 2011 2297 fanaticam
2032 2267 2219 2308 persuasio-

1241 2508 1286 2537 25)
1307 2505 1482 2546 novissimum]
1505 2506 1540 2530 sic
1559 2505 1631 2530 Editt.
1655 2505 1725 2529 1-4.
1746 2504 1769 2528 6.
1790 2504 1813 2527 7.
1833 2503 1857 2528 9.
1878 2504 1932 2534 12.;
1950 2507 2052 2529 ceterae
2067 2503 2155 2529 Editt:
2174 2509 2218 2528 no-

1309 2546 1440 2566 vtssnnam

2277 2912 2295 2933 11
