2358 2933
240 107 306 140 635

245 205 327 239 [sss.
350 201 372 232 6
395 211 411 231 5
438 204 460 241 ,1
485 203 619 233 dicitur:
643 201 782 232 Praeter
802 212 854 233 me
871 212 938 233 non
958 203 1115 235 est-Deus
1134 203 1219 235 alius

244 243 392 274 formans
441 255 534 275 ιιι-8111
558 251 589 274 et
617 253 734 274 creans
758 245 912 275 tenebras
934 255 994 276 seu
1010 248 1054 279 ⁷⁶)
1077 256 1220 287 corpora

243 288 398 317 obscura.
423 287 504 316 dans
527 296 644 327 pacem
667 292 699 317 et
722 296 840 318 creans
863 286 996 325 malum,
1014 289 1047 319 id
1065 295 1126 325 est,
1147 299 1220 320 cor-

240 339 322 369 pora
348 330 512 359 nocentia.

328 370 503 410 fugiamus
527 370 623 401 etiam
646 376 798 411 poltenta
821 370 1143 410 Valentinianorum,
1167 374 1221 414 qui

243 413 403 443 tinxerunt
439 413 694 444 innumerabiles
720 413 814 444 Deos
849 424 910 445 seu
943 416 1075 446 nomina
1097 422 1221 446 tantum

240 455 422 496 allegorice
446 455 664 494 cumulantes,
687 463 736 493 (ut
748 456 914 488 Hesiodus
938 456 1081 489 cumulat
1095 457 1220 495 Chaos,

241 498 393 534 Noctem.
413 497 568 529 Erebum.
587 499 775 536 Saturnum,
788 499 898 530 lovem
922 506 954 531 et
976 499 1088 541 alios,)
1112 511 1173 532 seu
1184 511 1222 532 re

244 542 313 581 ipsa
349 546 500 580 potantes
535 551 612 571 esse
647 540 900 572 imiumerabiles
933 548 1088 573 aeternos
1117 542 1221 574 Deos.

242 584 316 624 quia
343 584 458 613 minmi
483 584 612 614 videtur
634 595 733 614 unum
757 583 899 625 aliquem
929 585 961 615 in
984 593 1119 616 aeterna
1143 585 1221 616 soli-

244 626 356 656 tudine
380 626 537 665 cogitare.
583 627 720 666 Semper
743 627 784 657 ab
809 627 899 657 initio
923 629 1032 658 mundi
1056 627 1220 659 Diabolus

243 675 274 698 et
309 669 427 709 sparsit
459 675 489 698 et
519 675 653 710 sparget
678 668 854 699 horribiles
878 668 1026 707 furores,
1050 676 1085 700 ut
1107 680 1220 700 verum

242 710 348 741 Deum
383 711 578 742 contumelia
611 709 733 741 afficiat
770 717 801 742 et
824 711 986 742 humanae
1007 712 1220 742 imbecillitati

241 753 386 784 insultet.
411 753 585 784 Adversus
609 752 683 783 illos
707 752 839 784 firrores
862 755 991 785 tradidit
1016 755 1113 785 nobis
1127 754 1220 785 Deus

242 804 366 827 certam
390 797 574 827 doctrinam
598 806 656 836 per
679 796 807 833 Patres,
832 796 1028 835 Prophetas,
1054 796 1219 827 Christum

241 846 271 869 et
298 837 500 878 Apostolos,
535 838 597 869 hac
631 837 705 869 luce
732 837 798 869 vult
824 838 1012 869 Ecclesiam
1036 840 1122 881 regi,
1157 849 1219 869 nec

241 881 324 912 alias
349 882 519 921 opiniones
542 881 723 912 admittere.
748 881 789 911 Ut
813 880 922 912 foetus
947 882 977 911 in
1000 887 1104 912 matre
1127 882 1220 912 sedet

242 925 462 954 circunnlatus
487 923 582 954 alvo.
605 924 654 954 sic
677 934 738 954 nos
762 924 864 954 verbo
888 924 950 955 Dei
974 924 1121 955 inclusos
1144 934 1219 955 8558

242 968 403 1003 sciamus,
439 968 545 997 donec
575 967 667 1007 quasi
698 967 773 997 editi
803 967 834 996 in
864 973 999 997 aeterna
1022 968 1089 997 vita
1111 967 1220 1007 palam

240 1019 414 1039 cernemus
427 1008 552 1039 Deum:
575 1010 702 1039 interim
715 1009 787 1039 Deo
811 1010 934 1050 gratias
957 1020 1107 1051 agamus,
1130 1011 1219 1051 quod

242 1062 279 1082 sc
315 1052 411 1081 nobis
446 1051 620 1091 patefecit,
654 1059 687 1082 et
716 1058 907 1082 reverenter
937 1051 983 1082 illi
1007 1051 1218 1093 patefactioni

240 1095 472 1125 assentiamur.

329 1138 481 1167 Sciamus
512 1147 576 1167 non
605 1136 718 1177 plures
743 1146 819 1167 esse
842 1147 1004 1177 personas
1029 1138 1219 1176 divinitatis,

245 1190 342 1220 quam
367 1186 448 1209 tres:
473 1179 579 1209 l’num
604 1190 679 1209 esse
703 1186 913 1210 coaeternum
937 1180 1068 1211 Patrem
1086 1180 1218 1211 Domini

240 1223 345 1252 nostri
369 1222 442 1252 lesu
463 1221 603 1253 Christi:
626 1232 725 1252 unum
748 1221 875 1259 Filium,
898 1223 1071 1263 imaginem
1093 1225 1218 1253 aeterni

240 1265 348 1295 Patris
386 1265 491 1295 lesum
522 1264 706 1295 (ln-istum:
732 1275 837 1295 >unum
861 1264 1018 1305 Spiritum
1052 1272 1214 1302 sanctuar,

242 1314 272 1338 et
296 1307 357 1338 has
380 1314 447 1338 tres
471 1318 633 1347 personas
657 1306 954 1345 111111811ὁμοουσίους
977 1318 1064 1346 8558,
1077 1314 1109 1339 et
1121 1308 1217 1339 simul

241 1351 349 1381 omnia
373 1351 572 1387 condidisse,
597 1357 627 1381 et
652 1350 837 1380 discrimina
861 1351 1039 1388 discamus,
1062 1357 1095 1382 ut
1115 1361 1217 1391 supra

242 1394 463 1424 recitavimus.
482 1403 522 1424 ac
546 1392 703 1423 beneficia
722 1393 855 1432 propria
875 1393 1035 1434 cuiusque
1053 1404 1218 1434 personae

242 1435 473 1477 intelligamus.
499 1435 581 1470 Quia
601 1436 685 1465 enim
709 1435 800 1466 Deus
823 1436 871 1465 sic
895 1445 932 1465 se
956 1435 1123 1475 patefecit,
1148 1436 1218 1467 vult

241 1480 285 1509 ita
319 1479 457 1519 agnosci
488 1484 519 1509 et
553 1478 695 1509 discerni
727 1487 900 1518 personas·
945 1478 1046 1509 Pater
1068 1477 1144 1509 fons
1168 1485 1218 1509 est

243 1522 385 1551 onmium
411 1522 654 1552 beneficiorum.
700 1521 765 1551 Sed
790 1520 892 1551 Filius
915 1522 1047 1561 proprie
1076 1528 1128 1552 est
1150 1521 1218 1552 Me-

243 1565 349 1594 diator
373 1571 404 1594 et
429 1563 686 1600 Reconciliator,
710 1569 742 1594 et
765 1562 873 1594 factus
897 1570 948 1594 est
969 1573 1029 1604 pro
1053 1565 1148 1595 nobis
1172 1564 1218 1595 vi-

243 1608 350 1644 ctima,
375 1618 447 1637 cum
472 1614 619 1637 naturam
644 1605 817 1637 humanam
841 1607 1087 1647 assumpsisset.
1117 1607 1218 1647 Spiri-

241 1656 294 1680 tus
319 1657 454 1680 sanctus
480 1650 615 1680 mittitur
636 1650 669 1679 in
693 1649 794 1680 eorda
819 1650 1028 1686 credentium,
1051 1656 1085 1680 ut
1098 1659 1218 1680 novam

242 1691 362 1729 lucem,
386 1693 539 1722 iustitiam
564 1698 596 1722 et
618 1692 717 1722 vitam
741 1697 907 1721 aeternam
923 1692 1095 1729 accendat,
1114 1698 1218 1722 111νο-

243 1741 293 1765 cat
307 1746 379 1766 eum
389 1734 566 1765 Zacharias
577 1734 643 1773 [12³.
652 1734 714 1772 10.]
725 1734 878 1774 Spiritum
891 1735 1016 1775 gratiae
1029 1740 1059 1765 et
1070 1745 1218 1776 precum,

241 1778 274 1808 id
298 1784 359 1815 est,
388 1778 617 1808 testificantem
640 1778 672 1807 in
695 1778 801 1814 nobis,
825 1787 886 1807 nos
911 1784 1063 1817 receptos
1086 1787 1163 1808 esse
1185 1777 1217 1807 in

243 1822 391 1861 gratiam,
416 1827 446 1851 et
466 1826 650 1851 moventem
671 1831 739 1857 cor,
759 1826 793 1850 ut
812 1819 876 1851 hoc
896 1821 1009 1851 credat
1028 1826 1060 1850 et
1078 1825 1217 1855 statuam

242 1865 320 1894 item
345 1862 561 1903 impellentem
585 1863 626 1893 ad
649 1863 906 1900 invocationem,
934 1863 1009 1904 quia
1033 1864 1098 1893 iam
1121 1872 1219 1893 exau-

244 1907 305 1937 diri
329 1916 390 1936 nos
415 1907 588 1936 credimus.

330 1949 419 1979 Haec
443 1949 591 1979 doctrina
615 1949 656 1978 de
680 1949 784 1979 tribus
802 1949 956 1988 personis
968 1949 1000 1978 in
1013 1948 1220 1979 invocatione

245 1992 388 2032 quotidie
401 1990 598 2031 proferatur,
612 1992 642 2021 in
656 2001 719 2032 qua
733 1997 822 2021 certe
839 1991 903 2021 hoc
922 1992 1059 2031 primum
1079 1991 1219 2021 omnium

243 2035 471 2065 ardentissime
494 2034 668 2074 petendum
692 2039 754 2070 est,
777 2040 811 2064 ut
831 2033 924 2064 Deus
948 2040 1082 2073 pectora
1105 2039 1219 2064 nostra

244 2084 357 2117 regat,
380 2082 412 2107 ut
438 2083 527 2107 recte
552 2077 592 2107 118
619 2077 691 2116 ipso
716 2077 895 2106 sentiamus
918 2087 958 2107 ac
980 2087 1058 2106 vere
1078 2086 1151 2106 eum
1174 2076 1220 2106 in-

246 2130 416 2150 vocemus.
441 2130 502 2150 nec
527 2120 567 2149 ab
593 2129 631 2149 eo
654 2120 863 2156 aberremus,
885 2125 921 2149 ut
943 2118 1084 2155 Ethnici,
1106 2129 1220 2149 recen-

248 2168 297 2192 tes
322 2162 446 2194 ludaei,
470 2161 739 2199 Mahometistae,
764 2161 938 2199 haeretici,
962 2162 1128 2198 Marcion,
1150 2161 1221 2192 Ma—

248 2204 389 2241 nichaei,
414 2204 643 2241 Valentiniani,
666 2205 883 2241 Samosateni,
906 2204 1018 2234 Ariani
1043 2209 1075 2234 et
1097 2203 1152 2234 alii
1174 2202 1220 2234 fa-

246 2247 356 2278 natici.
402 2247 565 2278 Teneatur
588 2258 669 2289 ergo
693 2253 785 2278 certa
806 2246 915 2287 aliqua
940 2254 971 2277 et
995 2257 1074 2277 vera
1102 2245 1220 2284 forma,

247 2291 340 2321 cuius
365 2291 513 2320 recitatio
536 2300 598 2321 nos
623 2292 663 2321 de
686 2300 765 2321 vera
789 2290 938 2321 doctrina
960 2290 1144 2320 admoneat.

332 2341 619 2382 Omnipotens,
648 2347 815 2372 aeterne
845 2346 880 2371 et
908 2341 998 2371 vive
1020 2340 1145 2377 Deus,
1168 2350 1221 2371 ae-

247 2389 340 2415 terne
363 2383 462 2415 Pater
484 2383 616 2415 Domini
643 2385 747 2415 nostri
776 2383 850 2415 lesu
869 2382 1008 2421 Christi,
1033 2384 1087 2424 qui
1111 2389 1142 2414 te
1164 2393 1220 2424 pa-

245 2522 290 2552 76)
311 2521 431 2546 tenebras
460 2520 516 2551 seu]
537 2521 610 2545 Editt.
637 2519 693 2543 1¹—
703 2520 726 2544 9.
749 2520 787 2543 12.
806 2520 935 2551 tenebras,
953 2520 976 2545 id
997 2521 1044 2552 est,
1063 2527 1176 2551 corpora,
1193 2521 1219 2546 in

314 2556 404 2586 quinus
424 2558 482 2580 sunt
501 2556 632 2585 tenebrae,
651 2561 697 2580 seu

868 110 981 143 PHIL.
1003 109 1107 142 MEL.
1129 109 1316 143 SCR1PTA
1337 110 1614 144 DOGMATICA.

2178 115 2246 150 636

1265 203 1407 236 tesceisti
1429 206 1589 237 immensa
1610 206 1757 238 bonitate
1779 212 1812 238 et
1834 206 1984 239 clamasti
2007 208 2048 240 de
2066 208 2149 241 Filio
2171 217 2244 251 tuo,

1264 247 1407 279 Domino
1430 254 1546 279 nostro
1569 248 1644 279 Iesu
1667 248 1812 290 Christo,
1836 250 1942 281 hunc
1964 251 2122 288 audiun
2156 253 2242 286 Con-

1265 291 1350 320 ditor
1384 292 1526 321 omnium
1556 301 1666 322 rerum
1700 297 1734 322 et
1767 298 1984 324 conservator
2007 299 2040 324 et
2063 294 2243 335 opitulator

1265 342 1341 363 cum
1363 332 1446 363 Filio
1468 339 1525 364 tuo
1549 339 1737 372 coaeterno,
1759 334 1901 366 Domino
1920 342 2035 367 nostro
2054 336 2130 368 lesu
2148 337 2243 369 Chri-

1265 380 1330 411 sto,
1354 382 1513 416 regnante
1536 382 1643 407 tecum
1666 383 1696 407 et
1715 376 1881 417 patefacto
1899 378 1932 408 in
1944 378 2132 418 Ierusalem,
2153 386 2185 411 et
2194 382 2240 422 ⁷⁷)

1265 418 1388 458 Spiritu
1421 425 1537 448 sancto
1571 424 1627 449 tuo
1663 418 1768 450 effuso
1796 420 1828 450 in
1862 419 2062 460 Apostolos,
2095 423 2242 463 sapiens,

1266 460 1364 497 bone,
1386 461 1588 498 misericors,
1606 462 1704 491 iudex
1727 467 1759 492 et
1781 460 1892 498 fortis3
1927 464 1980 503 qui
2003 464 2132 495 dixisti:
2155 465 2241 496 Vivo

1265 512 1346 543 ego,
1374 502 1454 534 nolo
1484 509 1622 534 mortem
1649 505 1854 542 peccatoris,
1888 506 1948 535 sed
1970 511 2006 536 ut
2028 513 2242 539 convertatur

1265 551 1298 575 et
1319 545 1426 581 vivat3
1456 551 1486 575 et
1511 545 1634 575 dixisti:
1660 545 1782 576 lnvoca
1804 556 1856 576 me
1878 547 1909 577 in
1933 547 1985 578 die
2007 548 2241 589 tribulationis,

1265 592 1298 617 et
1321 588 1455 626 eripiam
1479 591 1527 621 te;
1550 587 1706 618 miserere
1729 589 1791 619 mei
1804 595 1940 629 propter
1952 589 2059 621 lesum
2073 590 2240 623 Christum

1264 628 1365 659 filium
1388 634 1496 666 tuum,
1519 628 1696 660 Dominum
1720 637 1884 669 nostrum,
1908 642 2003 672 quem
2025 632 2158 664 voluisti
2178 645 2239 675 pro

1264 671 1359 701 nobis
1390 680 1466 702 esse
1495 671 1659 702 victimam
1687 675 1737 703 καὶ
1759 678 1879 712 μεσίτην
1901 677 1952 704 καὶ
1975 678 2083 713 ἱκέτην,
2107 681 2140 706 et
2162 687 2241 708 san-

1265 713 1388 750 ctifica,
1417 723 1514 753 rege,
1543 714 1635 751 iuva,
1664 716 1809 745 accende
1833 727 1892 747 cor
1914 724 1946 747 et
1969 714 2110 749 animam
2133 729 2243 750 meam

1264 755 1386 795 Spiritu
1420 761 1536 785 sancto
1566 761 1640 793 tu0,
1673 763 1708 787 ut
1731 762 1762 787 te
1784 767 1863 788 vere
1886 768 2070 799 agnoscam
2093 764 2125 790 et
2146 761 2244 791 invo-

1264 808 1352 835 cem,
1385 798 1441 828 tibi
1465 807 1543 827 vere
1566 798 1715 836 credam,
1749 800 1872 840 gratias
1901 811 1998 842 agam
2020 806 2052 831 et
2074 802 2242 840 obediam,

1263 850 1342 880 rege
1375 846 1408 870 ct
1446 849 1544 870 serva
1570 839 1757 871 Ecclesiam
1797 847 1903 880 tuam,
1943 844 2028 874 sicut
2059 845 2239 884 promisisti

1263 883 1432 923 inquiens:
1466 881 1539 913 Hoc
1562 888 1614 913 est
1635 882 1753 914 foedus
1776 894 1882 915 meum
1907 895 1979 916 cum
2002 886 2066 923 eis,
2095 885 2239 925 Spiritus

1262 934 1366 962 1118115,
1389 926 1443 965 qui
1467 929 1520 955 est
1542 925 1575 955 in
1596 930 1645 962 te,
1669 931 1700 956 et
1724 928 1828 957 verba
1850 937 1940 964 mea,
1969 937 2053 968 quae
2079 929 2177 968 posui
2204 929 2240 960 in

1263 977 1320 997 ore
1342 973 1409 1003 tuo,
1433 978 1500 998 non
1522 968 1678 999 recedent
1700 969 1742 999 ab
1773 979 1831 999 ore
1853 970 1985 1000 seminis
2009 971 2054 1000 tui
2077 971 2111 1001 in
2133 976 2239 1002 aeter·

1262 1020 1347 1041 nam.
1393 1009 1530 1051 Semper
1562 1009 1670 1041 luceat
1703 1012 1736 1042 111
1768 1012 1864 1042 nobis
1888 1011 2103 1052 Evangelium
2135 1019 2239 1051 tuum,

1263 1059 1295 1082 et
1329 1062 1409 1093 rege
1443 1059 1474 1083 et
1509 1052 1669 1083 confirma
1692 1054 1794 1084 corda
1827 1060 1943 1085 nostra
1972 1054 2097 1094 Spiritu
2120 1061 2238 1087 sancto

1262 1101 1337 1132 tuo,
1371 1105 1412 1125 ne
1445 1096 1478 1125 in
1507 1094 1638 1126 furores
1662 1095 1842 1136 Epicureos
1866 1102 1924 1127 aut
1946 1095 2109 1129 fanaticos
2132 1108 2236 1136 ruam,

1262 1138 1411 1178 guberna
1430 1138 1538 1168 studia
1561 1137 1745 1176 Ecclesiae,
1770 1145 1801 1169 et
1825 1138 1964 1170 defende
1987 1139 2130 1180 politiaS,
2154 1150 2240 1181 quae

1261 1181 1421 1220 praebent
1444 1179 1587 1221 hospitia
1612 1180 1783 1213 Ecclesiis.

1348 1222 1383 1253 In
1417 1222 1475 1253 tali
1507 1224 1718 1254 invocatione
1748 1225 1892 1265 quotidie
1921 1225 1962 1255 de
1995 1225 2141 1256 essentia
2162 1224 2240 1264 Dei,

1263 1266 1303 1296 de
1325 1264 1557 1305 patefactione,
1581 1266 1621 1296 de
1644 1267 1823 1303 beneficiis,
1837 1267 1877 1297 de
1895 1268 2169 1306 promissionibus
2184 1278 2240 1298 co·

1263 1309 1415 1349 gitemuS.
1462 1307 1566 1338 Simul
1594 1309 1680 1338 enim
1709 1307 1773 1338 hac
1797 1309 1996 1349 cogitatione
2019 1315 2052 1340 et
2074 1311 2241 1341 erudimur

1262 1352 1302 1381 de
1325 1351 1478 1391 personis
1503 1356 1533 1380 et
1555 1351 1748 1381 accenditur
1771 1350 1853 1381 fides
1878 1356 1909 1381 et
1933 1357 2130 1392 segregatur
2147 1353 2241 1383 invo-

1263 1394 1346 1424 catio
1369 1398 1485 1423 nostra
1503 1394 1544 1423 ab
1569 1392 1726 1430 Ethnica,
1749 1393 1883 1423 Iudaica
1911 1398 1944 1423 et
1965 1393 2122 1431 Turcica,
2151 1394 2241 1435 quod

1261 1436 1333 1466 fieri
1355 1445 1495 1466 necesse
1514 1441 1574 1465 est.
1619 1435 1704 1465 Nam
1727 1436 1890 1466 invocatio
1913 1434 2002 1466 nulla
2024 1434 2134 1475 placet
2154 1435 2242 1474 Deo,

1262 1479 1324 1509 nisi
1358 1478 1414 1508 fiat
1449 1479 1650 1519 cogitatione
1684 1483 1715 1508 et
1748 1477 1868 1508 fiducia
1892 1477 2014 1508 Christi
2035 1477 2240 1516 Mediatoris,

1261 1527 1296 1551 ut
1330 1522 1487 1561 scriptum
1521 1526 1572 1551 est
1596 1519 1675 1558 11011.
1704 1520 1754 1557 16,
1776 1520 1862 1559 23.]τ
1897 1520 2059 1561 Quicquid
2081 1521 2242 1561 petieritis

1260 1563 1392 1594 Patrem
1416 1564 1447 1593 111
1471 1563 1600 1593 nomine
1629 1572 1703 1593 meo
1732 1563 1779 1600 (id
1809 1568 1871 1600 est,
1905 1573 1957 1594 1118
1977 1564 2165 1601 nominato,
2187 1573 2243 1594 1118

1261 1610 1484 1637 monstrantes
1497 1605 1783 1643 intercessorem),
1806 1606 1898 1636 dabit
1919 1606 2026 1637 vobis.
2060 1605 2141 1637 Item
2154 1605 2240 1644 [1011.

1264 1649 1313 1685 14,
1336 1649 1400 1687 6.]:
1435 1648 1540 1679 Nemo
1571 1648 1660 1679 venit
1682 1648 1725 1678 ad
1747 1648 1882 1679 Patrem
1909 1649 1971 1679 nisi
2001 1658 2060 1689 per
2081 1658 2152 1686 me,
2175 1648 2241 1679 Ex-

1260 1692 1424 1732 periemur
1447 1696 1554 1721 autem
1576 1690 1663 1721 hanc
1681 1701 1793 1721 veram
1812 1691 2054 1722 invocationem
2075 1691 2109 1721 in
2131 1690 2240 1722 Evan-

1261 1734 1348 1776 gelio
1372 1734 1525 1764 traditam
1547 1744 1614 1764 non
1636 1743 1714 1764 esse
1735 1734 1869 1764 irritam.

1346 1776 1397 1807 Ac
1419 1777 1606 1806 intueantur
1628 1786 1720 1806 mens
1751 1781 1783 1806 et
1807 1775 1894 1806 oculi
1916 1776 1950 1806 in
1972 1776 2160 1807 testimonia
2181 1786 2241 1816 pa-

1261 1818 1448 1850 tefactionis
1478 1817 1631 1859 illustria,
1665 1824 1701 1849 ut
1735 1819 1767 1848 in
1797 1818 2002 1858 Baptismum
2033 1817 2173 1855 Christi,
2205 1818 2241 1849 in

1262 1862 1430 1893 Christum
1450 1862 1701 1892 resuscitantem
1724 1867 1871 1892 mortuos
1891 1866 1922 1891 et
1934 1866 2011 1901 post
2023 1861 2240 1892 resurrectio-

1262 1916 1337 1936 nem
1359 1903 1510 1935 fiamiliari
1534 1905 1788 1935 conversatione
1811 1913 1848 1934 se
1872 1903 2100 1934 ostendentem
2118 1901 2241 1940 11101115,

1263 1954 1295 1979 et
1316 1948 1348 1978 in
1373 1947 1512 1987 Spiritus
1538 1948 1645 1978 sancti
1657 1947 1856 1977 missionem.
1886 1945 1977 1976 Haec
1996 1945 2136 1977 visibilia
2150 1945 2241 1976 testi-

1263 1991 1371 2021 monia
1394 1991 1466 2021 ideo
1491 1988 1634 2020 exhibita
1656 1995 1743 2026 sunt,
1777 1994 1813 2019 ut
1834 1987 2021 2019 Ecclesiam
2044 1989 2185 2019 doceant
2207 1992 2242 2019 et

1264 2032 1467 2070 confirment,
1501 2038 1532 2063 et
1562 2033 1637 2072 quia
1670 2030 1814 2062 exhibita
1847 2037 1935 2069 sunt,
1968 2029 2039 2061 vult
2074 2041 2114 2062 ea
2145 2030 2241 2061 Deus

1263 2077 1365 2117 aspici
1378 2082 1409 2105 et
1423 2075 1572 2116 cogitari.
1595 2075 1669 2105 Non
1682 2080 1806 2104 tantum
1819 2080 1956 2114 propter
1966 2073 2150 2114 Baptistam
2161 2079 2242 2105 tunc

1263 2129 1300 2149 se
1315 2117 1470 2159 patefecit
1484 2117 1648 2154 divinitas,
1671 2118 1732 2147 sed
1754 2116 1819 2146 hoc
1834 2117 2021 2147 testimonio
2032 2115 2135 2147 voluit
2145 2115 2242 2147 Deus

1265 2161 1449 2193 confirmari
1483 2161 1672 2191 universam
1695 2158 1881 2190 Ecclesiam
1915 2160 1985 2190 eius
2019 2159 2177 2199 temporis
2207 2164 2241 2189 et

1263 2204 1476 2245 posteritatis.
1512 2203 1578 2232 lmo
1603 2208 1634 2233 et
1647 2200 1797 2242 Angelos
1820 2200 1899 2232 illud
1918 2202 2142 2232 admirandum
2166 2211 2241 2242 spe·

1265 2245 1430 2278 ctaculum
1453 2245 1516 2276 Dei
1556 2245 1749 2285 prodeuntis
1783 2254 1823 2274 ex
1852 2243 1988 2275 latebris
2013 2245 2101 2282 suis,
2135 2249 2168 2275 et
2201 2253 2241 2274 se

1264 2288 1434 2320 Ecclesiae
1465 2298 1545 2319 suae
1574 2288 1777 2319 ostendentis
1802 2288 1917 2317 erudit.
1941 2288 1983 2323 78)
2029 2286 2121 2317 Haec
2144 2286 2240 2317 testi-

1264 2333 1372 2363 monia
1406 2342 1479 2363 cum
1510 2331 1725 2373 cogitabimus
1734 2352 1743 2368 ,
1777 2329 1977 2360 accendetur
2000 2328 2056 2360 lux
2078 2330 2111 2360 in
2135 2329 2242 2360 cordi·

1265 2377 1339 2413 bus,
1361 2380 1398 2405 ut
1420 2374 1546 2405 firmius
1569 2378 1725 2411 statuant,
1749 2382 1826 2404 vere
1849 2372 1970 2404 adesse
1992 2371 2112 2410 Deum,
2135 2375 2241 2403 8118-

1265 2503 1309 2533 77)
1329 2505 1353 2528 et
1371 2504 1450 2528 abest
1467 2503 1502 2528 ab
1519 2503 1593 2528 Editt.
1615 2503 1635 2525 1.
1655 2502 1678 2526 3.
1699 2501 1722 2525 6.
1743 2502 1766 2525 7.
1789 2502 1826 2526 12.

1263 2555 1310 2585 78)
1328 2555 1422 2585 erudit]
1440 2554 1512 2580 Editt.
1533 2555 1554 2578 1.
1575 2555 1598 2579 3.
1618 2552 1641 2576 6.
1661 2554 1684 2579 7.
1702 2553 1795 2578 erudiit
