2358 2933
847 146 954 177 PHIL.
980 145 1080 177 MEL.
1103 145 1286 178 SCRIPTA
1304 145 1575 178 DOGMATICA.

459 238 482 267 Τ
493 244 542 266 ert
556 241 636 267 ium.
659 239 720 266 Nee
741 239 809 276 plus
829 239 936 268 faciunt
956 240 992 268 ad
1007 238 1158 268 lustieiam
1175 249 1265 278 opera
1277 241 1370 268 eciam
1387 241 1542 269 Sani—tiss:
1563 250 1649 278 quam
1664 241 1820 269 comedere
1839 246 1868 270 et
1885 243 2051 272 comedere.

374 280 442 309 ideo
463 281 703 310 christianismus
725 281 901 309 sabbathum
923 282 1072 319 quoddam
1093 285 1141 310 est
1160 283 1208 310 vhi
1228 283 1265 311 ab
1285 283 1423 311 omnihus
1443 283 1584 320 operibus
1605 292 1756 311 vacamus·

459 324 646 357 Quartum.
669 323 743 350 Hinc
763 323 910 351 consolari
929 324 1133 352 conscientias
1153 323 1238 353 licet:
1259 328 1356 353 certos
1377 334 1450 352 esse
1470 334 1525 352 nos
1545 325 1582 352 de
1602 323 1701 353 salute
1721 328 1822 354 nostra
1846 326 1987 364 quicquid
2015 327 2053 356 fe-

372 366 510 393 cerimus.
558 364 666 393 serios
686 365 844 393 dimissum
866 375 938 393 esse
965 369 1118 404 peccatum
1139 367 1165 394 si
1186 366 1357 395 credamus:
1377 366 1446 395 Nisi
1471 370 1551 394 certo
1576 366 1680 395 credas
1701 370 1730 395 et
1756 367 1889 396 confidas
1909 369 2053 398 condona-

381 412 437 435 tam
459 417 562 435 noxam
585 407 680 435 Deum
702 407 848 446 mendacij
870 407 1028 436 insimulas
1049 409 1136 445 quasi
1156 409 1325 446 promiserit
1345 409 1450 437 frustra
1470 408 1549 445 quod
1570 419 1626 437 non
1646 409 1687 437 sit
1705 408 1838 438 daturus.

1056 466 1162 496 Vnde
1181 468 1234 496 sit
1258 467 1370 496 sdes.

457 526 609 559 Quinto.
658 524 803 553 Humanis
823 526 936 554 viribus
955 525 1044 563 plane
1065 525 1254 564 impossibile
1275 530 1323 554 est
1343 527 1473 555 credere.
1507 526 1584 554 Fieri
1604 526 1682 556 enim
1703 532 1803 566 potest
1822 533 1853 558 ut
1872 529 1899 557 ei
1921 529 2055 558 confidas

371 577 457 605 quem
479 568 580 596 odisti.
627 566 699 595 Odit
719 570 817 595 autem
837 569 1022 597 conscientia
1042 578 1129 606 quem
1149 569 1262 597 metuit.
1309 567 1400 596 Porro
1426 569 1545 597 diuinae
1564 570 1675 607 gratiae
1695 580 1771 608 opus
1792 581 1865 600 esse
1886 571 1972 599 tidem
1992 581 2055 609 pro-

372 612 417 638 hat
440 609 518 637 lonn.
539 608 574 646 ΙΙ.
594 611 670 646 13.;Ι
692 609 751 643 Qui
772 620 828 637 non
849 620 885 638 ex
904 611 1102 647 sanguinibus
1118 612 1140 647 ¹)
1161 621 1258 648 neque
1278 621 1315 639 ex
1334 610 1484 640 voluntate
1505 612 1600 640 carnis
1609 613 1636 648 ²)
1650 615 1707 641 etc.
1728 616 1757 641 et
1778 616 1822 642 (ΞΝ
1844 616 1904 651 [vs.
1920 615 1958 643 25
1972 624 2019 651 sq.
2033 616 2055 651 :]

371 653 450 687 Quid
472 652 615 680 faciemus
636 656 665 679 ut
686 662 841 689 operemur
860 662 949 689 opera
967 652 1037 681 dei?
1084 652 1253 691 Respondit.
1284 651 1371 681 lesus
1391 657 1421 681 et
1440 654 1530 683 dixit:
1558 654 1624 683 Hoc
1643 658 1691 684 est
1710 665 1787 692 opus
1808 656 1856 684 dei
1876 659 1907 684 ut
1927 656 2055 685 credatis

371 696 397 722 iu
418 705 484 722 eum
506 705 592 732 quem
613 694 691 721 misit
715 693 776 722 ille.
824 694 912 728 Quod
933 695 959 722 si
980 705 1057 733 opus
1078 695 1126 723 dei
1146 698 1193 723 est
1213 705 1283 731 ergo
1304 706 1359 723 non
1381 699 1523 724 nostrum.
1570 695 1640 725 ltem
1661 699 1722 734 [vs.
1743 699 1827 735 45.:]
1848 702 1931 727 erunt
1951 708 2056 727 omnes

370 737 519 765 docibiles
546 737 594 765 dei
622 737 639 763 i.
668 747 694 763 e.
722 736 883 764 doceantur
908 747 925 764 a
951 737 1017 765 deo.
1073 737 1180 765 Omnis
1208 738 1257 775 qui
1277 738 1391 766 audiuit
1417 748 1434 766 a
1452 742 1534 775 patre
1554 742 1582 766 et
1601 739 1705 768 didicit
1724 741 1805 768 venit
1823 740 1859 768 ad
1880 750 1936 768 me.
1984 739 2056 769 [tem

371 782 430 816 [is.
453 781 535 815 -Η.;Ι
558 778 652 806 Nemo
673 781 771 815 potest
797 779 896 806 venire
915 778 953 806 ad
972 789 1018 807 me
1038 779 1096 807 nisi
1116 779 1203 808 suerit
1221 780 1249 807 ei
1269 779 1368 808 datum
1381 790 1397 807 a
1411 783 1492 817 patre
1512 790 1588 808 meo.
1610 779 1682 809 Item
1702 779 1834 820 Philipp.
1852 786 1877 810 l.
1895 786 1954 820 [vs.
1971 784 2019 812 29.
2032 785 2055 820 ι]

371 821 469 849 Vobis
489 821 587 849 datiun
615 824 660 848 est
687 830 737 858 pro
758 819 880 848 Christo
908 831 964 848 non
985 820 1083 849 solum
1104 824 1135 849 ut
1154 821 1282 849 credatis
1303 822 1330 849 in
1350 831 1417 849 eum
1437 822 1493 850 sed
1513 823 1606 850 eciam
1633 826 1664 852 ut
1682 824 1834 861 patiamini
1854 834 1905 862 pro
1925 835 1971 853 e0.
2017 824 2057 854 Et

371 867 412 900 ΙΙ.
431 863 506 891 Tim.
535 860 561 890 Ι.
595 865 671 899 13.;Ῑ
700 863 931 890 misericordiam
959 866 1142 891 consecutus
1168 873 1234 891 sum
1259 867 1289 891 ut
1311 863 1410 891 fidelis
1435 873 1549 892 essem.
1594 862 1666 893 Item
1685 865 1764 902 Eph.
1787 866 1827 894 2⁰.
1849 869 1909 903 [vs.
1937 868 1953 895 8
1974 877 2021 904 sq.
2033 869 2056 904 ι]

370 906 469 934 Gratia
488 904 566 933 salui
591 904 658 933 savii
679 905 756 933 estis
776 914 828 942 per
848 904 934 932 tidem
954 908 983 933 et
1002 904 1058 933 hoc
1096 915 1152 933 non
1173 915 1209 934 ex
1232 906 1319 933 vobis
1339 906 1386 933 dei
1407 906 1484 933 enim
1505 906 1613 934 donum
1633 910 1681 935 est
1699 907 1768 935 Non
1795 917 1831 935 ex
1858 909 2000 946 operibus
2020 918 2056 937 ne

370 949 437 985 quis
458 947 609 985 glorietur.

536 1007 546 1017 ¹
568 1007 654 1032 Nota.
673 1006 801 1031 institit-ati
825 1006 933 1030 hominis
952 1006 1098 1036 principium
1118 1009 1158 1031 est
1175 1006 1239 1031 fides
1265 1007 1323 1031 sola
1342 1007 1409 1031 enim
1434 1006 1483 1032 fide
1502 1007 1662 1038 repelluntur
1679 1007 1788 1032 insultus
1807 1009 1889 1033 carnis
1909 1011 1935 1033 et
1953 1008 2057 1034 daemo-

573 1046 633 1065 num
652 1042 714 1064 Sunt
733 1045 793 1068 ergo
812 1040 836 1064 in
856 1040 934 1070 scrip:
953 1041 1135 1070 promissiones
1162 1043 1187 1065 et
1206 1041 1321 1069 Euange:
1347 1042 1467 1071 tanquam
1493 1041 1605 1070 sigillum
1625 1043 1650 1065 et
1668 1041 1759 1071 pignus
1778 1040 1879 1072 aliquod
1899 1048 1948 1073 quo
1967 1043 2056 1067 confir-

574 1076 658 1098 matur
675 1079 718 1098 cor
736 1074 851 1098 homiliis.
888 1074 989 1103 Oportet
1007 1074 1114 1103 primum
1130 1075 1134 1093 Ι
1150 1075 1260 1099 animum
1288 1075 1320 1099 ad
1345 1073 1557 1104 promissionesti)
1582 1075 1705 1105 coniJ'cere
1730 1075 1821 1105 quibus
1840 1076 1901 1100 solis
1911 1076 1935 1105 ⁴)
1956 1077 2055 1102 animus
2099 1085 2104 1092 ⁵

574 1107 724 1132 muniendus
745 1110 790 1131 est.

608 1158 703 1182 Fides
729 1161 767 1182 est
787 1158 909 1182 Natiuitas
936 1159 958 1182 in
985 1158 1033 1181 deo
1060 1159 1125 1182 sit-ut>
1143 1159 1208 1183 ioan.
1227 1159 1256 1189 [1,
1278 1159 1340 1188 1:35]
1360 1159 1392 1183 Ex
1420 1158 1467 1183 deo
1486 1160 1537 1184 uati
1556 1163 1627 1183 sunt.
1655 1159 1715 1183 item
1737 1160 1809 1183 Arma
1829 1163 1931 1184 nostrae
1951 1161 2054 1185 militiae

587 1191 621 1221 [2.
643 1191 695 1215 Cor.
716 1192 743 1218 x,
762 1192 796 1221 4.]
815 1197 865 1215 non
885 1194 942 1216 sunt
961 1191 1010 1216 nisi
1029 1192 1155 1216 salutares
1174 1193 1370 1222 promissiones„
1609 1191 1613 1196 ⁴

606 1242 694 1266 Nota.
729 1243 814 1267 Omnis
834 1242 914 1271 scrip:
934 1246 973 1267 est
992 1242 1058 1266 edita
1079 1246 1103 1267 ut
1123 1248 1169 1267 uos
1189 1249 1217 1266 ea
1238 1249 1368 1267 armemur
1385 1243 1411 1267 in
1429 1243 1592 1268 contencione
1611 1244 1698 1267 mortis
1717 1244 1745 1268 Et
1763 1244 1845 1268 omnis
1859 1244 1939 1274 scrip:
1958 1246 2000 1268 aut
2019 1244 2055 1268 iu-

574 1277 614 1300 het
636 1279 691 1333 a¹ut:
717 1276 844 1306 promittit.
881 1276 940 1300 Lex
965 1278 995 1300 et
1015 1282 1061 1299 ve.
1081 1280 1147 1300 tes:
1167 1277 1237 1301 lubet
1256 1277 1402 1306 Euange:
1428 1280 1456 1301 et
1484 1283 1532 1301 no:
1558 1279 1625 1301 les:
1643 1278 1764 1307 promittit
1781 1277 1853 1302 nonis
1873 1278 1987 1307 spiritum
2007 1283 2056 1308 quo

572 1315 643 1339 comp
656 1315 752 1333 eamur.

1066 1359 1118 1387 De
1145 1369 1214 1388 vsu
1244 1359 1354 1388 fidei.

455 1417 626 1446 Primum:
648 1419 727 1456 prin
739 1419 812 1457 cipi
824 1428 877 1446 um
886 1419 913 1455 5)
938 1418 1159 1447 iustificationis
1179 1422 1227 1447 est
1246 1428 1298 1456 per
1317 1418 1404 1446 iidem
1424 1429 1490 1447 cum
1503 1419 1619 1447 animus
1633 1419 1809 1457 complexus
1822 1421 2053 1458 promissionem

368 1461 497 1488 diuinam
514 1461 633 1489 confidit
653 1461 711 1489 sibi
732 1470 836 1489 noxam
857 1460 1050 1489 condonatam
1074 1471 1148 1489 esse
1167 1461 1304 1498 adeoque
1330 1461 1389 1489 sibi
1410 1461 1496 1489 deum
1522 1462 1599 1489 bene
1618 1461 1697 1490 velle
1716 1471 1750 1490 ae
1770 1462 1871 1490 fauere
1892 1462 2053 1500 (si-equen-

368 1506 411 1530 ter
429 1502 523 1537 horti)
543 1504 673 1530 exerceri
694 1503 783 1531 debet
803 1504 831 1530 in
850 1504 947 1531 animo
968 1504 1153 1540 cogitando.)
1190 1503 1276 1531 Sicut
1296 1502 1411 1532 Paulus
1430 1503 1467 1531 ad
1487 1503 1544 1532 Ro.
1567 1505 1594 1531 4.
1617 1506 1677 1540 [vs.
1700 1506 1760 1541 5.:]
1781 1503 1922 1533 Credenti
1943 1505 1970 1533 in
1986 1515 2052 1533 eum

369 1545 418 1581 qui
439 1545 579 1573 iustificat
592 1545 719 1582 impium
740 1548 889 1583 reputatur
909 1545 985 1573 fides
1004 1546 1071 1573 eius
1091 1545 1128 1573 ad
1148 1546 1300 1574 iustitiam.

545 1603 555 1613 '
574 1604 623 1628 Ista
643 1610 691 1628 non
712 1606 750 1628 est
770 1604 881 1628 doctrina
899 1605 1033 1629 verborum
1053 1605 1098 1629 sed
1118 1605 1168 1629 vita
1187 1604 1338 1635 acquirenda

572 1639 598 1662 Et
618 1638 725 1662 viuendo
745 1638 848 1662 discitur
868 1644 917 1662 non
936 1638 1062 1668 loquendo
1081 1639 1190 1667 legendo

572 1672 614 1696 Hic
632 1672 691 1695 nihil
711 1672 813 1701 prodest
832 1672 973 1696 verbositas
993 1672 1072 1699 imo⁷)
1091 1674 1170 1696 nocet.

452 1721 686 1749 Secundum:
706 1721 800 1750 Fides
820 1723 955 1759 impetrat
972 1721 1114 1750 auxilium
1140 1722 1187 1750 dei
1215 1725 1246 1749 ut
1271 1721 1372 1759 possit
1395 1720 1443 1749 lex
1468 1720 1587 1749 absolui
1609 1721 1694 1755 Quae
1720 1722 1790 1750 citra
1815 1723 1939 1759 spiritus
1960 1722 2052 1751 diuini

368 1773 453 1801 opem
475 1764 535 1791 tieri
556 1763 643 1801 plane
663 1773 719 1791 non
740 1767 856 1801 potest:
882 1764 944 1791 Sed
970 1765 1039 1801 quia
1065 1764 1162 1792 credis
1182 1764 1413 1802 promissionem
1440 1773 1496 1801 qua
1516 1764 1653 1791 dominus
1673 1763 1828 1801 pollicitus
1850 1768 1897 1793 est
1917 1775 2003 1802 opem
2024 1769 2050 1793 et

367 1806 547 1843 praesidium
569 1806 708 1843 impetras
733 1806 867 1844 spiritum
887 1806 1084 1834 adiuuantem
1104 1806 1206 1844 Atque
1226 1805 1255 1834 id
1274 1809 1323 1834 est
1342 1806 1421 1844 quod
1440 1804 1556 1834 Paulus
1577 1805 1679 1843 [Rom.
1699 1803 1754 1840 ΙΙΙ,
1776 1808 1840 1843 314
1871 1807 1912 1835 ait
1938 1806 2052 1845 Legem
2095 1814 2100 1820 “

367 1849 457 1876 statui
478 1847 534 1876 hoc
554 1851 602 1875 est
622 1847 735 1886 impleri
755 1858 808 1886 per
828 1848 914 1876 tidem
933 1848 974 1877 Et
992 1848 1093 1876 Hiere.
1115 1851 1165 1877 31.
1191 1851 1251 1886 [vs.
1273 1850 1322 1876 33.
1335 1851 1357 1886 :]
1378 1848 1454 1876 Post
1472 1848 1540 1876 dies
1565 1847 1635 1876 illos
1660 1848 1731 1876 dicit
1757 1848 1896 1877 dominus
1915 1849 1992 1878 dabo
2012 1848 2052 1878 le-

367 1899 432 1927 gem
452 1900 545 1918 meam
571 1891 598 1918 in
619 1891 788 1918 visceribus
810 1900 910 1918 eorum
930 1891 947 1918 i.
969 1901 995 1918 e.
1018 1891 1045 1918 in
1065 1890 1191 1919 affectus
1211 1900 1311 1918 eorum
1331 1894 1360 1919 et
1380 1892 1407 1919 in
1429 1890 1517 1918 corde
1536 1900 1636 1918 eorum
1657 1891 1782 1918 scribam
1803 1900 1867 1919 eam
1888 1894 1917 1919 et
1936 1902 1985 1919 ero
2005 1892 2051 1920 eis

368 1933 395 1959 in
416 1932 503 1959 deum
523 1936 551 1960 et
571 1933 629 1970 ipsi
650 1936 733 1960 erunt
753 1932 861 1964 mihiss)
882 1933 910 1960 in
930 1932 1083 1970 populum.

534 1991 541 2000 “
562 1992 617 2015 Not
629 1998 644 2015 a
663 1991 719 2016 Fide
739 1992 806 2016 enim
826 1992 1001 2021 coniungimur
1019 1992 1067 2016 deo
1086 1993 1207 2017 charitate
1227 1993 1338 2022 proximo

572 2025 630 2049 Ideo
649 2025 712 2049 fides
731 2031 830 2049 summa
850 2026 1038 2051 iustificationis.

539 2059 551 2071 ”¹
571 2059 656 2083 Solum
675 2059 779 2083 verbum
800 2059 865 2084 ritae
885 2060 900 2084 i.
919 2065 940 2084 e.
959 2059 1070 2084 diuinum
1091 2060 1236 2090 tranquillat
1254 2061 1432 2086 conscientiam
1452 2063 1478 2085 et
1497 2060 1592 2085 nullum
1613 2060 1690 2084 vllum
1709 2066 1772 2090 opus
1785 2061 1868 2090 Neque
1886 2061 1952 2085 enim
1973 2061 2051 2091 scrip:

571 2093 686 2117 Omnium
707 2093 882 2123 theologorum
902 2094 1065 2118 consolantur
1084 2095 1157 2124 eas⁵')
1176 2094 1222 2119 sed
1240 2095 1362 2119 sauciant.

452 2141 640 2171 Tertium:
661 2143 747 2171 Sicut
766 2143 840 2171 haec
860 2153 916 2171 vna
934 2147 981 2171 est
1001 2145 1204 2173 conscientiae
1224 2144 1408 2172 consolatio:
1436 2145 1512 2172 fides
1532 2144 1689 2172 condonati
1708 2143 1828 2172 delicti:
1849 2142 1890 2172 lta
1910 2144 2049 2173 iustifica—

367 2189 426 2211 tum
447 2189 561 2222 oportet
581 2195 700 2223 semper
721 2186 809 2214 sidere
837 2185 917 2222 quod
945 2195 1123 2223 quamquam
1145 2197 1201 2215 non
1228 2186 1348 2224 impleat
1373 2186 1469 2224 legem
1490 2186 1676 2224 Quamquam
1703 2186 1814 2215 alicubi
1839 2187 1932 2214 eciam
1953 2186 2049 2225 palam

367 2231 471 2263 peccet
492 2236 543 2264 per
563 2228 757 2256 infirmitatem
777 2228 858 2265 quod
878 2228 954 2256 deus
973 2229 1009 2256 ad
1037 2228 1066 2256 id
1087 2230 1184 2267 ipsum
1209 2230 1365 2257 ‹tonniueat
1392 2239 1446 2257 nec
1466 2230 1590 2267 imputet
1614 2231 1734 2266 propter
1757 2225 1910 2257 Christum
1948 2229 2050 2266 Atque

454 2269 552 2297 Haec
572 2274 631 2297 est
653 2270 933 2298 christianismi
954 2280 1101 2300 summa.

1053 2424 1149 2449 Comei
1153 2425 1168 2448 S
1187 2424 1363 2449 DlVERSITAS.

439 2497 462 2523 1)
481 2482 540 2525 sfgr:
611 2498 639 2525 2)
658 2498 715 2522 roh]
735 2504 778 2522 car
847 2499 875 2527 3)
893 2499 1060 2528 promissione
1131 2501 1160 2530 4)
1179 2499 1230 2524 501⁹
1300 2500 1328 2529 5)
1348 2498 1421 2524 Post
1445 2500 1592 2529 principium
1610 2499 1744 2531 primum
1763 2498 1828 2522 scri
1847 2499 1885 2522 sit
1903 2496 2048 2522 librarius

366 2528 423 2553 fidei
442 2529 492 2553 sed
510 2531 613 2554 sentim
632 2529 688 2555 Ιιοε
707 2533 862 2563 ε.ηηιη.ι-ἱι.
934 2534 962 2562 6)
982 2533 1028 2557 hec
1052 2533 1097 2561 (ut
1115 2532 1244 2563 videtur)
1316 2534 1344 2563 7)
1364 2540 1420 2563 ymo
1491 2534 1518 2563 8)
1539 2534 1612 2558 michi
1682 2533 1710 2560 9)
1735 2532 1792 2562 eas]
1837 2531 1977 2566 oqitando
2003 2539 2046 2556 re-

364 2563 451 2593 petii!
471 2562 614 2588 librarius
633 2565 799 2590 conscientias

2096 421 2169 449 ¹2l‚a.
