2358 2933
218 110 275 140 311

254 628 292 649 56.

261 1932 298 1954 51.

313 632 333 648 as

320 1932 340 1955 b.

842 104 950 136 PHIL.
973 102 1076 135 MEL-
1097 101 1282 135 SCRIPTA
1303 103 1578 136 DOGMATICA.

373 202 502 230 beretur
520 198 737 232 dubitatione,
759 197 836 226 item
861 202 895 226 ut
913 195 1047 226 Christo
1066 196 1188 226 tribua-

370 251 422 272 tur
459 241 585 271 debitus
622 238 729 268 honor
763 236 889 268 scilicet
925 239 1015 278 quod
1051 243 1189 278 propter

371 285 476 322 ipsum
495 283 568 312 iusti
589 282 607 310 i.
628 290 656 311 e.
677 280 804 320 accepti
823 280 936 310 simus.
974 280 1053 311 ltem
1072 286 1105 310 ut
1125 280 1187 310 deo

371 326 530 354 tribuatur
554 321 625 353 laus
650 322 895 353 misericordiae
921 332 993 353 cum
1018 323 1188 353 conscien—

371 367 413 396 tia
432 367 462 395 in
482 375 589 405 agone
607 365 693 394 exuit
713 374 841 394 onmem
862 365 988 403 copiam
1008 365 1187 406 dignitatis,

370 414 399 437 et
425 407 590 437 discamus
616 407 875 437 misericordiam
900 405 988 437 illam
1014 417 1081 437 non
1112 416 1188 437 esse

370 451 542 485 incertam,
569 455 602 479 ut
623 449 654 478 in
673 449 802 479 iudiciis
820 448 986 479 hominum
1005 450 1065 479 sed
1084 455 1187 479 ratam

370 498 398 521 et
421 498 543 521 certam
561 497 698 531 propter
716 492 979 530 promissionem.
1016 491 1186 521 Addamus

369 534 466 573 igitur
485 534 672 564 testimonia
690 543 730 563 ex
749 534 867 573 quibus
886 540 955 563 tota
974 543 1028 564 res
1049 534 1103 563 iiet
1121 543 1187 563 ma-

371 577 421 616 gis
456 576 631 614 ierspicua.
674 575 735 605 Ro.
761 575 791 605 6.
814 579 878 613 [vs.
900 575 963 612 14.]
1005 576 1080 605 Non
1106 575 1186 605 estis

371 618 431 647 sub
464 627 524 657 ege
569 618 628 648 sed
646 618 708 647 sub
728 618 844 659 gratia.
875 617 940 647 hoc
960 624 1021 655 est,
1041 618 1102 647 etsi
1122 615 1187 658 legi

371 669 435 689 non
455 658 645 689 satisfacitis
665 666 772 690 tamen
792 660 872 689 estis
900 660 992 696 iusti,
1012 660 1087 699 quia
1106 659 1187 689 deus

371 702 530 741 approbat
557 711 618 731 vos
650 711 714 731 non
744 707 880 740 propter
909 700 1017 741 legem
1043 701 1101 730 sed
1130 710 1188 739 per

372 745 521 785 gratiam,
543 743 606 773 hoc
626 749 687 780 est,
707 752 766 783 per
778 743 1081 772 misericortliamin
1095 742 1187 772 Chri-

372 793 422 816 sto
454 786 658 825 Promissam.
706 784 796 815 Haec
825 790 933 815 autem
962 785 1189 814 misericordia

373 829 435 858 tide
454 827 718 867 apprehenditur.
755 825 828 856 Gal.
848 825 877 856 3.
904 829 968 863 [vs.
985 826 1048 863 134
1096 825 1189 855 Chri-

372 878 442 900 stus
463 879 523 898 nos
536 871 579 901 36)
599 869 733 899 redemit
752 879 770 898 a
794 867 1020 898 maledictione
1040 867 1123 908 legis
1143 866 1189 897 fa-

373 918 444 942 ctus
464 920 524 950 pro
544 911 641 941 nobis
660 910 887 947 maledictum,
906 911 925 939 i.
947 920 974 940 e.
995 909 1048 939 lex
1069 910 1188 940 conde-

372 960 458 984 mnat
485 963 616 990 omnes,
646 953 706 982 sed
732 953 805 982 ideo
830 953 893 982 iam
925 951 1092 991 placemus
1124 961 1188 981 non

373 997 447 1036 quia
466 995 531 1036 legi
552 993 772 1025 satisfacimus
793 995 852 1024 sed
865 995 941 1035 quia
952 1004 1011 1034 per
1023 994 1190 1024 Christum

373 1038 526 1077 redempti
547 1047 671 1068 sumus.
702 1037 823 1068 Sumus
843 1037 943 1078 igitur
961 1037 1038 1067 iusti
1056 1042 1191 1076 propter

374 1080 538 1110 Christum
557 1089 622 1109 non
641 1085 776 1119 propter
792 1078 911 1120 legem.
941 1078 1003 1109 Ro.
1016 1078 1057 1108 X.
1072 1078 1188 1117 [vsa]

374 1122 462 1152 Finis
492 1121 575 1163 legis
601 1121 752 1152 Christus
778 1128 827 1152 est
857 1121 898 1151 ad
925 1121 1080 1151 iustitiam
1104 1120 1189 1150 omni

374 1165 529 1195 credenti.
575 1164 609 1194 ld
636 1170 696 1194 est.
742 1163 815 1194 Hoc
845 1163 934 1204 quod
962 1162 1015 1193 lex
1044 1163 1189 1203 requirit,

376 1206 524 1237 videlicet
543 1213 577 1237 ut
596 1207 674 1237 iusti
692 1207 947 1246 pronunciemur
965 1206 996 1235 id
1017 1205 1190 1245 consequi-

375 1260 446 1280 mur
461 1259 521 1289 per
539 1248 705 1279 Christum
731 1259 803 1279 cum
827 1248 889 1288 ipsi
913 1248 1124 1284 confidimus,
1156 1253 1189 1276 ut

375 1301 517 1331 sequens
553 1291 715 1321 sententia
754 1289 843 1320 clare
874 1296 1027 1320 testatur.
1080 1289 1191 1320 Corde

375 1334 518 1364 creditur
535 1334 575 1363 ad
588 1333 742 1363 iustitiam
755 1339 817 1363 etc.
832 1332 893 1362 Ro.
906 1332 936 1363 8.
952 1335 1013 1369 [vs.
1030 1332 1072 1370 l.]
1093 1330 1191 1362 Nulla

376 1386 462 1406 nunc
482 1376 708 1406 condemnatio
741 1381 803 1404 etc.
849 1375 924 1404 Non
944 1375 1020 1405 dicit
1040 1383 1098 1404 eos
1124 1383 1189 1403 non
1212 1369 1215 1420 i

377 1417 496 1448 habere
515 1424 686 1457 peccatum
706 1417 764 1447 sed
784 1417 859 1447 dicit
886 1427 951 1446 non
972 1417 1123 1456 imputari
1142 1416 1190 1445 eis

375 1461 448 1500 qnia
478 1458 629 1499 placeant
659 1464 793 1499 propter
823 1458 987 1489 Christum
1026 1460 1053 1489 si
1083 1465 1190 1488 tamen

376 1502 508 1531 credant
522 1502 557 1532 In
570 1501 744 1532 Christum.
778 1502 862 1531 sicut
874 1507 991 1541 postea
1011 1501 1097 1531 dicit.
1122 1500 1192 1530 Lex

375 1545 507 1584 spiritus
527 1545 613 1574 sitae
637 1543 672 1573 1n
692 1543 821 1574 Christo
842 1543 991 1574 liberavit
1017 1553 1068 1573 me
1092 1553 1109 1573 a
1130 1548 1190 1573 etc.

376 1586 409 1616 ld
429 1593 478 1617 est
498 1586 616 1617 fiducia
630 1596 693 1626 qua
708 1586 909 1616 vivificamur
920 1586 1088 1627 agnitione
1101 1584 1192 1615 Chri-

376 1629 434 1665 sti,
470 1627 584 1659 liberat
609 1639 629 1658 a
652 1634 756 1659 morte
783 1634 813 1659 et
839 1626 946 1659 adfert
964 1629 1063 1658 vitam
1087 1633 1191 1658 aeter-

377 1681 458 1701 nanh

477 1739 621 1764 Eaetrema
643 1745 719 1771 pars
747 1739 836 1763 tertia
864 1737 950 1762 liuius
971 1739 1104 1772 paginae
1133 1735 1190 1761 Ms.

477 1775 564 1805 atque
583 1772 658 1797 duae
671 1771 874 1804 subsequentes
887 1773 1029 1805 pnyt'nae.
1047 1770 1100 1804 fol.
1111 1770 1152 1800 56,
1165 1769 1190 1794 b.

479 1805 629 1865 Ζίιζὲἒεῆἵ.
644 1814 670 1830 η.
692 1805 778 1831 albae
796 1809 870 1830 sunt.
904 1804 1019 1830 Deinde
1032 1807 1193 1837 sequnntur

427 1920 572 1970 ¹Quae
606 1933 749 1972 opera
785 1919 881 1957 sint
912 1918 1144 1957 facienda.
1214 1914 1216 1945 f

423 2011 597 2041 Praeterea
621 2009 660 2039 de
687 2010 839 2048 operibus
865 2008 1034 2039 sciendum
1063 2013 1131 2043 est,
1161 2006 1191 2035 id
1215 2044 1217 2047 ι

379 2054 465 2094 quod
484 2054 527 2082 ait
553 2051 704 2081 Christus
717 2050 853 2081 Frustra
879 2050 989 2081 colunt
1010 2056 1072 2080 etc.
1092 2058 1193 2089 quare

381 2094 469 2126 nulla
489 2104 587 2135 opera
614 2094 823 2132 suscipienda
848 2099 924 2123 sunt
949 2093 1020 2122 sine
1039 2092 1192 2122 mandato

380 2139 446 2174 dei,
488 2135 758 2177 quemadmodum
802 2141 831 2164 et
873 2134 996 2166 Paulus
1038 2133 1193 2174 praecipit

380 2180 492 2209 Omnis
512 2179 672 2218 scriptura
692 2178 843 2208 divinitus
863 2179 1018 2218 inspirata
1037 2183 1099 2207 etc.
1135 2175 1194 2205 Fa-

380 2220 441 2251 cile
461 2222 557 2261 igitur
575 2221 710 2250 iudicari
728 2226 838 2259 potest
857 2230 940 2260 quae
960 2229 1061 2259 opera
1079 2228 1195 2248 neces—

380 2264 466 2294 saria
486 2264 559 2292 sint.
605 2262 751 2292 Possunt
770 2268 878 2292 autem
899 2263 1066 2302 aptissime
1089 2262 1121 2291 in
1142 2260 1196 2290 de·
1218 2259 1219 2296 1

380 2304 531 2345 calogum
551 2303 708 2335 collocari
730 2311 792 2334 etc.
837 2303 1080 2334 Recenseamus
1099 2303 1197 2344 igitur

382 2357 491 2387 opera.
536 2346 677 2377 Primum
708 2356 747 2376 ac
775 2347 983 2386 praecipuum
1020 2356 1103 2386 opus
1145 2351 1195 2375 est

382 2391 451 2428 ipsa
474 2388 568 2423 fides,
590 2399 651 2428 qua
675 2388 736 2418 deo
761 2398 839 2418 vere
859 2395 888 2418 et
909 2398 947 2418 ex
968 2389 1068 2418 corde
1086 2388 1195 2417 tribui·
1217 2406 1218 2409 =

229 2528 273 2552 35>
295 2526 349 2554 nos!
373 2526 415 2549 Ms.
444 2530 494 2547 rosv

1231 206 1303 227 mus
1323 195 1453 228 laudem
1471 204 1503 227 et
1521 198 1651 228 virtutis
1671 204 1704 229 et
1721 199 1975 231 misericordiae.
2002 201 2052 232 Fi-

1232 239 1291 269 des
1311 240 1397 269 enim
1415 239 1531 270 statuit
1545 240 1640 271 deum
1660 250 1814 272 veracem
1833 251 1911 273 esse
1929 253 1969 274 ac
1981 252 2050 274 ser·

1232 286 1363 311 vantem
1386 282 1625 322 promissiones
1640 283 1699 321 37).
1743 281 1785 313 Et
1811 285 1887 324 quia
1915 286 2052 325 promis·

1231 324 1345 353 siones
1385 322 1583 363 pollicentur
1617 324 1876 357 misericordiam
1917 334 2053 368 propter

1233 364 1413 403 Christum,
1431 366 1514 396 fides
1534 376 1612 397 vere
1631 367 1745 397 statuit
1764 367 1859 398 deum
1880 369 2002 400 bonum
2021 375 2051 400 et

1231 408 1476 438 misericordem
1502 418 1587 439 esse.
1633 408 1723 438 Haec
1749 409 1832 440 fides
1857 416 1907 441 est
1927 412 2053 450 praeci-

1231 458 1315 489 puus
1336 449 1445 480 cultus
1466 456 1497 480 et
1517 460 1601 490 opus
1620 451 1713 491 primi
1732 452 1909 492 praecepti,
1929 458 1961 482 et
1978 454 2053 492 quia

1231 490 1306 521 talis
1326 491 1408 521 fides
1428 493 1537 522 existit
1563 493 1595 522 in
1618 493 1817 533 poenitentia
1842 503 1983 524 necesse
2001 500 2053 524 est

1232 534 1439 563 coniunctam
1458 543 1535 564 esse
1560 544 1633 564 cum
1651 535 1777 565 timore.
1822 535 1883 566 Est
1907 536 1991 566 enim
2014 537 2053 566 ti-

1230 585 1303 606 mor
1320 574 1431 605 filialis
1455 576 1509 616 qui
1528 586 1601 606 cum
1614 576 1678 607 fide
1692 578 1886 608 coniunctus
1899 583 1960 608 est.
1987 576 2053 607 hoc

1232 623 1299 654 est,
1322 618 1378 647 ubi
1405 617 1524 648 fiducia
1542 617 1663 648 Christi
1682 620 1777 660 erigit
1804 625 1836 649 et
1859 618 2054 650 consolatur

1230 669 1294 689 nos
1319 660 1351 689 in
1381 660 1575 690 terroribus.
1620 660 1768 690 Econtra
1796 662 1894 691 timor
1921 660 2052 691 servilis

1233 707 1281 731 est
1302 701 1356 740 qui
1381 708 1431 730 est
1459 702 1529 731 sine
1546 701 1629 738 fide,
1647 703 1702 732 ubi
1726 702 1879 733 videlicet
1895 709 2054 743 perpetua

1233 742 1390 772 dubitatio
1410 741 1504 772 affert
1527 743 1570 772 ad
1588 749 1764 774 extremum
1791 745 2053 784 desperationem

1234 790 1296 813 etc.
1342 783 1411 812 Nec
1435 793 1515 813 vero
1540 782 1614 814 leve
1637 794 1720 823 opus
1751 792 1803 816 est
1831 786 1916 817 haec
1935 786 2054 816 fiducia

1233 825 1477 855 misericordiae
1496 825 1537 855 de
1555 835 1621 865 qua
1636 825 1780 866 loquitur
1792 827 1954 858 Christus.
1983 827 2053 859 Du-

1212 898 1213 901 *
1236 868 1346 897 bitatio
1368 867 1452 897 enim
1470 866 1630 897 naturalis
1656 868 1814 899 reclamat
1833 870 1861 899 ei
1885 876 1918 899 ct
1940 869 2053 900 debili-

1234 915 1279 939 tat
1300 918 1388 946 eam,
1413 910 1509 938 immo
1535 914 1652 939 natura
1675 909 1841 941 hominum
1865 911 1909 941 ita
1927 917 1978 941 est
1997 921 2054 951 op-

1233 961 1351 991 pressa
1376 951 1537 981 caecitate
1560 956 1595 981 ut
1619 961 1685 981 non
1709 951 1871 993 intelligat
1893 952 1978 983 hanc
1997 953 2054 983 du-

1235 993 1424 1023 bitationem
1441 998 1612 1033 peccatum
1632 1003 1719 1031 esse,
1740 1000 1794 1024 aut
1805 993 1891 1025 hanc
1905 994 2002 1025 fidem
2014 994 2055 1025 de

1234 1045 1299 1076 qua
1316 1034 1480 1075 loquimur
1504 1037 1727 1066 necessariam
1753 1045 1839 1066 esse.
1885 1036 2054 1067 Eiusmodi

1234 1078 1301 1108 vita
1314 1083 1365 1107 est
1382 1083 1539 1117 perpetua
1555 1078 1717 1119 ignoratio
1733 1077 1854 1108 Christi
1870 1079 1944 1109 sive
1954 1078 2006 1108 dei
2024 1083 2055 1108 et

1235 1126 1394 1160 perpetua
1413 1120 1575 1160 impietas,
1595 1121 1679 1150 sicut
1697 1119 1821 1150 Paulus
1841 1120 1939 1150 docet
1951 1120 2056 1150 Omne

1235 1162 1324 1202 quod
1342 1171 1408 1191 non
1427 1168 1478 1192 est
1497 1171 1537 1191 ex
1556 1168 1618 1192 etc.
1637 1161 1814 1192 Discamus
1837 1163 1935 1202 igitur
1959 1162 2056 1193 deum

1234 1205 1411 1244 praecipue
1440 1203 1528 1234 hunc
1561 1203 1684 1234 cultum
1709 1205 1874 1244 requirere
1902 1203 2056 1235 videlicet

1213 1262 1214 1265 =
1234 1245 1320 1276 hanc
1339 1246 1489 1276 fiduciam
1509 1247 1763 1283 misericordiae,
1783 1252 1814 1276 et
1832 1246 1915 1277 haec
1935 1245 2056 1277 fiducia

1235 1288 1318 1329 parit
1344 1287 1551 1318 dilectionem
1569 1288 1637 1325 dei,
1669 1288 1833 1328 Agnoscit
1856 1288 1939 1318 enim
1959 1288 2054 1318 deum

1236 1332 1297 1360 iam
1320 1340 1385 1360 non
1408 1330 1507 1360 irasci
1533 1335 1536 1351 ¹
1557 1331 1615 1360 sed
1634 1331 1815 1370 propicium
1835 1340 1927 1367 esse,
1952 1339 2054 1370 quare

1235 1382 1351 1413 pacem
1370 1377 1400 1402 et
1421 1372 1574 1413 gaudium
1587 1373 1617 1402 in
1632 1373 1732 1403 corde
1745 1373 1842 1412 parit,
1863 1372 1978 1402 statuit
1990 1381 2052 1401 nos

1236 1415 1297 1444 deo
1320 1424 1418 1444 curae
1437 1424 1523 1451 esse,
1542 1425 1604 1444 nos
1624 1415 1768 1445 exaudiri
1787 1424 1826 1445 ac
1847 1414 1976 1444 defendi
1991 1419 2054 1445 etc.

1236 1457 1386 1497 Denique
1404 1463 1453 1487 est
1473 1458 1545 1497 ipsa
1563 1467 1651 1487 nova
1663 1457 1728 1487 vita
1748 1462 1779 1487 et
1792 1456 1957 1486 inchoatio
1970 1456 2056 1486 vitae

1237 1505 1391 1529 aeternae
1421 1504 1484 1529 etc.
1515 1499 1600 1529 sicut
1629 1499 1671 1529 ait
1701 1498 1855 1528 Christus
1881 1498 1972 1528 Haec
2005 1503 2055 1527 est

1238 1542 1304 1571 vita
1327 1547 1460 1571 aeterna
1478 1547 1540 1571 etc.
1576 1541 1654 1571 Item
1672 1541 1781 1571 Iustus
1805 1550 1846 1570 ex
1869 1540 1933 1570 fide
1955 1540 2055 1570 vivet.

1236 1584 1316 1613 Item
1330 1583 1410 1613 Fide
1425 1588 1455 1612 et
1471 1582 1684 1613 iustificamur
1708 1589 1740 1613 et
1756 1582 1968 1613 vivificamur.
1991 1579 2056 1611 hoc

1238 1632 1299 1663 est,
1322 1624 1449 1655 liberati
1479 1635 1498 1655 a
1523 1626 1702 1655 terroribus
1732 1625 1860 1665 peccati
1884 1629 1916 1654 et
1942 1624 2056 1654 mortis

1238 1668 1439 1708 concipimus
1473 1667 1572 1697 vitam
1601 1674 1778 1698 aeternam.
1837 1666 1931 1697 Bona
1963 1675 2056 1696 mens

1236 1716 1409 1750 utrumque
1440 1709 1624 1740 existimare
1659 1714 1767 1750 potest
1801 1709 1918 1750 ingens
1954 1708 2055 1749 quod-

1237 1753 1310 1783 dam
1340 1752 1493 1793 gaudium
1524 1752 1683 1789 existere,
1717 1752 1745 1781 si
1774 1756 1918 1781 statuere
1949 1750 2057 1790 possit

1237 1796 1333 1825 deum
1355 1795 1428 1830 sibi,
1452 1794 1511 1824 sibi
1536 1795 1666 1834 inquam
1680 1804 1756 1824 vere
1774 1792 1858 1823 velle
1874 1793 2056 1832 propicium

1237 1847 1330 1874 esse,
1353 1846 1390 1866 se
1415 1846 1514 1866 curae
1537 1846 1613 1866 esse
1637 1837 1698 1866 deo
1723 1845 1762 1866 ac
1786 1834 1917 1865 defendi
1940 1845 1960 1864 a
1983 1835 2056 1871 deo,

1237 1879 1313 1920 quid
1337 1884 1451 1919 optare
1480 1878 1639 1909 humanus
1669 1878 1794 1908 animus
1824 1877 1927 1917 magis
1951 1877 2057 1917 possit

1237 1932 1334 1962 quam
1363 1927 1395 1950 ut
1421 1920 1461 1950 de
1484 1920 1546 1951 hac
1565 1919 1732 1950 voluntate
1759 1919 1810 1948 dei
1837 1919 1957 1949 certior
1979 1918 2057 1949 fiat?

1238 1964 1337 2004 Atqui
1359 1968 1393 1993 ut
1416 1962 1497 1993 haec
1521 1968 1701 1993 statuamus
1723 1971 1789 1991 non
1813 1959 1920 1991 solum
1944 1966 2056 1991 extant

1237 2005 1471 2046 promissiones
1502 2005 1533 2035 in
1556 2004 1727 2043 scripturis
1758 2003 1816 2033 sed
1845 2003 2056 2034 severissime

1238 2048 1446 2088 praecipitur.

1280 2090 1425 2120 Pertinet
1464 2089 1506 2119 ad
1539 2089 1676 2129 primum
1710 2093 1917 2127 praeceptum
1961 2087 2057 2117 etiam

1239 2132 1424 2162 obedientia
1446 2132 1478 2161 in
1504 2131 1653 2161 omnibus
1675 2129 1919 2160 afflictionibus.
1966 2128 2058 2159 Parit

1239 2180 1346 2205 autem
1377 2179 1408 2204 et
1436 2173 1522 2204 hane
1551 2173 1737 2213 patientiam
1768 2172 1850 2202 fides
1880 2181 1964 2212 quae
1995 2171 2057 2201 scit

1239 2215 1437 2247 afflictiones
1461 2226 1527 2246 non
1551 2225 1625 2245 esse
1647 2216 1778 2256 signum
1801 2215 1868 2244 irae
1893 2219 1955 2244 etc.
1996 2213 2055 2244 sed

1240 2259 1393 2289 exercitia
1416 2258 1502 2295 fidei,
1526 2258 1604 2288 Item
1627 2258 1688 2288 scit
1708 2258 1770 2287 deo
1787 2266 1849 2287 nos
1867 2265 1966 2286 curae
1979 2264 2056 2285 esse

1240 2302 1272 2331 in
1300 2302 1381 2340 ipsis
1409 2299 1657 2337 afflictionibus,
1687 2301 1749 2329 scit
1779 2309 1844 2329 non
1875 2307 1949 2328 esse
1976 2297 2055 2328 abii-

1240 2344 1386 2374 ciendam
1410 2343 1590 2374 doctrinam
1613 2340 1781 2383 Evangelii
1811 2345 1945 2380 propter
1972 2337 2055 2370 affii-

1240 2386 1379 2416 ctionem
1403 2390 1465 2415 etc.

1240 2522 1285 2551 37)
1305 2521 1501 2550 promissiones]
1520 2521 1563 2545 Ms.
1583 2521 1704 2545 exhibere
1722 2519 1834 2544 vitietur:
1854 2517 2036 2548 promissionis.

2089 1340 2129 1364 58.

2146 109 2208 141 312

2149 1348 2170 1364 ἃ.
