2358 2933
80 119 145 150 825
535 118 557 147 1.
581 117 682 148 LOCl
705 115 984 147 THEOLOGICI:
1023 115 1066 146 D.
1089 114 1249 146 TERTIA
1270 112 1426 144 EORUM
1449 111 1603 143 AETAS.
2001 108 2065 140 826

80 219 150 242 tare
179 211 310 252 aliquid,
340 208 468 240 scilicet
503 210 543 240 de
566 207 781 248 explicatione
803 208 972 238 doctrinae
993 213 1049 237 aut
1069 213 1072 271 Ι
1092 205 1292 237 confessioni
1310 214 1540 246 aggregemus.
1587 204 1643 234 Sic
1656 202 1764 243 Cyrus
1784 207 1816 231 et
1838 199 1893 231 alii
1915 201 1957 240 pii
1980 202 2065 231 inter

80 252 290 284 consiliorum
315 251 458 282 felicium
479 252 513 281 in
536 251 773 291 gubernatione
795 254 851 280 aut
873 249 1049 279 sententia·
1069 273 1072 297 ἱ
1091 248 1268 285 Ethnicos,
1292 248 1353 278 etsi
1377 257 1442 277 non
1466 251 1559 277 erant
1581 243 1837 285 HierosolymiS,
1874 248 1982 273 tamen
2006 253 2063 282 pu-

79 306 150 326 rum
173 296 204 325 in
223 294 405 325 iudicandis
428 293 673 329 controversiis,
697 297 728 322 et
751 300 864 322 omnes
883 291 1049 331 sapientes
1091 289 1177 320 blica
1200 288 1408 330 professione
1432 294 1524 319 erant
1546 289 1578 318 in
1602 293 1700 319 coetu
1722 291 1928 321 vocatomm,
1952 284 2063 314 audie-

80 338 111 367 in
140 335 301 376 qualibet,
330 335 480 375 quamvis
515 335 649 375 exigua,
683 332 848 365 functione
875 338 984 363 tamen
1013 342 1050 363 se
1070 300 1073 361 l
1093 333 1170 363 bant
1192 341 1308 362 vocem
1337 336 1369 361 et
1396 331 1606 361 ministerium
1629 327 1818 369 Evangelii,
1852 333 1945 358 erant
1974 327 2063 356 cives

80 388 180 418 saepe
207 376 401 408 hallucinari
433 378 659 416 experiuntur:
690 374 928 406 Paterfamilias
951 385 1050 416 saepe
1094 382 1125 406 et
1148 375 1292 406 membra
1304 373 1444 404 visibilia
1455 372 1627 403 Ecclesiae
1651 370 1799 408 visibilis,
1823 369 2064 400 invocationem

79 419 165 450 male
203 424 295 449 cavet
336 417 450 448 liberis
488 425 619 458 praeter
659 418 926 458 expectationem.
984 418 1051 448 Sed
1093 424 1125 449 et
1144 415 1386 448 consessionem
1412 426 1503 446 suam
1527 415 1771 456 coniungebant
1795 422 1868 443 00111
1891 410 2065 451 Prophetis

82 461 110 491 1.
134 460 211 491 Cor.
234 461 264 493 4,
297 463 361 502 [vs.
384 461 431 499 2.]
459 461 577 502 inquit:
606 461 678 492 Hoc
705 460 873 501 flagitatur
901 461 933 490 in
961 461 1051 490 mini-
1094 466 1126 490 et
1148 465 1216 490 toto
1236 465 1333 489 coetu
1356 458 1499 498 piarum,
1532 456 1586 497 qui
1615 462 1685 487 erat
1707 457 1738 487 in
1761 452 1977 491 Hierusalem,
2011 454 2066 487 ubi

78 503 170 543 stris,
192 510 228 536 ut
245 506 310 536 sint
323 503 450 541 fideles,
471 504 536 534 hoc
555 509 614 540 est,
637 509 670 533 ut
688 501 833 532 habeant
851 500 1052 532 voluntatem
1094 507 1165 532 erat
1186 501 1363 540 praecipua
1386 500 1554 530 ministerii
1577 499 1685 529 sedes.

80 546 209 578 fidelem
234 553 326 578 recta
347 546 499 583 faciendi,
522 556 586 576 non
609 543 800 584 indulgeant
810 544 973 585 ignaviae,
992 544 1051 574 5011
1181 542 1272 573 Haec
1296 552 1397 581 saepe
1419 541 1620 582 multumque
1643 541 1818 582 cogitanda
1841 546 1933 578 sunt,
1961 545 1998 571 ut
2022 540 2066 570 di-

80 590 220 626 discant,
242 588 393 620 laborent
413 588 627 624 mediocriter,
650 591 682 616 et
704 585 825 616 faciant
847 596 913 616 non
936 585 1052 623 aliena,
1095 594 1245 621 5030105,
1268 584 1344 625 quid
1363 585 1404 614 sit
1427 582 1581 614 Ecclesia
1603 583 1664 613 Dei
1688 589 1719 614 et
1741 583 1796 613 ubi
1820 583 1877 619 sit,
1902 582 2066 623 quomodo

79 632 139 662 sed
162 631 213 661 sui
235 631 378 661 muneris
402 640 520 670 opera3
544 629 628 659 Nam
650 626 809 659 sedulitas
832 627 913 669 fugit
932 634 1052 658 utrum·
1094 626 1186 657 Deus
1209 626 1442 667 agnoscendus
1472 627 1531 663 sit,
1566 631 1598 656 et
1625 635 1686 656 nos
1710 635 1788 656 vere
1817 625 1859 655 ad
1882 623 2067 655 Ecclesiam

80 683 143 714 que
164 673 288 709 vitium,
310 673 473 714 ignaviam
497 677 530 701 et
551 670 847 711 πολυπραγμοσύνην.
1094 669 1310 709 adiungamus
1333 674 1365 698 et
1388 667 1502 698 fovere
1525 677 1597 698 eam
1622 667 1805 703 (1150311105,
1835 677 1876 696 00
1899 666 1979 696 fiant
2002 666 2067 696 dis-

1095 711 1285 750 sipationes.
1341 710 1424 740 Nam
1452 711 1507 740 ubi
1536 708 1647 740 nullae
1675 715 1751 740 sunt
1779 709 2069 749 congregationes,

1096 763 1162 783 vox
1185 750 1357 794 Evangelii
1388 752 1599 789 conticescit,
1628 758 1661 782 ut
1692 751 1835 793 Tyranni
1858 750 2068 781 Mahometici

517 797 614 835 [xit]
1096 796 1129 824 in
1157 792 1268 825 inultis
1302 793 1385 824 locis
1414 795 1522 825 omnia
1545 793 1667 835 templa
1690 793 1882 824 deleverunt
1904 798 1935 822 et
1959 790 2068 823 nullas

1096 837 1371 877 congregationes
1384 836 1465 874 fieri,
1488 846 1529 867 ne
1552 837 1683 877 quidem
1702 846 1848 872 suorum,
1871 835 2069 875 permittunt.

408 881 468 912 DE
499 880 723 912 ECCLESIA.
1095 877 1192 909 Tales
1215 877 1407 909 Diabolicas
1436 880 1610 909 vastitates
1641 884 1673 909 et
1696 878 1929 918 dissipationes
1952 874 2069 906 intelli-

1095 930 1211 960 gamus
1235 922 1351 961 ingens
1375 927 1405 951 et
1429 931 1589 951 summum
1612 920 1732 951 malum
1757 930 1842 950 esse.
1877 919 1953 949 Ideo
1978 924 2009 949 et
2022 919 2069 957 82)

163 968 210 1007 30)
223 967 360 1006 Semper
382 966 415 995 in
439 970 621 1004 conspectu
644 965 686 994 sit
709 964 858 994 omnibus
881 962 946 993 hoc
958 961 1052 993 Pauli
1095 962 1203 992 Deum
1226 973 1375 1000 01011105,
1408 968 1443 993 ut
1466 969 1575 993 servet
1598 972 1677 993 suos
1702 968 1833 999 coetus,
1868 967 1899 992 et
1923 970 1984 991 nos
2007 961 2068 1000 ipsi

76 1010 214 1041 dictum:
245 1008 336 1043 Quos
361 1006 479 1047 elegit,
508 1005 571 1037 hos
595 1007 738 1037 vocavit.
784 1005 1052 1045 Quotiescunque
1095 1005 1245 1035 omnibus
1269 1015 1327 1036 eos
1351 1003 1468 1035 officiis
1492 1004 1673 1036 foveamus.

76 1052 117 1082 de
139 1050 292 1083 Ecclesia
315 1050 517 1089 cogitamus,
547 1050 729 1079 intueamur
761 1053 888 1077 coetum
919 1053 1052 1077 vocato—
1180 1046 1229 1077 Sit
1257 1053 1367 1078 autem
1394 1046 1476 1078 haec
1507 1047 1727 1081 definitio:³³)
1751 1045 1905 1077 Ecclesia
1928 1043 2067 1075 visibilis

75 1104 164 1131 rum,
198 1093 253 1134 qui
282 1097 332 1122 est
355 1090 510 1121 Ecclesia
539 1089 694 1127 visibilis,
727 1099 789 1120 nec
819 1088 897 1119 alibi
924 1088 1051 1119 electos
1095 1094 1145 1119 est
1180 1094 1294 1119 coetus
1330 1088 1596 1129 amplectentium
1630 1087 1845 1129 Evangelium
1881 1086 2002 1117 Christi
2037 1092 2068 1116 et

75 1134 161 1166 ullos
186 1145 262 1165 esse
285 1134 503 1170 somniemus,
533 1133 595 1162 nisi
617 1133 649 1162 in
673 1131 737 1162 hoc
760 1132 833 1170 ipso
858 1136 953 1161 coetu
976 1131 1052 1160 visi·
1094 1136 1183 1161 recte
1206 1132 1363 1161 utentium
1387 1131 1621 1168 Sacramentis,
1640 1132 1674 1161 in
1697 1141 1761 1171 quo
1783 1130 1875 1160 Deus
1897 1139 1957 1169 per
1980 1128 2069 1158 mini-

76 1175 141 1208 bili.
185 1177 269 1207 Nam
287 1185 394 1215 neque
412 1175 571 1211 invocari,
595 1183 701 1214 neque
723 1173 863 1213 agnosci
877 1172 970 1203 Deus
994 1171 1051 1202 ali·
1095 1174 1230 1203 sterium
1252 1172 1425 1214 Evangelii
1459 1179 1510 1204 est
1544 1173 1664 1203 efficax
1694 1179 1725 1203 et
1755 1171 1874 1203 inultos
1907 1171 1949 1201 ad
1972 1170 2070 1200 vitam

74 1226 124 1249 ter
146 1218 226 1255 vult,
250 1228 348 1258 quam
371 1223 404 1247 01
428 1227 464 1246 se
487 1214 658 1256 patefecit3
681 1215 751 1245 Nec
775 1214 851 1245 alibi
870 1225 907 1245 se
930 1213 1051 1254 patefe-
1095 1221 1260 1245 aeternam
1284 1221 1469 1256 regenerat,
1491 1216 1523 1245 in
1547 1226 1612 1256 quo
1629 1221 1725 1245 coetu
1748 1220 1857 1244 tamen
1880 1211 1970 1243 multi
1993 1218 2070 1242 sunt

75 1261 130 1298 011,
154 1261 215 1290 nisi
238 1261 270 1289 in
294 1258 446 1288 Ecclesia
470 1257 604 1294 visibili,
627 1258 659 1286 in
683 1267 747 1297 qua
771 1255 843 1286 sola
867 1262 964 1287 sonat
986 1267 1051 1287 vox
1094 1267 1158 1287 non
1183 1258 1300 1294 renati,
1325 1258 1384 1287 sed
1404 1258 1443 1287 de
1466 1267 1544 1288 vera
1568 1258 1717 1287 doctrina
1740 1256 1997 1288 consentientes.
2028 1253 2071 1284 Ut

74 1300 256 1343 Evangelii.
301 1301 372 1330 Nec
396 1299 493 1330 aliam
516 1299 678 1340 fingamus
701 1297 888 1329 Ecclesiam
910 1299 1051 1328 invisibi-
1094 1299 1219 1329 Mariae
1243 1305 1391 1339 tempore
1414 1305 1507 1330 erant
1529 1298 1682 1331 Ecclesia
1705 1298 1902 1335 Zacharias,
1925 1296 2070 1333 Simeon,

74 1342 138 1374 lem
167 1349 199 1374 et
227 1348 348 1374 mutam
376 1341 542 1373 hominum
572 1342 603 1373 in
626 1342 689 1374 hac
712 1341 779 1372 vita
806 1346 915 1371 tamen
939 1341 1051 1371 viven-
1094 1340 1225 1381 loseph,
1248 1341 1413 1379 Elisabet,
1447 1341 1569 1379 Maria,
1604 1342 1759 1372 Pastores
1784 1347 1816 1371 et
1838 1339 1954 1379 311134)
1979 1336 2070 1369 multi

72 1387 163 1425 tium,
186 1387 245 1418 sed
269 1384 356 1416 oculi
378 1389 410 1415 et
432 1394 526 1416 mens
550 1391 678 1416 coetum
701 1389 908 1420 vocatorum,
932 1383 965 1413 id
987 1388 1050 1421 est,
1095 1382 1229 1422 similes,
1258 1385 1313 1426 qui
1342 1385 1383 1414 de
1413 1395 1495 1424 pura
1519 1385 1667 1415 doctrina
1679 1385 1728 1424 ³3⁵)
1764 1383 2011 1413 consentiebant
2023 1381 2070 1415 3⁶)

73 1429 294 1470 profitentium
316 1426 532 1468 Evangelium
545 1426 608 1457 Dei
630 1428 828 1464 intueantur,
852 1430 883 1457 et
906 1426 1050 1457 sciamus
1095 1433 1126 1459 01
1149 1427 1326 1459 audiebant
1355 1437 1420 1458 non
1444 1426 1636 1458 saducaeos
1661 1432 1716 1458 aut
1738 1424 1821 1458 31105
1844 1425 1962 1468 impios
1985 1422 2071 1452 Pon-

75 1477 231 1512 oportere
263 1471 348 1501 inter
380 1469 528 1499 homines
561 1468 692 1509 publice
726 1479 846 1500 sonare
879 1467 1049 1511 Evangelii
1094 1469 1219 1508 tifices,
1252 1470 1311 1501 sed
1330 1469 1541 1510 Zachariam,
1565 1469 1762 1506 Simecnem.
1783 1469 1943 1507 Hamlam.
1965 1469 2069 1505 Elisa-

74 1523 203 1551 vocem,
226 1514 311 1543 sicut
334 1512 491 1551 scriptum
515 1517 582 1541 est:
606 1511 641 1541 ln
654 1522 782 1542 omnem
805 1517 926 1542 terram
949 1513 1048 1543 exivit
1068 1527 1071 1563 Ι
1094 1513 1159 1550 bet,
1188 1512 1326 1544 Mariam
1349 1520 1381 1544 et
1399 1513 1531 1545 similes.
1577 1515 1696 1547 Servat
1719 1510 1803 1548 enim
1826 1518 1919 1550 Deus
1942 1519 2069 1561 aliquas

74 1565 177 1586 sonus
200 1565 323 1585 eorum.
369 1554 518 1585 Sciamus
538 1559 689 1593 oportere
712 1554 924 1584 ministerium
940 1553 1048 1585 Evan-
1094 1565 1172 1585 suas
1196 1555 1350 1596 reliquias
1368 1557 1453 1587 inter
1464 1559 1630 1589 ministros
1650 1566 1681 1590 et
1703 1561 1842 1591 subinde
1855 1562 2068 1594 ministerium

74 1596 150 1638 gelii
173 1595 337 1637 publicum
362 1601 393 1625 01
415 1594 564 1635 publicas
588 1596 865 1637 congregationes
889 1606 983 1634 esse,
1013 1602 1048 1627 ut
1092 1598 1272 1628 instaurat:
1296 1598 1337 1628 Et
1359 1599 1442 1629 inter
1466 1599 1528 1630 hos
1551 1602 1719 1633 auditores
1746 1602 1926 1634 Zachariae
1952 1611 1984 1635 et
2003 1604 2067 1635 Eli·

73 1639 157 1679 Eph.
170 1639 201 1669 4.
225 1638 352 1675 dicitur,
376 1643 408 1667 et
430 1638 472 1667 ad
494 1636 581 1668 hunc
606 1643 733 1668 coetum
746 1648 807 1668 nos
820 1639 1046 1679 adiungamus-
1092 1640 1188 1670 sabet
1210 1639 1308 1681 aliqui
1333 1647 1425 1672 erant
1445 1652 1510 1672 non
1530 1644 1645 1681 renati,
1664 1643 1825 1675 habentes
1849 1645 1965 1677 delicta
1991 1657 2066 1677 con-

74 1680 183 1712 Simus
207 1680 296 1710 cives
320 1685 353 1709 et
375 1680 519 1709 membra
542 1678 637 1709 huius
650 1678 787 1710 visibilis
811 1686 938 1716 coetus,
962 1681 1048 1711 sicut
1091 1687 1143 1711 tra
1168 1684 1420 1720 000501001131ος
1445 1684 1507 1719 Qui
1530 1690 1650 1723 tamen,
1665 1677 1747 1727 *quia
1766 1688 1806 1717 de
1822 1698 1901 1718 vera
1920 1689 2066 1720 doctrina

73 1723 233 1763 praecipit
255 1720 343 1752 Psal.
363 1721 415 1751 25.
440 1724 504 1759 [vS.
527 1720 573 1759 8.]
615 1721 725 1751 Dilexi
749 1722 902 1752 decorem
932 1722 1046 1752 domus
1091 1726 1360 1762 consentiebant,
1392 1732 1485 1757 erant
1510 1727 1598 1758 cives
1619 1734 1650 1759 et
1673 1730 1818 1760 membra
1840 1729 2010 1762 Ecclesiae
2033 1732 2064 1762 in

74 1771 160 1795 tuae.
204 1764 246 1794 Et
268 1762 357 1794 Psal.
381 1762 433 1793 83.
459 1766 521 1800 {vs-
545 1764 590 1803 2.]
627 1763 731 1798 Quam
754 1763 873 1794 dilecta
896 1765 1046 1794 taberna·
1090 1765 1154 1796 hac
1178 1767 1254 1796 vita.

75 1805 149 1838 cula
172 1813 240 1844 tua,
274 1805 424 1836 Domine.
471 1805 510 1835 Hi
534 1812 563 1835 01
588 1805 710 1836 similes
734 1806 799 1836 1001
823 1817 888 1837 11011
912 1807 952 1837 de
975 1807 1046 1836 idea
1178 1808 1307 1839 Interim
1332 1820 1411 1840 vero
1426 1813 1473 1851 ⁸⁷)
1494 1811 1684 1850 Pontifices,
1716 1812 1884 1844 Pharisaei
1908 1821 1939 1845 et
1963 1815 2065 1847 Sadu-

74 1847 255 1885 Platonica,
280 1848 339 1878 sed
358 1847 399 1877 de
421 1846 541 1877 visibili
554 1846 705 1878 Ecclesia
717 1847 904 1888 loquuntur,
927 1849 959 1878 in
983 1859 1048 1889 qua
1092 1851 1181 1888 caei,
1206 1857 1391 1893 pugnantes
1416 1863 1488 1884 cum
1512 1855 1612 1885 verbo
1636 1854 1713 1892 Dei,
1738 1856 1799 1886 etsi
1825 1858 1982 1888 tenebant
2006 1868 2064 1899 gu-

74 1896 170 1921 sonat
191 1900 257 1921 vox
279 1888 452 1930 Evangelii
476 1894 507 1919 et
525 1890 557 1919 in
581 1900 644 1930 qua
666 1890 878 1920 ministerium
898 1890 1048 1931 Evange-

73 1931 105 1963 lii
129 1933 340 1972 conspicitur,
359 1942 418 1971 per
436 1931 524 1972 quod
540 1930 695 1971 patefecit
708 1934 755 1971 Sl)
781 1943 817 1963 se
829 1931 922 1963 Deus
941 1938 972 1963 et
990 1943 1049 1973 per

73 1976 162 2015 quod
185 1980 236 2005 est
259 1973 388 2004 efficax.

159 2017 229 2047 Nec
262 2015 432 2046 laudemus
466 2025 622 2052 errones,
657 2017 710 2056 qui
745 2022 907 2058 vagantur
940 2023 971 2047 et
1006 2017 1047 2047 ad

1092 1978 1137 2005 82)
1156 1980 1181 2002 et
1200 1979 1333 2004 omittunt
1351 1980 1422 2005 Editt.
1442 1981 1481 2003 22.
1503 1981 1544 2004 24.
1565 1982 1681 2011 28-34.‚
1701 1983 1758 2013 opp.
1780 1984 1802 2007 1.
1823 1984 1845 2007 2.

405 2058 412 2065 ι
531 2057 536 2065 ¹
759 2059 765 2066 ⁸
1003 2060 1009 2067 ι
1092 2028 1137 2057 83)
1157 2028 1229 2053 Editt.
1252 2030 1272 2052 1.
1293 2030 1323 2058 3.,
1342 2037 1383 2060 ea,
1403 2037 1476 2060 quae
1493 2031 1674 2063 antecedunt,
1699 2033 1872 2065 omittentes,
1894 2041 1949 2065 pro
1967 2041 2062 2066 seqq..-

74 2057 195 2088 nullam
220 2068 257 2088 se
280 2056 467 2088 Ecclesiam
486 2057 683 2098 adiungunt,
713 2069 788 2099 quia
817 2069 979 2099 nusquam
1002 2070 1048 2089 10-

74 2101 207 2131 veniunt
231 2098 331 2129 talem
354 2099 474 2135 ideam,
508 2099 540 2129 in
575 2109 639 2139 qua
667 2110 732 2130 non
762 2101 968 2131 desideretur
991 2099 1047 2131 ali-

74 2143 151 2183 quid
175 2143 206 2172 in
229 2142 373 2172 moribus
397 2147 452 2171 aut
475 2141 663 2180 disciplina3
686 2143 745 2173 sed
767 2153 965 2183 quaeramus
987 2142 1047 2173 Ec-

75 2183 219 2220 clesiam,
241 2184 273 2213 in
298 2193 362 2224 qua
385 2182 512 2213 articuli
534 2182 610 2214 fidei
632 2191 722 2214 recte
745 2185 904 2215 docentur
928 2191 959 2215 et
982 2195 1047 2216 non

75 2224 293 2256 defenduntur
327 2224 432 2261 111013,
467 2230 498 2255 01
526 2225 567 2255 311
596 2225 683 2256 hanc
716 2237 777 2257 nos
813 2228 1047 2268 adiungamus3

75 2269 168 2298 Hanc
193 2268 366 2298 docentem
390 2267 558 2297 audiamus
583 2273 614 2297 et
636 2267 821 2309 diligamus,
846 2275 878 2299 et
900 2275 1047 2300 nostram

74 2311 315 2341 invocationem
350 2315 383 2339 et
417 2307 659 2340 confessionem
693 2311 795 2351 ipsius
829 2312 983 2351 precibus
1016 2318 1048 2342 et

1160 2063 1271 2087 Ecclesia
1289 2064 1394 2089 visibilis
1414 2078 1446 2081 -
1465 2065 1579 2090 doctrina
1597 2067 1794 2093 consentientes.
1830 2069 1931 2094 liabent
1948 2070 2062 2095 haecce.-

1159 2096 1269 2121 Ecclesia
1295 2098 1399 2122 visibilis
1425 2101 1465 2123 est
1488 2101 1574 2123 coetus
1602 2101 1810 2130 amplectentium
1829 2103 1991 2132 Evangelium
2011 2105 2062 2133 Dei,

1160 2131 1186 2154 et
1204 2131 1376 2169 obedientium
1396 2132 1544 2161 Evangelio,
1573 2136 1598 2158 et
1615 2137 1761 2159 renatorum
1781 2136 1872 2165 Spiritu
1897 2139 1998 2167 sancto,
2023 2139 2062 2162 cui

1160 2166 1243 2188 coetul
1261 2165 1373 2190 admixta
1391 2168 1431 2190 est
1448 2167 1472 2190 in
1491 2167 1537 2190 hac
1555 2167 1604 2191 vita
1624 2173 1715 2197 magna
1736 2169 1869 2194 multitudo
1893 2177 1944 2196 non
1963 2175 2064 2196 renato-

1161 2203 1225 2225 rum,
1245 2198 1291 2222 sed
1310 2201 1395 2224 tamen
1415 2199 1446 2223 de
1466 2199 1577 2226 doctrina
1596 2202 1813 2227 consentientium.

1093 2247 1138 2277 84)
1159 2248 1200 2271 aiii
1218 2249 1350 2274 omittunt
1368 2250 1440 2274 Editt.
1461 2251 1483 2273 1.
1503 2251 1523 2274 3,

1093 2297 1138 2327 85)
1159 2297 1189 2321 110
1209 2304 1272 2327 pura
1292 2299 1415 2331 doctrina]
1436 2300 1507 2325 Editt.
1528 2302 1550 2324 1.
1570 2301 1591 2325 3.
1613 2302 1643 2326 110
1663 2302 1775 2328 doctrina
1794 2310 1857 2334 pura

1092 2347 1137 2378 86)
1157 2348 1215 2373 Pro
1233 2354 1308 2379 seqq.
1327 2353 1352 2374 et
1370 2350 1508 2375 audiebant
1528 2365 1559 2368 —
1578 2365 1610 2369 —-
1635 2353 1659 2377 in
1677 2353 1724 2378 hac
1743 2355 1791 2378 vita
1809 2357 1876 2380 sunt
1893 2356 1922 2380 in
1940 2355 2014 2381 Editt.
2038 2358 2060 2379 1.

1158 2380 1182 2403 3.
1201 2382 1286 2408 haec:
1305 2386 1329 2408 et
1347 2384 1453 2409 aliorum
1473 2387 1616 2414 pugnantes
1636 2392 1692 2411 cum
1711 2388 1788 2412 verbo
1807 2389 1862 2418 Dei,
1888 2392 1913 2414 et
1931 2391 2017 2414 tamen
2036 2391 2060 2415 in

1158 2415 1204 2439 hoc
1230 2417 1319 2445 exiguo
1339 2420 1422 2447 coetu,
1449 2419 1489 2448 qui
1515 2420 1642 2444 sentiebat
1672 2427 1727 2445 cum
1747 2422 1865 2446 Zacharia
1891 2425 1916 2447 et
1934 2424 2058 2453 Simone,

76 2442 121 2469 80)
141 2444 219 2472 seqq.
240 2443 346 2474 Semper
364 2445 388 2468 in
407 2446 543 2474 conspectu
563 2458 593 2461 —
609 2458 641 2462 —
659 2445 799 2471 foveamus.
827 2446 863 2471 Sit
880 2448 965 2471 autem
985 2447 1047 2471 haec

145 2476 271 2500 definitio:
289 2478 392 2503 absunt
410 2478 445 2502 ab
464 2478 536 2502 Editt.
560 2479 579 2502 1.
599 2480 621 2503 3.

76 2527 121 2553 81)
139 2527 269 2556 patefecit]
288 2528 362 2552 Editt.
384 2528 406 2551 2.
428 2527 451 2552 6.
471 2528 493 2552 7.
512 2528 533 2552 9.
556 2529 592 2553 12.
610 2528 729 2558 patefacit

1159 2453 1232 2508 ἓξὲξ
1249 2451 1333 2508 ῗὲιὲιιιιιί,
1352 2452 1393 2481 qui
1411 2451 1539 2477 habebant
1558 2452 1650 2478 delicta
1660 2457 1746 2480 contra
1760 2457 1945 2483 conscientiam.
1965 2459 1990 2481 et
2010 2463 2060 2482 non

1298 2492 1303 2497 ·
1324 2491 1338 2508 ι.

1092 2533 1137 2563 87)
1157 2539 1216 2557 vei-0
1234 2534 1367 2559 omittunt
1384 2535 1457 2559 Editt.
1480 2537 1501 2557 1.
1522 2535 1546 2558 3.
