2358 2933
105 122 168 153 713
566 119 589 150 1.
612 119 713 151 LOCI
736 116 1015 148 THEOLOG1Cl:

105 220 180 245 ante
202 213 341 254 lapsum,
364 213 523 244 ardebant
545 217 576 242 et
599 212 631 242 in
654 216 761 242 mente
779 219 877 241 verae
899 209 1033 240 notitiae
1045 216 1077 240 et

105 257 137 287 in
170 255 338 287 voluntate
366 265 459 285 amor
486 264 565 295 erga
593 254 715 291 Deum,
752 258 783 284 et
811 252 1077 283 assentiebantur

107 298 207 329 corda
252 299 322 328 sine
362 295 429 327 ulla
469 297 668 327 dubitatione
714 295 801 326 veris
847 295 985 333 notitiis;
1038 304 1077 324 ac

107 341 292 371 statuebant
326 350 387 370 nos
434 340 582 370 conditos
626 347 701 369 esse
745 337 787 367 ad
831 337 1077 377 agnoscendum

109 388 141 413 et
167 382 400 412 celebrandum
423 381 530 412 Deum
553 387 586 411 et
607 381 650 411 ad
673 378 888 410 obediendum
910 377 986 408 huic
1009 377 1078 408 Do-

105 424 208 461 mino,
242 424 380 464 quinos
405 424 566 460 condidit,
600 422 674 459 alit,
706 421 874 461 impressit
905 421 1078 462 imaginem

106 467 173 503 sui,
203 467 257 506 qui
286 467 371 496 iusta
401 464 545 507 postulat
567 470 598 495 et
620 464 797 504 approbat,
831 469 968 493 econtra
999 474 1077 494 vero

106 508 237 538 damnat
260 514 292 539 et
314 509 404 548 punit
426 509 555 538 iniusta.
601 506 794 545 Quanquam
823 510 931 535 autem
961 506 993 535 in
1016 505 1079 536 hac

105 555 242 580 naturae
266 551 476 591 corruptione
495 548 675 580 deformata
698 548 838 588 imagine
856 547 920 577 Dei
943 557 1009 577 11011
1033 549 1078 579 113

105 590 231 632 fulgent
262 593 411 631 notitiae,
441 597 570 622 manent
592 597 716 626 tamen,
751 590 812 620 sed
836 600 893 620 cor
916 596 1079 632 repugnat

107 640 138 664 et
168 635 337 666 incurrunt
371 635 589 665 dubitationes
619 637 753 673 propter
783 633 959 673 quaedam,
994 642 1078 673 quae

106 687 255 718 pugnare
288 677 437 707 videntur
472 686 545 706 cum
586 674 650 705 illis
685 675 817 705 notitiis.
876 674 960 709 Quia
994 675 1079 705 enim

104 729 231 759 poenae
254 718 457 755 differuntur,
480 719 619 748 ethonis
633 715 717 747 male
740 723 801 755 est,
827 724 858 748 et
876 716 970 747 malis
983 718 1078 754 bene,

105 761 237 798 ambigit
260 761 341 791 ratio
366 761 406 791 de
429 760 646 801 providentia,
671 758 734 789 hoc
752 766 814 797 est,
840 761 880 790 de
892 760 963 799 ipsa
975 760 1090 800 prima

105 802 210 844 Lege,
233 803 286 833 An
310 802 402 833 Deus
433 801 617 833 benefaciat
648 802 742 832 bonis
771 808 803 832 et
825 802 939 842 puniat
961 801 1077 832 malos.

106 844 196 882 11001,
220 844 342 875 Omnes
365 843 557 876 naturaliter
580 845 729 875 dubitant
751 854 789 875 se
813 845 917 876 audiri
940 845 1078 874 111111νο-

105 888 245 917 catione.

190 954 262 984 Nec
283 959 390 984 tamen
413 954 556 984 extincta
579 960 629 984 est
652 954 781 993 penitus
805 955 919 984 notitia
949 961 1079 984 natura-

106 995 147 1026 lis
177 996 217 1025 de
244 996 328 1026 Deo.
374 996 451 1027 Ideo
484 996 588 1035 prima
611 995 680 1025 Lex
714 1001 848 1025 naturae
882 996 993 1036 reipsa
1029 1001 1079 1026 est

105 1047 301 1078 agnoscere,
320 1039 409 1077 quod
432 1048 516 1069 unus
540 1038 580 1067 sit
605 1037 714 1075 Deus,
736 1047 828 1067 mens
851 1044 1003 1075 aeterna,
1028 1048 1079 1068 sa-

104 1080 216 1120 piens,
249 1080 351 1116 iusta,
387 1081 487 1119 bona⁷
522 1080 683 1110 conditrix
706 1090 830 1117 rerum,
869 1079 1078 1110 benefaciens

104 1122 197 1152 iustis
221 1127 253 1152 et
274 1122 412 1161 puniens
436 1124 586 1159 10105105,
609 1132 628 1152 3
652 1132 714 1163 qua
739 1128 846 1152 ortum
869 1128 920 1152 est
934 1123 966 1152 in
984 1123 1079 1152 nobis

105 1164 279 1194 discrimen
301 1163 516 1195 honestorum
540 1170 570 1194 01
589 1166 749 1204 turpium,
773 1171 803 1194 et
828 1166 915 1205 quod
939 1165 967 1195 ei
991 1165 1080 1194 iuxta

104 1204 170 1236 1100
200 1206 375 1236 discrimen
400 1207 615 1237 obediendum
639 1208 697 1243 sit,
728 1207 881 1247 quodque
909 1206 962 1236 hic
985 1206 1078 1236 Deus

105 1249 149 1278 sit
169 1248 392 1286 invocandus,
422 1254 453 1279 et
482 1249 685 1289 expectanda
714 1250 755 1278 ab
780 1258 819 1278 eo
846 1250 941 1279 bona.
986 1248 1079 1278 Hanc

104 1289 227 1331 Legem
250 1296 386 1321 naturae
398 1289 522 1321 Paulus
546 1296 576 1320 et
593 1291 669 1321 citat
681 1296 712 1320 et
731 1291 780 1320 sic
793 1296 923 1321 enarrat
938 1290 1033 1320 Rom.
1050 1291 1078 1320 1.

104 1331 145 1363 Et
168 1342 352 1373 congruere
376 1343 449 1363 eam
474 1343 547 1364 cum
560 1334 664 1372 primo
676 1339 855 1373 praecepto
869 1331 1079 1363 manifestum

105 1380 167 1405 est.
213 1373 279 1405 Iam
301 1374 365 1405 huc
387 1374 572 1405 referantur
594 1385 694 1406 verae
717 1376 956 1415 disputationes
970 1375 1079 1405 Xeno-

104 1415 254 1457 phontiS,
278 1416 447 1447 Ciceronis
471 1424 502 1447 et
526 1416 692 1455 similium,
723 1418 777 1458 qui
801 1418 906 1448 secuti
928 1417 1080 1448 naturale

105 1459 257 1490 iudicium
287 1457 372 1489 11300
400 1459 524 1500 Legem
554 1466 668 1490 contra
689 1459 817 1491 Atheos
847 1470 949 1500 saepe
979 1458 1079 1490 incul—

107 1509 181 1531 cant
204 1507 237 1532 et
260 1499 450 1532 defendunt.

192 1560 246 1591 Ad
274 1561 454 1591 secundum
481 1566 693 1602 praeceptum
721 1562 882 1600 pertinent
910 1560 1020 1602 Leges
1050 1566 1080 1591 et

106 1603 195 1634 dicta
217 1603 257 1633 de
280 1604 486 1634 iureiurando
510 1609 543 1633 et
566 1604 606 1633 de
628 1604 743 1643 poenis
767 1604 914 1644 periurii,
938 1603 1017 1633 Item
1040 1603 1080 1633 de

105 1646 220 1686 poenis
254 1655 385 1682 eorum,
420 1646 475 1685 qui
509 1652 582 1676 sunt
607 1644 755 1676 maledici
779 1646 938 1676 adversus
962 1645 1079 1676 Deum.

106 1688 188 1718 Nam
218 1693 249 1718 et
280 1689 362 1718 ratio
392 1688 511 1718 iudicat
540 1698 665 1727 poenas
695 1689 787 1729 sequi
819 1695 850 1719 et
879 1688 1082 1728 experientia

106 1731 249 1761 omnium
283 1736 465 1770 temporum
499 1731 658 1770 quaedam
693 1729 842 1770 exempla
875 1731 1028 1761 ostendit.
1050 1732 1079 1770 3)

106 1772 176 1803 Huc
198 1771 445 1803 innumerabilia
457 1773 543 1803 dicta
555 1773 718 1813 pertinent
742 1774 781 1803 de
799 1774 915 1812 poenis
938 1773 1081 1812 periurii,

106 1820 141 1845 ut
163 1815 250 1855 apud
273 1813 437 1845 Tibullum
461 1814 592 1857 [Elegg.
616 1815 641 1852 Ι,
661 1815 693 1853 9,
716 1815 746 1845 3.
770 1816 832 1853 4.]:

192 1898 245 1929 Ah
268 1900 378 1937 miser,
402 1900 463 1930 etsi
485 1900 558 1940 quis
580 1900 683 1940 primo
703 1900 845 1940 periuria
869 1898 966 1937 00131,

237 1941 319 1973 Sera
341 1948 450 1973 tamen
473 1943 580 1973 tacitis
603 1952 711 1983 poena
734 1943 821 1972 venit
844 1943 993 1983 pedibus.

191 2026 245 2057 Ad
263 2026 391 2057 tertium
415 2032 624 2067 praeceptum
648 2027 820 2067 pertinent,
835 2028 862 2067 4)
892 2027 919 2057 51
950 2037 1013 2067 qua
1035 2026 1080 2058 le-

109 2074 229 2110 guntur
251 2067 433 2108 probabilia
463 2069 547 2099 dicta
572 2069 612 2099 de
635 2068 782 2099 honestis
806 2070 1018 2107 ceremoniis,
1045 2076 1081 2100 ut

106 2111 193 2151 apud
217 2110 436 2141 Athenienses
459 2112 612 2141 iurabant
633 2112 738 2142 cives:
763 2111 922 2152 Pugnabo
945 2123 1005 2152 pro
1029 2121 1080 2142 sa-

108 2154 172 2184 cris
197 2158 228 2184 et
251 2153 344 2184 solus
368 2158 399 2183 et
423 2152 494 2183 aliis
507 2154 705 2191 iuvantibus,
728 2155 817 2194 quod
835 2153 982 2185 fortasse
995 2164 1081 2185 sum-

107 2202 196 2236 ptum
230 2202 279 2226 est
309 2206 328 2226 a
357 2196 523 2235 patribus„
559 2197 612 2237 qui
644 2197 684 2227 de
712 2197 904 2227 ceremoniis
928 2197 1080 2227 divinitus

107 2239 233 2269 traditis
262 2238 327 2269 hoc
357 2238 580 2268 iusiurandum
608 2237 846 2269 intellexerunt.
899 2239 1081 2270 Posteritas

107 2281 222 2311 deinde
245 2281 341 2321 impia
364 2281 502 2311 audacia
524 2280 615 2311 finxit
638 2292 741 2312 novas
754 2282 957 2312 ceremonias
981 2288 1012 2312 et
1024 2292 1082 2312 no-

107 2333 167 2354 vas
190 2324 370 2363 opiniones,
394 2330 428 2354 ut
452 2322 497 2360 fit,
521 2324 652 2363 quando
676 2324 823 2354 amittunt
852 2323 1001 2355 homines
1031 2335 1080 2354 re-

108 2365 217 2406 gulam
242 2365 431 2404 coelestem,
455 2375 538 2406 quae
561 2365 712 2406 prohibet
734 2366 859 2396 institui
883 2377 988 2397 novos
1013 2366 1080 2398 cul-

126 2494 154 2524 3)
174 2493 304 2525 ostendit]
325 2493 398 2518 Editt.
420 2495 440 2518 1.
461 2495 485 2518 3.
504 2495 527 2518 6.
548 2495 571 2518 7.
594 2495 631 2518 12.
650 2493 796 2518 ostendunt.

125 2544 157 2575 4)
177 2545 325 2575 pertinent]
344 2545 417 2570 Editt.
440 2545 460 2569 1.
481 2546 504 2569 3.
523 2544 641 2574 pertinet,

1060 116 1102 147 D.
1124 115 1285 148 TERTIA
1302 113 1458 146 EORUM
1482 112 1637 144 AETAS.

1095 207 1098 215 ¹
1120 213 1172 238 tus
1201 207 1343 238 humana
1371 207 1555 237 autoritate.

2034 110 2098 141 714

1606 205 1659 235 Ad
1689 203 1773 235 tales
1806 204 1922 243 impias
1952 213 2096 234 ceremo-

1120 251 1191 280 nias
1214 260 1280 280 non
1303 249 1617 280 accommodandum
1640 253 1691 277 est
1705 248 1733 287 5)
1757 252 1851 277 vetus
1876 246 2008 276 dictum.

1206 292 1372 322 Hactenus
1396 291 1547 321 recensui
1571 290 1679 330 Leges
1704 295 1839 319 naturae
1858 289 2094 318 convenientes

1121 344 1195 364 cum
1217 335 1319 374 prima
1342 332 1464 369 tabula,
1488 343 1571 372 quae
1594 337 1671 363 sunt
1690 332 1902 362 obscuriores
1926 341 2022 371 quam
2046 340 2097 360 se-

1121 383 1269 417 quentes,
1292 386 1376 417 quae
1401 376 1441 405 de
1465 374 1551 405 civili
1575 375 1734 404 societate
1751 372 1939 414 loquuntur.
1976 371 2098 403 Intelli-

1122 419 1167 459 git
1190 419 1272 448 ratio
1296 417 1498 455 naturaliter,
1524 417 1697 447 discrimen
1722 426 1796 446 0550
1825 416 1908 446 111101
1930 415 2097 446 110111100111

1121 467 1153 491 et
1175 461 1336 501 pecudum
1360 461 1473 497 vitam,
1514 458 1663 499 intelligit
1692 459 1863 495 iustitiam,
1899 459 2097 494 castitatem,

1121 504 1302 539 veritatem,
1326 502 1590 541 temperantiam,
1615 500 1825 537 modestiam,
1850 500 2097 531 beneficentiam

1122 551 1153 575 et
1177 544 1259 575 alias
1284 545 1438 579 virtutes3
1462 542 1611 584 intelligit
1635 544 1710 572 item
1734 552 1838 584 genus
1866 541 2032 573 hominum
2055 542 2097 571 ad

1121 587 1312 618 societatem
1347 585 1524 628 legitimam
1558 586 1723 616 conditum
1757 594 1851 621 esse,
1882 591 1913 615 et
1942 583 2099 624 intelligit

1121 630 1259 660 virtutes
1282 634 1417 669 propter
1441 628 1547 658 Deum
1571 627 1727 658 colendas
1752 636 1845 663 esse,
1875 627 2001 665 etiamsi
2031 636 2097 656 non

1121 681 1328 702 moveremur
1371 669 1527 706 utilitate,
1573 680 1760 711 quanquam
1794 668 1887 700 Deus
1929 669 2097 700 evidentes

1121 713 1276 745 utilitates
1300 714 1397 743 etiam
1419 713 1541 743 addidit
1566 714 1597 743 in
1620 711 1683 742 hac
1707 713 1876 742 societate.

1207 755 1350 786 Primum
1373 756 1471 796 igitur
1493 756 1647 796 agnoscit
1669 755 1751 785 ratio
1786 754 1818 784 in
1840 753 1904 785 hac
1928 754 2098 791 societate,

1122 799 1236 829 ordine
1259 803 1290 828 et
1314 798 1552 839 gubernatione
1582 806 1665 837 opus
1697 807 1791 834 esse,
1821 802 1852 827 et
1875 797 1998 837 primus
2021 794 2097 826 sons

1121 841 1369 881 gubernationis
1405 845 1455 870 est
1488 846 1662 880 parentum
1696 839 1865 870 autoritas.
1923 838 1976 869 Ad
2014 838 2099 869 hanc

1122 884 1294 924 imaginem
1312 888 1428 923 postea
1445 883 1584 913 traditur
1601 888 1747 922 potestas
1761 882 2020 923 magistratibus,
2044 882 2098 922 qui

1122 932 1224 955 totam
1248 926 1440 956 societatem
1463 930 1581 965 regunt
1605 930 1637 955 et.
1660 923 1848 955 defendunt.

1208 968 1261 998 Ad
1295 968 1439 1008 quintum
1472 968 1613 1007 pertinet
1649 967 1786 1004 dictum,
1828 967 1915 1007 quod
1948 966 2099 1006 prohibet

1123 1020 1250 1040 omnem
1273 1010 1425 1040 iniustam
1449 1008 1644 1046 violentiam,
1668 1010 1837 1040 Neminem
1850 1008 1993 1039 laedere.
2028 1008 2098 1040 Etsi

1122 1057 1229 1082 autem
1257 1052 1381 1083 utilitas
1405 1050 1579 1082 manifesta
1603 1058 1653 1082 est
1676 1052 1708 1082 in
1731 1051 1795 1081 hac
1819 1062 1871 1089 re,
1902 1052 1984 1091 (non
2014 1053 2099 1082 enim

1121 1100 1235 1134 posset
1254 1093 1462 1125 incolumitas
1488 1095 1573 1124 vitae
1587 1095 1728 1131 retineri,
1753 1095 1781 1124 si
1800 1095 1947 1134 grassari
1970 1095 2099 1135 impune

1121 1136 1262 1177 liceret,)
1287 1142 1395 1167 tamen
1420 1137 1500 1166 ratio
1526 1147 1592 1166 non
1615 1135 1723 1167 solum
1745 1137 1806 1167 has
1820 1137 1952 1166 iniurias
1964 1144 2099 1177 propter

1121 1178 1292 1209 utilitatem
1326 1179 1477 1209 vitandas
1507 1188 1583 1208 esse
1613 1179 1726 1215 docet,
1758 1179 1817 1209 sed
1847 1179 1943 1209 etiam
1966 1185 2099 1220 propter

1122 1222 1291 1258 iustitiam,
1322 1222 1415 1251 cuius
1446 1219 1631 1251 intellectus
1655 1221 1775 1252 inditus
1807 1228 1857 1251 051
1880 1220 2012 1252 1101111111.
2058 1222 2099 1253 Ε1

1121 1270 1156 1293 01
1186 1263 1344 1303 praecipit
1384 1263 1507 1293 iustitia
1541 1264 1625 1294 tueri
1661 1265 1851 1294 innocentes
1887 1274 2020 1301 0111005,
2055 1266 2099 1295 113

1121 1306 1211 1336 101101
1239 1316 1298 1345 per
1326 1306 1534 1346 magistratus
1559 1307 1706 1336 coerceri
1731 1312 1763 1337 et
1786 1306 1856 1337 tolli
1880 1308 1978 1337 noxia
2001 1317 2099 1338 mem-

1122 1349 1191 1379 bra.
1236 1348 1307 1378 Nec
1331 1346 1465 1379 difficile
1488 1355 1538 1378 est
1562 1349 1775 1388 prudentibus
1796 1347 1954 1389 colligere
1977 1349 2098 1380 multas

1122 1391 1265 1421 rationes
1284 1390 1453 1421 naturales
1471 1389 1586 1421 harum
1599 1392 1844 1430 sententiarum,
1869 1392 1928 1422 sed
1946 1391 2029 1422 haec
2048 1398 2100 1423 est

1122 1434 1317 1472 praecipua,
1348 1433 1436 1473 quod
1466 1433 1653 1464 intellectus
1683 1434 1825 1464 iustitiae
1849 1434 2002 1465 divinitus
2025 1435 2100 1465 insi-

1123 1481 1174 1505 tus
1199 1481 1250 1505 est
1274 1475 1478 1512 hominibus,
1506 1481 1542 1506 ut
1570 1476 1684 1506 notitia
1711 1487 1934 1513 numerorum,
1964 1478 2025 1507 etsi
2049 1488 2099 1508 as-

1123 1518 1233 1548 sensio
1261 1524 1396 1558 propter
1423 1519 1662 1549 contumaciam
1686 1520 1796 1549 cordis
1821 1525 1871 1550 est
1893 1519 2100 1558 imbecillior,

1123 1561 1211 1600 quod
1239 1561 1338 1597 odiis,
1374 1561 1551 1601 cupiditate
1574 1561 1753 1598 vindictae,
1787 1562 1836 1592 ira
1860 1561 2008 1603 flagrans
2032 1573 2098 1593 non

1122 1603 1212 1633 audit
1235 1603 1438 1633 monitricem
1461 1604 1631 1633 rationem.
1676 1603 1745 1634 Nec
1768 1604 1906 1644 primum
1928 1604 2011 1635 haec
2030 1605 2100 1635 Lex

1125 1645 1165 1675 de
1199 1655 1264 1675 11011
1298 1643 1451 1675 facienda
1484 1646 1604 1676 iniusta
1638 1646 1740 1676 caede
1774 1647 1805 1676 in
1839 1645 1959 1677 tabulis
1989 1647 2100 1689 Moysi

1125 1688 1249 1727 scripta
1284 1693 1352 1725 est,
1382 1688 1442 1718 sed
1471 1688 1578 1718 statim
1600 1689 1689 1719 initio
1712 1688 1805 1719 Deus
1836 1689 1957 1719 addidit
1982 1691 2099 1721 iudicio

1124 1736 1260 1760 naturae
1294 1729 1421 1760 illustre
1450 1731 1689 1768 testimonium,
1724 1742 1798 1762 cum
1831 1730 2036 1763 maledicitur
2070 1739 2101 1764 et

1124 1773 1255 1811 punitur
1272 1771 1352 1803 Cain
1376 1779 1511 1812 propter
1533 1772 1739 1804 interfectum
1762 1772 1906 1804 fratrem.
1951 1774 2099 1806 Promul-

1124 1821 1221 1855 gatur
1245 1821 1276 1845 et
1300 1821 1417 1855 postea
1440 1815 1522 1852 LeX,
1547 1814 1631 1846 Gen.
1651 1816 1681 1845 9.
1698 1815 1816 1853 [vs.6.]
1841 1826 1926 1857 quae
1948 1817 2100 1855 prohibet

1124 1856 1297 1887 homicidia
1331 1863 1363 1888 et
1396 1857 1511 1897 punire
1544 1859 1701 1898 praecipit
1720 1860 1746 1891 6)
1781 1868 1841 1898 per
1875 1860 2096 1900 magistratus⁴

1123 1899 1213 1930 Haec
1237 1901 1321 1930 0111111
1345 1906 1420 1930 sunt
1443 1901 1544 1930 verba
1568 1901 1600 1930 in
1624 1906 1731 1931 textu:
1762 1900 1956 1942 Quicunque
1979 1901 2100 1933 fuderit

1122 1941 1298 1972 humanum
1333 1943 1544 1983 sanguinem,
1578 1941 1733 1973 fundetur
1767 1944 1904 1985 sanguis
1928 1943 2016 1974 illius
2039 1955 2099 1985 per

1122 1983 1304 2021 hominem,
1326 1985 1359 2015 id
1383 1990 1452 2022 est,
1476 1995 1535 2025 per
1557 1984 1798 2026 Magistratum.
1843 1986 1895 2016 Ad
1925 1987 2099 2028 imaginem

1123 2026 1185 2056 Dei
1209 2028 1328 2067 quippe
1350 2026 1458 2058 factus
1482 2034 1532 2058 est
1557 2027 1666 2065 homo,
1689 2028 1722 2058 id
1746 2034 1806 2065 est,
1828 2035 1863 2059 ut
1879 2028 1985 2060 Deum
2008 2028 2098 2060 intel-

1123 2069 1212 2110 ligat,
1235 2071 1377 2107 invocet,
1402 2069 1556 2107 celebret,
1580 2071 1623 2100 sit
1642 2071 1757 2101 iustus.
1793 2070 1888 2101 Hiuic
1912 2081 2008 2102 suum
2030 2071 2098 2103 cul—

1122 2118 1226 2142 torem
1249 2118 1281 2142 et
1304 2113 1509 2143 sacerdotem
1522 2112 1613 2143 Deus
1637 2123 1703 2143 non
1724 2112 1791 2144 vult
1814 2112 1941 2151 violari,
1965 2114 2098 2155 5011Ρο-

1124 2156 1186 2184 tius
1210 2153 1340 2185 defendi
1364 2160 1395 2185 et
1417 2155 1575 2192 adiuvari,
1599 2161 1635 2185 ut
1657 2155 1765 2186 Deum
1788 2155 1876 2186 colat
1900 2162 1932 2186 et
1954 2157 2096 2188 invocet.

1123 2197 1247 2237 Estque
1270 2196 1362 2227 Deus
1384 2198 1456 2237 ipse
1479 2198 1597 2228 vindex
1620 2197 1762 2228 violatae
1784 2198 1955 2238 imaginiS,
1985 2198 2098 2230 violati

1125 2239 1258 2270 cultoris
1289 2246 1321 2270 01
1351 2240 1544 2270 53001110115.
1596 2240 1643 2271 113
1670 2241 1810 2271 subinde
1836 2241 1930 2271 Deus
1959 2240 2099 2273 illustria

1123 2283 1308 2313 testimonia
1330 2283 1453 2313 addidit
1475 2282 1621 2323 Legibus
1645 2288 1792 2320 naturae,
1815 2293 1857 2314 ne
1879 2284 1912 2313 in
1936 2283 1997 2315 hac
2022 2284 2098 2315 cali-

1124 2326 1200 2367 gine
1224 2325 1352 2355 humani
1377 2326 1485 2356 cordis
1510 2325 1790 2366 extinguerentur.

1210 2367 1263 2398 Ad
1285 2373 1414 2398 sextum
1436 2368 1576 2407 pertinet
1598 2368 1907 2406 101110101013110015,
1930 2370 2018 2408 quod
2032 2370 2098 2401 dis-

1141 2496 1169 2523 5)
1189 2495 1432 2520 accommodandum
1452 2495 1501 2526 est]
1523 2495 1596 2520 Editt.
1618 2496 1637 2520 1.
1658 2497 1682 2520 3.
1701 2498 1741 2520 est
1759 2497 2001 2522 accommodandum

1142 2546 1170 2576 6)
1190 2546 1321 2577 praecipit]
1343 2546 1385 2571 Ed.
1406 2547 1446 2571 22.
1467 2549 1516 2576 typ.
1536 2552 1634 2571 errore:
1655 2547 1760 2577 percipit
