2358 2933
213 96 295 127 1055

630 236 764 276 Aliud.

614 325 778 366 lephunne

518 408 543 439 C
547 408 620 440 aleb

518 451 590 482 Axa

770 410 795 441 C
799 421 878 442 enas

769 452 933 484 othoniel.

535 543 673 576 Tertia
697 544 854 587 regula.

295 619 330 650 ln
353 618 438 651 linea
462 620 637 662 inaequali,
663 628 761 662 quoto
786 623 890 664 gradu
913 624 1069 656 remotior
1087 625 1185 656 distat

208 673 227 693 a
251 663 370 704 stipite,
395 669 463 694 toto
488 664 572 694 inter
590 674 627 695 se
650 665 783 695 distant.

639 731 748 763 Thare

477 789 645 821 Abraham
811 792 913 823 Aram

818 835 913 866 Sara.

210 873 294 904 Sara
316 874 413 904 distat
438 876 586 905 secundo
611 877 715 916 gradu
738 888 756 907 a
780 878 901 917 stipite,
924 888 1006 920 ergo
1030 884 1061 909 et
1080 878 1184 910 Abra-

208 916 271 947 hae
294 917 403 947 iuncta
426 923 474 947 est
499 919 645 948 secundo
669 919 786 960 gradu.
823 920 893 951 Hoc
917 921 1019 961 gradu
1044 922 1076 951 in
1098 920 1184 952 linea

208 958 369 999 inaequali
394 958 557 999 prohibita
581 968 657 991 sunt
683 962 834 1003 coniugia
854 962 922 993 iure
947 963 1075 1001 divino,
1109 965 1184 1005 quia

208 1000 439 1032 universaliter
462 1002 618 1033 maiorem
642 1006 858 1035 reverentiam
881 1004 973 1037 Deus
995 1006 1092 1037 tribui
1115 1005 1184 1038 vult

210 1044 369 1085 superiori
393 1045 520 1086 gradui.
545 1056 641 1086 quam
664 1045 802 1087 aequali.

604 1130 772 1162 Parthaon

457 1214 591 1246 Oeneus
813 1217 937 1258 Agrius

456 1257 482 1287 T
484 1258 589 1298 ydeus
812 1259 981 1291 Thersites

456 1299 643 1331 Diomedes.

207 1341 388 1372 Diomedes
411 1342 542 1373 iunctus
566 1342 624 1373 suit
647 1342 819 1375 Thersitae
841 1345 936 1375 tertio
960 1345 1075 1386 gradu,
1098 1346 1130 1376 111
1150 1345 1185 1376 11-

209 1393 270 1415 1183
294 1383 471 1425 inaequali.

639 1469 748 1501 Thare

802 1556 851 1586 Na
856 1554 938 1586 chor

802 1597 941 1629 Bathuel

459 1554 625 1586 Abraham

457 1597 553 1628 Isaac

798 1640 962 1672 Rebecca.

208 1681 363 1712 Rebecca
398 1682 497 1713 distat
528 1683 623 1714 tertio
659 1684 764 1725 gradu
787 1694 806 1715 a
831 1684 956 1724 stipite,
989 1684 1064 1715 ideo
1089 1691 1119 1715 et
1142 1685 1183 1715 ab

209 1724 303 1755 Isaac
326 1725 425 1755 distat
449 1725 544 1756 tertio
568 1726 684 1767 gradu.

516 1809 576 1841 DE
599 1810 870 1842 AFFINITATE.

295 1894 448 1925 Affinitas
483 1902 533 1926 est
567 1896 793 1937 propinquitas
827 1906 1059 1937 personarum,
1101 1908 1184 1938 quae

209 1947 275 1968 non
298 1944 372 1968 sunt
394 1939 524 1968 iunctae
534 1940 561 1977 6)
585 1938 702 1978 copula
728 1938 873 1975 carnali3
918 1948 952 1970 ut
975 1939 1085 1970 David
1108 1938 1184 1971 alie-

210 1990 271 2010 nus
295 1986 343 2010 est
367 1991 385 2011 a
409 1979 562 2017 lonatha,
587 1982 645 2011 sed
664 1982 738 2022 quia
762 1982 850 2012 duxit
873 1992 1012 2013 imorem
1035 1992 1182 2013 sororem

211 2022 379 2061 Ionathae,
402 2024 466 2054 iam
485 2023 519 2054 fit
538 2022 647 2054 affinis
671 2024 837 2055 Ionathae.

614 2116 779 2159 Regula.

298 2193 405 2228 Quoto
430 2194 534 2235 gradu
557 2194 716 2235 quispiam
736 2201 786 2225 est
810 2194 885 2225 mihi
905 2196 1184 2236 consanguineus,

211 2243 280 2267 1010
305 2236 409 2277 gradu
431 2247 514 2267 uxor
537 2237 606 2267 eius
632 2243 682 2267 est
705 2236 781 2268 mihi
809 2236 936 2275 affinis.
971 2245 1005 2268 ut
1028 2237 1130 2269 frater
1154 2245 1183 2269 et

210 2279 311 2309 trater
350 2286 424 2309 511111
458 2280 557 2310 iuncti
590 2280 694 2319 primo
726 2280 832 2322 gradu
872 2281 1184 2322 consanguinitatis3

212 2331 292 2395 §go
326 2319 437 2352 fratris
460 2323 523 2353 mei
545 2332 628 2353 uxor
651 2328 702 2353 est
724 2322 800 2354 mihi
823 2324 933 2354 iuncta
955 2324 1059 2364 primo
1080 2324 1186 2366 gradu

248 2364 390 2395 finitatis.

229 2477 256 2505 6)
277 2483 340 2507 quae
361 2483 410 2502 non
421 2480 479 2500 sunt
498 2476 609 2506 iunctae]
628 2477 664 2501 sic
674 2477 745 2502 Editt.
760 2477 969 2501 17.1s.·20—·25.
985 2477 1102 2506 28—34.,
1114 2477 1187 2508 Corp.

283 2512 371 2534 1-8.;
391 2516 415 2536 at
435 2510 508 2535 Edittv
532 2511 636 2533 13-16.
657 2511 695 2536 19,
714 2512 754 2534 26.
774 2512 822 2541 27„
841 2512 900 2542 Opp.
922 2513 941 2537 l.
961 2512 992 2541 2.‚
1010 2512 1052 2537 Ex.
1073 2512 1144 2537 1—3.
1163 2515 1187 2536 et

278 2546 382 2570 Dissert.
403 2545 434 2570 de
453 2546 618 2574 consanguin.
639 2546 770 2571 exhibent:
789 2552 854 2577 quae
873 2549 931 2572 sunt
950 2547 1050 2571 iunctae

822 98 931 131 PHIL.
953 99 1056 133 MIEL.
1075 100 1260 135 SCRIPTA
1282 101 1558 136 DOGMATICA.

2126 105 2209 138 1056

1638 194 1786 227 Priamus

1437 279 1583 311 Helenus
1760 280 1895 320 Hector,
1916 292 2002 314 uxor

1758 323 2002 356 Andromacha.
2021 326 2050 367 ⁷)

1229 362 1319 437 Effigo·
1331 364 1600 415 Andromachas)
1623 364 1684 396 fuit
1706 366 1817 405 iuncta
1829 366 1956 399 Heleno
1974 369 2078 408 primo
2098 370 2206 411 gradu

1229 416 1248 436 a
1289 413 1408 438 11113115.

1639 501 1789 534 Herodes

1321 576 1474 607 Herodes
1628 578 1810 620 Philippus,
1828 579 1990 611 Herodias
2012 591 2107 612 uxor.

1228 618 1505 692 ΗΕΓΞΟῘᾙει-οάἰιὶε
1538 618 1599 652 fuit
1621 621 1730 652 iuncta
1752 621 1877 653 Herodi
1899 623 2004 664 primo
2027 623 2132 665 gradu
2155 622 2203 654 af-

1252 672 1284 692 m
1299 672 1318 692 a
1334 671 1372 692 15.

1431 720 1533 753 Iacob
1737 723 1890 756 Noverca
1915 724 1999 756 Bala

1431 763 1560 795 Ruben.

1227 830 1317 872 Ergo
1340 830 1458 862 Ruben
1481 833 1587 874 attigit
1611 842 1789 864 novercam
1811 834 1914 873 primo
1939 835 2043 876 gradu
2065 833 2203 866 affinita-

1226 874 1278 903 tis.
1325 873 1391 904 Sed
1414 884 1453 904 eo
1476 873 1535 906 fuit
1559 874 1809 906 abominabilius
1832 875 1941 907 scelus
1954 876 2084 914 Ruben,
2106 888 2203 918 quam

1227 915 1352 954 Heleni,
1377 917 1452 957 quia
1475 916 1592 948 Ruben
1616 917 1749 949 violavit
1771 919 1874 958 patris
1898 926 2015 957 torum,
2036 920 2088 950 cui
2099 920 2204 951 maior

1227 960 1411 990 reverentia
1434 960 1633 997 debebatur,
1667 971 1763 1001 quam
1786 959 1897 992 fratris
1919 968 2012 999 toro,
2044 962 2135 992 iuxta
2158 962 2204 993 di·

1228 1007 1330 1032 ctum:
1354 1000 1529 1043 Relinquet
1551 1001 1650 1034 homo
1672 1009 1798 1044 patrem
1821 1010 1853 1034 et
1875 1011 2012 1035 matrem
2034 1010 2066 1035 et
2083 1003 2204 1035 adhae-

1227 1044 1310 1074 rebit
1343 1045 1439 1075 uxori
1469 1055 1561 1076 suae.
1606 1045 1647 1075 Et
1681 1056 1755 1077 cum
1776 1045 1892 1077 Ruben
1925 1045 2118 1078 maledictus
2148 1047 2204 1084 sit,

1227 1084 1433 1136 manifestum
1444 1093 1495 1118 est
1503 1087 1755 1128 prohibitionem
1761 1089 1937 1130 primorum
1950 1090 2111 1132 graduum
2124 1098 2204 1120 esse

1226 1129 1306 1160 iuris
1329 1135 1475 1161 naturae.

1656 1223 1776 1265 Pelops

1518 1299 1642 1331 Atreus
1952 1300 2116 1342 Thyestes

1314 1339 1579 1382 Clytaemnestra
1602 1343 1830 1383 Agamemnon
1956 1342 2138 1383 Aegisthus

1227 1382 1318 1423 Ergo
1351 1383 1542 1423 Aegysthus
1575 1384 1722 1415 secundo
1757 1384 1862 1424 gradu
1895 1381 2064 1415 affinitatis
2096 1385 2202 1426 attigit

1228 1423 1535 1466 Clytaemnestram.

1480 1516 1658 1549 Casimims
1682 1517 1753 1550 Rex
1776 1518 1945 1550 Poloniae.

1823 1595 1976 1626 Barbara
1999 1596 2118 1627 coniux

1847 1639 1941 1669 ducis
1965 1637 2101 1681 Georgii

1316 1679 1474 1721 Hedbigis
1496 1681 1661 1720 posterior
1825 1679 1918 1718 Filia,
1939 1682 2029 1722 prior
2052 1682 2172 1713 coniux

1358 1725 1477 1754 coniux
1499 1722 1711 1753 Marchionis.
1883 1723 2097 1755 Marchionis.

1227 1765 1317 1807 Ergo
1341 1765 1540 1807 Sigismundi
1560 1764 1628 1796 filia
1651 1764 1710 1796 fuit
1733 1768 1978 1808 consanguinea
2001 1766 2088 1798 filiae
2098 1766 2205 1799 Ducis

1204 1829 1205 1850 3
1229 1808 1363 1850 Georgii
1387 1809 1492 1850 gradu
1515 1808 1672 1839 secundo.
1717 1808 1791 1840 Fuit
1809 1810 1906 1851 igitur
1927 1809 2110 1841 Marchioni
2133 1809 2205 1841 affi-

1204 1851 1206 1877 ῑ
1228 1852 1278 1882 1115
1303 1852 1450 1882 secundo
1474 1852 1590 1893 gradu.

1312 1894 1387 1924 Non
1418 1893 1485 1924 late
1518 1899 1657 1933 vagatur
1689 1892 1843 1932 affinitas,
1867 1905 1941 1925 nam
1964 1896 2202 1937 consanguinei

1227 1938 1288 1967 mei
1322 1946 1387 1967 11011
1422 1942 1498 1966 sunt
1532 1935 1648 1967 affines
1683 1937 1936 1977 consanguineis
1964 1938 2076 1967 uxoris
2101 1947 2203 1968 meae.

1227 1979 1299 2020 Ego
1334 1989 1354 2009 a
1378 1980 1625 2020 consanguinea
1647 1979 1761 2009 moris
1785 1989 1877 2010 meae
1899 1980 2066 2010 abstinere
2086 1981 2203 2017 debeo,

1203 2038 1207 2051 ι
1229 2029 1259 2053 et
1283 2022 1345 2053 mei
1369 2022 1606 2063 consanguinei
1629 2021 1749 2051 debent
1771 2022 1938 2053 abstinere
1961 2032 1979 2052 a
2002 2032 2075 2053 mea
2086 2032 2203 2059 uxore,

1228 2075 1293 2095 non
1317 2075 1337 2095 a
1360 2064 1614 2106 consanguineis
1637 2073 1729 2094 meae
1751 2064 1875 2094 uxoris.
1918 2064 2026 2100 Quare
2049 2065 2114 2096 duo
2138 2063 2204 2096 fra-

1207 2120 1209 2153 1
1229 2114 1297 2138 tres
1338 2117 1411 2137 cum
1452 2107 1580 2137 duabus
1617 2107 1788 2137 sororibus
1824 2106 2019 2138 contrahere
2050 2113 2203 2149 possunt.

1229 2150 1303 2181 Non
1338 2150 1422 2180 enim
1456 2150 1671 2190 impediuntur
1705 2147 1872 2180 affinitate.
1928 2149 2029 2181 Pater
2061 2156 2095 2181 et
2117 2148 2204 2181 filius

1230 2203 1303 2223 cum
1322 2199 1425 2223 matre
1448 2198 1479 2223 et
1502 2191 1567 2222 filia
1591 2191 1787 2223 contrahere
1809 2198 1961 2232 possunt.
1995 2192 2124 2235 Habent
2147 2202 2204 2224 au-

1229 2242 1294 2266 tem
1316 2234 1444 2276 aliquae
1468 2244 1631 2276 personae
1653 2235 1793 2265 nomina.

1316 1595 1546 1635 Sigismundus
1569 1594 1641 1625 Rex

1358 1636 1516 1668 Poloniae

1753 2319 1878 2351 Socrus

1746 2363 1849 2404 έκυρά,
1871 2364 1977 2394 mariti
1999 2368 2115 2403 mater,

1274 2320 1379 2351 Socer

1273 2363 1382 2404 έκυρίς,
1406 2363 1512 2393 mariti
1534 2365 1668 2404 pate1·,⁹)

1206 2404 1210 2439 i
1236 2435 1264 2438 ,

1249 2478 1276 2503 7)
1295 2475 1491 2505 Andromacha]
1511 2474 1552 2499 Ed.
1572 2474 1612 2500 21.
1632 2475 1816 2500 Andromache.

1249 2512 1277 2540 S)
1297 2510 1482 2541 Andromacha]
1504 2509 1574 2533 Editt.
1595 2510 1702 2533 13-17,
1722 2510 1761 2533 19.
1783 2510 1822 2533 21.
1840 2508 2015 2534 Andromache

1249 2546 1277 2573 9]
1298 2546 1381 2570 mariti
1399 2545 1484 2576 Pater]
1505 2543 1576 2569 Editt.
1597 2545 1636 2569 20.
1655 2544 1695 2568 25.
1714 2549 1787 2574 pater
1805 2543 1890 2569 uxoris
