2358 2933
297 749 341 779 με.

300 1380 346 1410 Μ).

739 659 1313 714 [LUCUBRATIUNCULA
1345 665 1586 707 PIHLIPPI
1617 667 1759 721 MEL]

647 750 783 780 Rerum
803 751 1123 791 Theologicarum
1143 756 1269 793 capita
1289 765 1359 784 seu
1378 756 1471 785 Loci
1491 756 1571 786 sere
1591 757 1626 786 hi
1647 760 1670 794 ¹)
1690 762 1822 796 sunt²)

599 808 704 838 Deus
1061 812 1212 842 fructus
1231 815 1382 852 peccati
1578 815 1709 846 Gratia

599 851 708 880 Vnus
1059 856 1163 883 vicia
1190 855 1320 892 ltemff)
1578 857 1734 888 Gratiae
1753 859 1899 889 fructus

601 893 739 923 Trinus
1060 899 1248 934 poenae‘l)
1579 910 1650 928 seu
1667 902 1876 938 virtutess)

600 934 805 973 Creator¹¹)
1063 939 1182 977 Lexs)
1582 940 1906 972 Praedestinatio

602 978 758 1015 Homo‘)
1060 980 1301 1010 {instauratio
1577 985 1906 1022 promissionesh)

600 1019 830 1061 Peccatord)
1146 1034 1207 1062 per
1226 1023 1457 1060 Christumss)
1573 1026 1692 1064 Signa
1711 1027 2010 1057 sacramentalia

1576 1068 1769 1098 Hominum
1789 1073 1916 1098 status
1936 1080 2006 1099 seu

1609 1112 1862 1140 conditiones
1893 1111 2077 1142 luditium

1520 1153 1538 1181 i.
1565 1163 1592 1181 e.
1612 1154 1764 1182 beatitudo
1795 1164 1852 1182 seu
1878 1155 2035 1183 damnatio.
2055 1156 2077 1192 i)

483 1205 520 1235 ln
540 1206 602 1235 his
621 1210 659 1235 ut
677 1217 747 1235 non
767 1206 860 1236 licet
878 1217 943 1246 per
961 1208 1157 1238 humanam
1177 1210 1497 1239 imbecillitatem
1524 1212 1671 1249 quosdam
1684 1214 1810 1250 assequi
1824 1211 1865 1241 lta
1878 1223 1994 1242 rursum
2007 1216 2078 1243 sunt

398 1249 518 1288 quidam
539 1259 616 1287 quos
637 1249 775 1287 repulerit
795 1249 883 1287 plane
902 1251 1073 1279 vniuersum
1086 1251 1196 1290 vulgus
1216 1252 1406 1281 christianum
1426 1257 1537 1282 tenere.
1555 1255 1581 1287 k)
1601 1254 1632 1283 M
1642 1256 1833 1292 ysteria⁴)
1853 1255 2076 1285 diuinitatis

398 1293 510 1321 rectius
527 1292 751 1320 adorauerimus
766 1302 852 1330 quam
868 1294 1150 1331 investigauerimus
1173 1296 1193 1329 ¹)
1210 1294 1408 1333 Siquidemffi)
1429 1294 1525 1324 Carne
1539 1297 1615 1325 deus
1635 1296 1713 1335 Opt:
1733 1307 1813 1325 max:
1828 1297 1919 1326 filium
1935 1301 1963 1331 ¹¹)
1983 1298 2079 1327 induit

398 1339 429 1363 ut
449 1344 504 1363 nos
524 1344 541 1362 a
560 1334 809 1372 contemplatione
825 1336 992 1364 maiestatis
1008 1340 1150 1365 auocatos
1165 1337 1200 1365 ad
1218 1337 1384 1375 fragilitatis
1403 1342 1522 1367 nostrae
1533 1340 1560 1373 ⁵)
1580 1340 1711 1368 studium
1738 1340 1873 1369 invitaret
1882 1344 1919 1376 0).
1946 1339 2078 1369 Proinde

397 1387 454 1406 non
475 1381 523 1405 est
535 1388 585 1405 cur
603 1377 727 1405 multum
737 1388 844 1416 operae
857 1388 1003 1416 ponamus
1017 1379 1044 1407 in
1061 1378 1139 1407 locis
1154 1379 1274 1408 inaditis
1286 1386 1315 1414 Ρ)
1334 1379 1381 1408 De
1396 1380 1462 1409 Deo
1478 1391 1535 1409 vno
1545 1381 1633 1410 Trino
1649 1386 1705 1410 etc.
1722 1384 1748 1415 q)
1767 1382 1832 1410 'De
1850 1382 2036 1421 Mysten-io
2049 1384 2076 1419 6)

398 1420 616 1448 ‹·reationis
630 1421 665 1455 ⁷).
686 1422 710 1455 Γ)
741 1419 898 1449 Peccati
917 1431 1003 1449 vero
1022 1420 1122 1459 legis
1143 1425 1172 1450 et
1191 1423 1301 1459 gratiae
1319 1422 1405 1451 locos
1423 1426 1446 1458 S)
1474 1424 1523 1461 qui
1544 1425 1721 1461 ignorauerit
1744 1424 1857 1453 Nescio
1874 1428 1899 1458 t)
1927 1425 2076 1462 quomodo

398 1461 600 1491 Christianum
620 1472 722 1490 vocem
743 1462 899 1500 Siquidem
912 1466 939 1497 n)
967 1474 1003 1491 ex
1022 1463 1070 1492 his
1090 1463 1167 1492 locis
1182 1470 1207 1498 v)
1232 1463 1373 1493 Christus
1392 1467 1508 1503 proprie
1523 1472 1550 1501 x)
1569 1468 1768 1504 cognoscitur.
1802 1470 1826 1501 F)
1843 1467 1951 1504 Neque
1972 1467 2033 1496 fieri
2046 1468 2077 1503 8)

397 1509 499 1544 potest
518 1509 549 1533 ut
567 1506 644 1533 viam
663 1505 857 1534 beatitudinis
876 1509 976 1534 teneat
995 1507 1045 1544 qui
1065 1506 1121 1535 ins
1140 1506 1226 1534 locos
1247 1507 1410 1544 neglexerit
1429 1508 1585 1546 Siquidem
1605 1509 1635 1537 hi
1649 1511 1676 1543 ⁹)
1697 1509 1755 1537 soli
1771 1509 2022 1547 compendiarium
2039 1509 2078 1538 ad

399 1548 593 1577 beatitudinis
614 1548 732 1576 diuinae
747 1550 787 1583 ¹⁰)
808 1549 861 1576 iter
879 1552 1051 1577 monstrant.
1073 1550 1173 1586 Atque
1199 1549 1256 1577 hos
1284 1551 1419 1578 tractauit
1437 1549 1552 1579 Paulus
1571 1551 1653 1580 velut
1669 1554 1707 1585 ¹¹)
1726 1551 1902 1579 Methodum
1930 1551 2078 1588 quandam

397 1591 496 1619 tocius
511 1590 691 1619 christianae
703 1590 881 1628 disciplinae
895 1591 1071 1619 describens
1092 1601 1218 1629 eamque
1236 1591 1326 1620 talem
1345 1592 1388 1620 Vt
1414 1594 1471 1621 nisi
1499 1594 1568 1630 quis
1588 1594 1663 1621 hanc
1683 1593 1843 1631 epistolam
1863 1592 1972 1621 sedulo
1992 1596 2022 1621 et
2032 1602 2077 1621 ac-

398 1637 497 1662 curate
517 1633 676 1661 meditatus
700 1633 787 1661 suerit
804 1633 872 1661 Non
892 1633 979 1662 modo
1003 1633 1126 1662 lusurus
1147 1644 1264 1672 operam
1284 1634 1418 1662 videatur
1443 1635 1471 1662 in
1491 1634 1615 1672 reliquis
1636 1636 1730 1663 sacris
1756 1634 1865 1663 litteris
1885 1634 1948 1663 Sed
1973 1644 2010 1663 ne
2036 1635 2076 1662 in-

398 1675 575 1704 tellecturus
596 1675 714 1713 quidem
735 1674 898 1704 Christum.
941 1675 982 1705 Et
1007 1677 1180 1713 priusquam
1206 1676 1243 1704 de
1267 1676 1416 1714 epistolae
1430 1681 1602 1714 argumento
1626 1678 1721 1706 dicam
1741 1680 1765 1712 z)
1784 1675 1895 1705 Paucis
1914 1686 1969 1704 eos
1988 1676 2075 1705 locos

399 1719 544 1747 excutiam
565 1728 642 1756 quos
662 1718 735 1747 haec
755 1718 885 1756 epistola
903 1718 1127 1756 comprehendit
1146 1718 1304 1747 scilicet

1417 1760 1595 1789 Liberum
1626 1760 1836 1788 Arbitrium
1875 1759 2075 1789 Peccatum

1415 1802 1568 1840 Legem:
1590 1802 1769 1831 Gratiam:
1790 1805 1871 1835 —²¹=)

1085 1904 1200 1929 CODICIS
1219 1904 1398 1930 DIVERSITAS.

473 1956 498 1985 1)
510 1955 542 1985 hij
579 1956 607 1985 2)
622 1961 687 1985 pene
711 1953 795 1979 Talia
813 1961 873 1978 sem
896 1961 937 1978 er.
982 1955 1010 1984 3)
1019 1955 1139 1980 christum
1156 1953 1240 1978 Talia
1261 1961 1357 2011 sctgpe.
1394 1955 1422 1984 4)
1437 1955 1547 1979 Misteria
1593 1956 1621 1984 5)
1634 1956 1720 1979 nostre
1737 1952 1822 1979 Talia
1835 1961 1960 1987 semper.
1997 1955 2025 1984 6)
2035 1955 2077 1979 Mi-

404 1990 481 2014 sterio
518 1990 546 2017 7)
578 1987 611 2013 ln
625 1987 790 2013 scribendis
814 1995 862 2012 ver
883 1989 909 2011 ix
930 1989 965 2013 De
984 1989 1096 2014 misterio
1121 1989 1254 2013 creationis
1273 1987 1295 2012 li
1316 1989 1417 2012 rarius
1434 1988 1640 2020 inscriptionis
1655 1986 1788 2020 sormam
1809 1987 1951 2012 eaehibuit.
1988 1989 2016 2017 8)
2041 1988 2075 2018 ry*

400 2025 428 2053 9)
447 2024 479 2053 hy
494 2021 577 2047 Talia
597 2029 694 2055 saepe.
733 2024 776 2051 10)
793 2023 955 2047 beatitudinis
968 2022 1050 2047 diuine
1065 2022 1118 2047 Sic
1131 2021 1201 2046 Cod-
1215 2021 1318 2046 Nonne
1330 2022 1512 2047 beatitudinem
1532 2022 1643 2047 diuinam
1671 2021 1898 2055 corrigendum?
1932 2023 1983 2054 Ι11)
1999 2022 2076 2047 velud

988 2099 1133 2124 EDITIONIS
1151 2099 1296 2124 PRINCIPIS
1314 2099 1483 2124 DISSENSL'S.

472 2149 499 2174 a)
518 2149 661 2174 Rerum....
681 2149 750 2179 sunt]
758 2150 1005 2174 Suntautemrerum
1016 2150 1212 2179 theologicarum
1221 2149 1346 2174 haecfere
1355 2149 1442 2179 capita.
1462 2147 1526 2180 (fol.
1546 2151 1569 2179 3,
1588 2148 1710 2174 h.lin.·1.
1729 2148 1849 2174 Etenim
1865 2146 1918 2180 fol.
1938 2151 1960 2180 1,
1971 2148 1997 2173 b.
2009 2151 2075 2181 -3‚

402 2190 441 2211 α.,
457 2181 558 2215 praef.
579 2182 618 2207 ad
636 2181 760 2207 Pletten.
781 2189 848 2207 cum
862 2184 1018 2215 prooemio
1027 2184 1057 2206 in
1072 2181 1175 2211 Locos,
1195 2190 1252 2207 om.
1267 2182 1353 2213 Cod.)
1389 2184 1418 2212 b)
1437 2184 1549 2213 Creator]
1569 2184 1666 2208 creatio
1707 2185 1732 2213 c)
1751 2183 1840 2213 Homo]
1858 2184 1945 2212 Homo,
1964 2184 2074 2208 Hominis

403 2218 480 2241 uires.
517 2217 545 2245 d)
564 2218 692 2247 Peccator]
711 2218 843 2242 Peccatum
889 2218 916 2245 e)
934 2217 1008 2247 Item]
1027 2224 1084 2240 om.
1123 2218 1145 2247 i')
1164 2218 1224 2247 Lex]
1245 2216 1312 2241 add.
1333 2218 1524 2246 promissiones,
1560 2218 1589 2246 g)
1608 2223 1653 2242 seu
1672 2217 1788 2247 virtutes]
1807 2217 1878 2241 Fides
1898 2219 1961 2248 Spes
1977 2217 2074 2242 caritas

400 2251 430 2280 h)
448 2251 640 2281 promissiones]
668 2258 724 2274 om.
761 2252 780 2280 i)
800 2251 979 2276 Hominum...
1008 2251 1153 2281 damnatio]
1171 2252 1303 2276 Hominum
1322 2252 1404 2275 status
1422 2252 1581 2280 Magistratus
1601 2252 1711 2281 Episcopi
1738 2251 1917 2276 condemnatio
1936 2250 2073 2276 Beatitudo.

402 2285 431 2313 k)
451 2285 477 2309 In
497 2285 533 2309 nis
553 2288 578 2309 ut
598 2291 694 2310 non...
713 2285 819 2315 tenere]
838 2286 864 2309 In
883 2286 920 2309 his
940 2287 967 2309 ut
986 2285 1132 2314 quidam...
1157 2286 1269 2310 Christus
1295 2285 1381 2309 uoluit.
1405 2282 1466 2308 Vid.
1484 2283 1537 2316 ful.
1557 2286 1580 2313 4,
1601 2293 1625 2309 a.
1647 2286 1656 2309 l
1678 2299 1709 2303 —
1727 2286 1749 2310 4.
1785 2286 1805 2311 l)
1824 2284 2073 2314 investigauerimus]

402 2319 624 2347 uestigauerimus.
638 2319 874 2349 lmm0.„experti.
900 2317 960 2342 Vid.
978 2317 1030 2350 fol.
1051 2320 1074 2348 4,
1094 2327 1121 2343 α.
1143 2321 1157 2343 6
1171 2333 1202 2336 —
1216 2320 1237 2343 8.
1274 2320 1312 2347 m)
1331 2319 1470 2349 Siquidem]
1496 2320 1523 2344 Et
1562 2321 1591 2348 n)
1610 2319 1698 2349 filium]
1722 2321 1835 2350 trousp.
1855 2320 1924 2342 ante
1948 2318 2011 2342 deus
2046 2319 2074 2347 ο)

403 2353 590 2378 maiestatis...
609 2353 736 2382 invitaret]
755 2353 894 2377 maiestatis
913 2359 1022 2377 suae...
1040 2359 1086 2382 per
1103 2353 1259 2383 sapientiam.
1284 2351 1344 2376 Vm.
1357 2351 1410 2383 fol.
1424 2353 1447 2382 4,
1467 2360 1493 2377 ιι.
1514 2354 1544 2377 10
1563 2366 1595 2370 —-
1615 2354 1651 2377 15.
1686 2354 1714 2383 p)
1733 2352 1843 2382 inaditis]
1866 2352 1914 2376 iliis
1940 2352 2073 2382 supremis,

403 2387 430 2416 q)
449 2393 498 2410 vno
517 2387 588 2411 Trino
605 2386 662 2416 etc]
682 2386 712 2410 de
731 2387 834 2415 unitate,
853 2387 884 2411 de
903 2387 1012 2411 trinitate
1026 2386 1075 2416 dei,
1109 2388 1135 2416 r)
1154 2387 1304 2416 creationis]
1323 2385 1390 2410 add.
1418 2387 1449 2411 de
1469 2387 1542 2411 modo
1562 2387 1744 2411 incarnationis.
1780 2387 1876 2416 Quaeso
1895 2388 1970 2410 te
1989 2386 2072 2410 catho-

400 2421 455 2445 11cis
471 2420 602 2450 dogmatis.
624 2418 683 2443 Vid.
696 2418 749 2451 fol.
769 2422 792 2446 4.
813 2428 840 2443 α.
863 2422 900 2445 19,
918 2433 950 2437 —-
969 2422 992 2445 4.
1013 2418 1036 2445 b.
1055 2422 1078 2445 9.
1113 2422 1138 2449 s)
1157 2421 1298 2445 Peccati...
1317 2420 1396 2450 locos]
1414 2421 1529 2450 Reliquos
1549 2427 1610 2445 uero
1628 2422 1703 2447 locos,
1722 2420 1884 2450 peccatiuim,
1903 2419 1996 2448 legem.
2014 2424 2072 2448 gra-

400 2455 476 2480 tiam.
517 2456 537 2479 t)
557 2455 710 2481 imorauerit
729 2455 828 2484 Nescio]
841 2455 968 2483 ignorarit.
986 2460 1035 2479 non
1054 2454 1128 2479 uideo
1171 2455 1199 2483 u)
1219 2454 1357 2484 Siquidem]
1370 2460 1427 2478 nam
1463 2456 1490 2483 v)
1510 2455 1581 2484 locis]
1604 2462 1660 2478 om.
1703 2455 1730 2481 x)
1749 2454 1859 2479 Christus
1883 2454 1993 2483 proprie]
2016 2459 2072 2482 pro-

402 2489 456 2518 prie
477 2488 589 2513 Christus
632 2490 658 2517 y)
678 2487 764 2519 δρψ).
786 2486 872 2511 verba
887 2489 987 2520 (usque
1001 2487 1040 2512 ad
1052 2487 1149 2512 locum
1163 2487 1198 2511 de
1210 2486 1259 2511 [ib.
1275 2486 1398 2518 arbitr.)
1412 2486 1448 2511 ab
1463 2487 1506 2511 ed.
1517 2495 1566 2519 pr.
1576 2495 1701 2520 prorsus
1711 2486 1775 2519 fere
1788 2486 1949 2516 discedunt,
1965 2487 2072 2519 quippe

402 2522 502 2545 minus
516 2520 647 2553 ospolim
669 2524 695 2545 et·
715 2520 804 2545 Pauli
823 2521 862 2546 ad
879 2521 962 2546 Rom.
983 2528 1027 2554 ep.
1047 2522 1143 2545 artius
1159 2522 1336 2553 spectantia.
1373 2524 1399 2549 z)
1419 2520 1501 2545 Haec
1528 2520 1647 2546 obser—va
1662 2523 1760 2554 utpote
1779 2519 1815 2545 ab
1837 2519 1938 2553 κώρι’.
1961 2519 2070 2544 aliena.

404 2558 447 2583 aa)
462 2554 531 2579 Noli
540 2556 791 2587 praetermittere,
812 2555 889 2587 quod
907 2554 1065 2587 Philippus
1080 2556 1111 2579 in
1135 2553 1309 2588 Theoloqica
1337 2553 1523 2579 Institutione
1547 2554 1628 2587 infra
1654 2561 1757 2579 recusa
1778 2557 1838 2579 tres
1855 2556 1971 2578 tuntum
1991 2553 2072 2578 locos

406 2591 556 2617 mutarat,
577 2589 606 2612 in
627 2587 754 2613 Lucubr.
776 2588 833 2613 lmc
853 2589 936 2613 addit
955 2591 1061 2614 liberum
1081 2590 1218 2617 arbitrium,
1237 2588 1271 2612 {le
1290 2596 1344 2620 quo
1364 2590 1424 2613 iam
1445 2590 1599 2623 coguovit,-
1611 2590 1642 2613 in
1662 2588 1763 2621 ed.pr.
1779 2587 1834 2612 hoc
1847 2587 1939 2612 denuo
1959 2588 2071 2616 reiecit,

407 2623 539 2646 incertus
552 2623 595 2651 (ut
608 2622 736 2654 ridetur)
750 2622 785 2647 de
798 2622 902 2655 quibu-5
914 2622 984 2647 aliis
995 2624 1033 2647 sil
1047 2622 1257 2655 disputaturus.
