2358 2933
238 102 298 130 :3¹5

269 1082 307 1101 titt>

859 102 969 133 PHIL.
991 102 1093 133 MEL.
1116 101 1300 134 SCRIPTA
1321 102 1594 136 DOGMATICA.

391 194 549 232 pertinent
572 202 630 222 seu
654 202 737 232 quae
766 200 840 223 sunt
874 195 1004 225 additae
1026 194 1205 226 moralibus

390 234 516 275 legibus
540 235 723 274 ubicunque
736 242 845 265 extant
864 236 894 266 in
913 237 1093 275 scripturis.
1122 237 1206 267 Nam

391 277 562 316 promissio
586 283 692 306 terrae
705 275 892 308 Palestinae
904 278 1014 309 addita
1032 277 1097 319 legi
1108 278 1205 309 Moisi

387 317 465 349 nihil
489 318 529 347 ad
555 328 614 347 nos
638 319 788 357 pertinet,
807 320 865 350 sed
890 327 1013 351 tantum
1036 322 1077 351 ad
1102 320 1205 351 lsrae-

389 359 460 390 litas
495 360 675 398 pertinebat
717 361 802 392 sicut
834 360 965 401 politica
995 361 1081 393 illius
1120 361 1204 403 legis

388 409 510 431 tantum
534 402 575 431 ad
606 400 681 431 illos
712 403 906 441 pertinebat.
951 404 1020 435 Nos
1045 405 1085 435 de
1108 414 1205 445 gene-

388 442 510 473 ralibus
525 445 796 483 promissionibus
809 444 971 485 loquimur
990 445 1106 487 quales
1119 452 1204 477 sunt.

389 484 528 515 Primum
552 487 696 525 quaerite
721 496 856 527 regnum
880 495 942 518 etc.
988 489 1073 519 Date
1096 495 1127 519 et
1151 489 1205 518 da-

387 528 470 557 bitur
495 528 599 557 iobis.
645 528 707 562 Qui
731 529 854 559 dederit
875 536 986 569 potiun
1008 531 1062 561 uni
1085 541 1126 561 ex
1150 531 1205 560 mi-

387 570 478 599 nimis
503 577 563 599 etc.
608 569 690 600 Mar.
705 570 746 600 X.
773 575 834 607 lvs.
857 572 918 609 ls.1
948 573 1052 602 Nemo
1077 579 1128 602 est
1151 573 1204 612 qui

388 610 549 651 reliquerit
579 612 708 642 domum
743 620 805 643 etc.
851 613 889 643 Et
925 613 1048 644 Paulus
1082 613 1204 654 allegat

386 654 635 693 promissionem
648 655 687 684 4ῑί
714 656 878 695 praecepti
894 655 996 695 Ephe.
1015 656 1070 685 Vl.
1091 659 1171 693 [vss.
1186 656 1204 684 2

387 698 450 735 sq.]
467 705 572 735 eoque
585 695 738 735 exemplo
753 698 915 737 significat
932 697 1101 728 moralium
1112 707 1205 737 prae-

387 745 555 778 ceptorum
579 739 813 776 promissiones
829 740 992 779 pertinere
1014 739 1056 770 ad
1080 749 1203 769 01111165.

389 780 415 809 l.
440 779 498 810 Re.
522 780 541 809 ‘2
567 781 600 817 [i.
615 790 641 810 e.
662 780 692 809 ⁴2.
706 780 793 810 Sam.
807 781 837 817 2,
856 780 907 811 30.
918 783 940 818 z]
973 780 1204 811 Glorificantes

386 832 436 851 nte
467 820 660 861 glorificabo
695 829 756 852 etc.
801 822 879 853 Esa.
909 822 1022 852 Lvlll.
1053 826 1117 861 [vs.
1138 823 1201 860 7.:]

387 863 515 903 Frange
550 864 706 893 esurienti
740 870 801 894 etc.
859 864 958 894 Zach.
1002 866 1029 894 1.
1053 867 1115 902 [vs.
1139 865 1202 902 3.:]

387 904 618 935 Convertimini
648 906 690 936 ad
723 916 774 936 me
804 912 835 936 et
865 916 927 947 ego
957 912 1132 937 convertar
1163 906 1204 936 ad

388 957 457 976 vos.
504 947 598 977 Prior
620 948 705 978 enim
733 950 895 979 sententia
925 949 964 979 de
994 949 1204 988 poenitentia,

386 990 549 1028 posterior
584 990 625 1020 de
659 991 809 1029 praemiis
839 990 994 1031 loquitur.
1046 990 1138 1021 Sicut
1174 996 1204 1020 et

387 1030 508 1062 Paulus
538 1030 690 1072 loquitur.
736 1032 772 1063 Si
803 1043 866 1063 nos
899 1033 960 1072 ipsi
987 1033 1205 1063 indicaremus

387 1080 449 1104 etc.
470 1075 473 1094 f
493 1074 546 1105 Ad
569 1073 656 1104 1111116
679 1075 811 1105 modum
834 1074 1008 1116 generales
1031 1075 1205 1105 commina-

388 1116 493 1146 tiones
523 1122 553 1146 et
576 1117 812 1156 promissiones
837 1118 1051 1147 observemus
1081 1118 1113 1146 in
1137 1122 1205 1146 tota

387 1159 547 1199 scriptura
571 1168 654 1198 quae
672 1160 856 1199 praeceptis
880 1158 1058 1189 moralibus
1077 1159 1206 1189 additae

387 1208 472 1232 sunt.
497 1199 612 1241 quales
636 1208 710 1231 sunt
734 1208 765 1231 et
789 1202 1055 1231 comminationes
1079 1201 1119 1231 (16
1139 1199 1205 1230 bel-

386 1243 426 1273 lis
450 1249 479 1273 et
503 1241 680 1273 sterilitate.
726 1242 822 1273 Dabo
843 1242 969 1274 caelum
987 1253 1124 1273 aeneum
1144 1248 1205 1272 etc.

388 1284 590 1326 Colligamus
613 1291 645 1315 et
675 1284 824 1325 exempla
854 1287 992 1325 piorum.
1039 1283 1205 1321 Abrahae,

387 1327 516 1367 loseph.
561 1326 602 1357 Et
625 1327 666 1357 ad
690 1326 859 1357 Abraham
881 1328 1001 1357 dictum
1028 1333 1079 1357 est
1101 1326 1205 1357 Bene·
1226 1343 1227 1350 1

388 1412 430 1442 2⁰
453 1415 515 1451 sq.]
541 1412 694 1442 scribitur
724 1412 819 1442 deum
842 1368 1080 1451 1061111161ε1ἓ5ε11Ξ
1082 1368 1205 1441 xgbsiss
1226 1390 1227 1455 l

387 1370 492 1400 dicam
516 1369 784 1400 benedicentibus
808 1370 864 1399 tibi
888 1376 950 1399 etc.

388 1454 485 1484 trices
520 1464 559 1484 eo
591 1454 679 1494 quod
709 1464 775 1484 non
811 1452 1034 1484 interfecerint
1064 1451 1206 1483 infantes

387 1496 621 1526 Hebraeonun.
671 1494 790 1526 Mulier
822 1502 919 1526 aucta
953 1502 1003 1525 est
1035 1493 1140 1525 farina
1175 1500 1205 1524 et

389 1537 461 1568 oleo
486 1538 517 1567 in
541 1536 731 1567 difficultate
754 1548 904 1567 annonae
932 1537 1007 1577 quia
1031 1542 1205 1577 exceperat

389 1579 562 1619 liliam-⁴¹)
593 1579 684 1609 Haec
708 1578 856 1619 exempla
879 1585 1040 1609 testantur
1064 1580 1125 1609 deo
1151 1589 1204 1609 cu·
1224 1591 1226 1596 ‘

389 1631 444 1652 rae
475 1620 601 1651 futuros
632 1631 690 1651 eos
720 1622 773 1661 qui
804 1628 917 1662 tegunt
946 1622 1016 1661 pios
1046 1621 1226 1665 adversus1

389 1672 557 1704 t3rannOS.
588 1662 779 1693 Huiusmodi
802 1664 980 1693 conciones
1004 1669 1035 1694 et
1059 1661 1205 1702 exempla

391 1706 533 1735 sciamus
564 1709 595 1735 et
625 1706 666 1735 ad
696 1715 757 1735 nos
789 1706 953 1744 pertinere
982 1705 1049 1735 Sed
1078 1704 1206 1735 interim

390 1748 639 1784 meminerimus,
662 1748 694 1777 id
717 1748 805 1788 quod
827 1748 899 1786 ipsa
923 1745 1073 1787 exempla
1095 1751 1204 1776 osten-

389 1789 479 1825 dunt,
505 1789 599 1819 etiam
622 1787 724 1830 affligi
747 1787 933 1826 ecclesiam,
955 1795 989 1819 ut
1013 1789 1069 1819 fiat
1091 1786 1204 1818 similis

389 1831 535 1871 imaginis
559 1829 695 1868 Christi,
725 1832 800 1871 quia
829 1841 964 1871 regnum
988 1830 1109 1861 Christi
1139 1839 1225 1871 non}

390 1879 439 1903 est
463 1882 599 1913 regnum
626 1872 721 1903 huius
746 1873 869 1909 mundi,
899 1872 1049 1903 Ettamen
1077 1875 1225 1912 oportet}

390 1916 423 1944 in
444 1913 508 1944 hoc
520 1915 639 1945 mundo
655 1916 795 1945 existere
808 1913 992 1945 ecclesiam.
1017 1914 1093 1945 Ideo
1110 1914 1204 1944 etiam
1222 1945 1224 1952 k

389 1958 422 1986 in
445 1955 508 1986 hac
531 1957 597 1986 w’ta
620 1957 724 1986 sancti
749 1955 967 1986 defenduntur
989 1963 1019 1987 et
1042 1957 1203 1987 iuvantur.
1222 1954 1223 2000 ᾗ

389 1997 429 2028 Et
451 1997 519 2028 vult
542 2008 602 2028 nos
627 1998 708 2028 deus
733 1999 878 2028 exerceri
906 1998 956 2028 his
981 1999 1223 2040 communibus]

389 2040 617 2070 tentationibus
647 2047 679 2069 et
715 2041 853 2080 experiri
884 2042 948 2070 vim
982 2040 1068 2070 fidei.
1113 2040 1203 2071 Sicut

389 2088 420 2111 et
444 2081 593 2112 Christus
615 2081 764 2112 hortatur
786 2092 846 2112 nos
859 2082 909 2112 Ne
932 2083 1002 2112 sitis
1026 2081 1146 2113 soliciti
1164 2082 1204 2111 de

390 2125 530 2153 crastino
555 2130 617 2154 etc.
661 2123 701 2153 Et
725 2125 757 2153 in
780 2125 925 2154 oratione
939 2125 1101 2155 dominica
1116 2125 1202 2154 iubet

388 2171 500 2204 petere
527 2176 642 2205 panem
673 2166 904 2205 quotidianum.
950 2166 989 2196 Et
1018 2165 1142 2196 Paulus
1173 2172 1203 2196 et

390 2206 497 2237 Hiere.
522 2209 631 2237 iubent
662 2217 756 2237 orare
784 2218 843 2247 pro
867 2218 947 2247 pace
971 2214 1003 2238 et
1025 2207 1203 2248 republica.

390 2248 439 2278 Ac
474 2247 569 2279 facile
597 2250 731 2279 iudicari
765 2255 875 2288 potest
910 2250 982 2280 ideo
1017 2248 1203 2290 frigidiores

390 2299 449 2319 nos
473 2300 548 2320 esse
571 2292 612 2320 ad
641 2292 723 2321 bene
745 2292 944 2331 operandum
967 2292 1042 2332 quia
1064 2293 1203 2322 somnia-

391 2341 461 2361 mus
486 2342 585 2371 opera
608 2339 638 2363 et
663 2333 818 2363 exercitia
840 2339 955 2363 nostra
972 2334 1104 2374 indigna
1128 2343 1203 2364 esse

389 2375 556 2412 praemiis,
580 2381 634 2404 aut
666 2381 754 2404 certe
784 2373 905 2405 fmstra
928 2376 1097 2415 suscipere
1118 2376 1202 2416 peri-

241 2511 281 2532 11)
304 2509 366 2531 tuns
394 2510 412 2531 1.
432 2508 490 2532 Rea.
514 2508 551 2532 17.

574 2510 678 2532 14—10.

2157 105 2219 136 316

1250 195 1324 227 cula
1347 202 1378 226 et
1404 216 1406 230 .
1431 195 1574 233 labores.
1597 202 1687 227 tanta
1710 203 1760 227 est
1782 198 1981 237 perversitas
2005 196 2063 228 hu·
2100 208 2140 231 60.
2160 208 2182 230 t».

1249 239 1334 269 mani
1357 238 1453 268 animi
1475 245 1508 269 ut
1533 248 1594 269 nec
1616 237 1799 279 Evangelio
1821 249 1883 270 nec
1901 238 2064 280 legalibus

1248 281 1520 320 promissionibus
1551 281 1675 310 credat.
1722 280 1756 311 Si
1786 287 1876 312 certo
1906 287 2064 312 statuere-

1249 333 1320 353 mus
1340 322 1435 352 deum
1457 323 1552 352 nobis
1572 322 1781 361 precantibus
1805 329 1837 353 et
1860 334 1918 362 pro
1943 324 2064 353 nostris

1249 362 1430 395 benefactis
1454 374 1569 404 pacem
1599 370 1629 394 et
1660 363 1725 394 alia
1753 365 1837 395 bona
1867 365 2065 395 redditurum

1249 416 1343 443 esse,
1383 405 1485 437 multo
1520 406 1699 437 studiosius
1738 412 1827 436 recte
1868 404 2064 437 faceremus.

1248 448 1338 478 Haec
1363 449 1442 478 satis
1466 449 1506 478 sit
1526 449 1693 478 monuisse
1723 448 1763 477 de
1794 448 2064 487 promissionibus

1248 488 1428 530 legalibuS,
1462 491 1624 530 quomodo
1653 490 1700 519 eis
1722 491 1877 520 utendum
1906 491 1948 520 sit
1977 496 2008 520 et
2031 496 2065 520 ut

1249 537 1444 562 exerceatur
1476 531 1557 562 fides
1586 533 1617 561 in
1640 531 1706 562 1106
1728 541 1849 571 genere
1876 532 2064 571 promissio-

1248 584 1324 604 num
1347 574 1379 604 in
1401 574 1480 613 ipsis
1505 574 1658 612 operibus
1688 580 1719 603 et
1743 572 1977 604 afflictionibus
2000 573 2066 604 Sed

1248 614 1301 646 hic
1325 615 1389 645 duo
1412 614 1478 645 loci
1501 615 1640 645 addendi
1663 621 1748 645 sunt.
1794 615 1890 646 Prior
1914 621 1964 646 est
1987 625 2065 656 quo-

1248 658 1345 688 modo
1381 656 1515 697 intelligi
1549 657 1666 687 debeat
1700 658 1731 687 id
1759 658 1847 697 quod
1882 658 1992 688 dicunt
2018 658 2064 696 ⁴²)

1249 699 1365 729 Omnia
1389 699 1475 728 bona
1491 708 1591 738 opera
1614 709 1655 728 ex
1673 698 1737 729 fide
1750 699 1820 730 fieri
1840 700 1973 736 debere,
1997 699 2066 730 Sic-

1248 746 1282 771 ut
1310 739 1433 771 Paulus
1463 741 1566 780 inquit
1599 740 1703 771 Omne
1733 742 1823 781 quod
1852 751 1918 771 non
1943 746 1994 771 est
2023 751 2066 771 ex

1248 782 1312 813 fide
1335 788 1398 812 etc.
1443 780 1552 822 Vulgo
1576 782 1625 812 516
1649 789 1823 822 exponunt.
1858 782 1946 813 Nihil
1969 783 2066 814 debet

1248 823 1318 854 fieri
1342 830 1459 854 contra
1483 824 1734 861 conscientiam,
1757 825 1854 865 idque
1877 831 2003 855 tantum
2025 825 2066 854 de

1246 865 1322 906 1636
1360 866 1623 905 interpretantur.
1680 865 1812 896 Nullum
1844 876 1927 906 opus
1968 866 2065 897 debet

1248 907 1318 938 fieri
1341 913 1457 938 contra
1478 906 1587 947 legem
1610 905 1663 937 vel
1685 908 1757 938 sine
1787 907 1871 948 lege.
1916 907 1988 938 Etsi
2010 918 2065 938 au-

1247 956 1312 980 tem
1333 947 1457 980 nullum
1481 959 1563 988 opus
1583 950 1705 989 suscipi
1719 950 1816 980 debet
1828 955 1945 981 contra
1958 948 2065 990 legem

1247 997 1303 1022 aut
1332 992 1402 1021 sine
1424 989 1499 1031 lege
1522 991 1591 1028 dei,
1622 997 1730 1021 tamen
1759 992 1802 1021 ad
1831 1001 1914 1031 opus
1944 992 2066 1022 bonum

1247 1043 1313 1064 non
1335 1032 1409 1074 lege
1432 1039 1556 1063 tantum
1578 1033 1638 1062 sed
1661 1034 1757 1063 etiam
1777 1034 1962 1074 cognitione
1975 1032 2066 1063 Chri-

1248 1076 1289 1105 sti
1312 1085 1395 1116 opus
1419 1081 1480 1111 est,
1505 1082 1536 1104 et
1560 1074 1641 1105 fides
1660 1074 1824 1116 significat
1846 1075 1978 1115 proprie
1999 1083 2065 1104 11011

1247 1116 1330 1158 legis
1350 1117 1495 1147 notitiam
1518 1123 1573 1147 aut
1597 1123 1722 1147 tantum
1743 1116 1900 1147 historiae
1919 1117 2065 1147 notitiam

1248 1160 1309 1189 sed
1331 1159 1484 1189 fiduciam
1497 1159 1741 1189 misericordiae
1753 1164 1887 1198 propter
1901 1157 2065 1188 Christum

1247 1203 1440 1242 promissae,
1464 1200 1540 1230 Ideo
1565 1201 1605 1230 de
1628 1200 1691 1231 1136
1711 1200 1830 1231 fiducia
1857 1199 2065 1241 intelligatur,

1248 1242 1400 1274 videlicet
1423 1252 1465 1272 116
1488 1243 1611 1272 dubitet
1630 1243 1833 1273 conscientia
1855 1249 1963 1273 utrum
1982 1249 2064 1282 opus

1249 1286 1311 1316 deo
1341 1284 1488 1325 placeat,
1524 1284 1585 1314 sed
1607 1285 1651 1314 ita
1681 1290 1835 1324 operetur
1867 1290 1903 1314 ut
1937 1292 2066 1323 semper

1249 1333 1339 1357 certo
1367 1332 1490 1356 statuat
1519 1336 1555 1356 se
1578 1325 1701 1357 habere
1726 1327 1908 1366 propicium
1931 1331 2066 1366 propter

1249 1369 1424 1400 Christum.

1293 1411 1359 1442 Sed
1382 1411 1469 1440 dicat
1491 1409 1622 1450 aliquis,
1645 1409 1834 1440 Cuiusmodi
1852 1409 1916 1440 hoc
1926 1409 2065 1449 parado-

1248 1464 1325 1484 xum
1348 1452 1420 1483 est?
1443 1453 1606 1492 quomodo
1623 1462 1799 1492 possumus
1819 1458 1964 1482 statuere
1977 1451 2065 1491 quod

1248 1494 1378 1536 singula
1409 1504 1509 1534 opera
1534 1495 1595 1525 deo
1618 1493 1792 1534 placeant?
1827 1504 1901 1524 cum
1922 1494 1987 1523 sint
2008 1493 2065 1522 im-

1225 1536 1227 1563 1
1247 1537 1366 1568 1111111(13
1395 1536 1494 1566 11111110
1517 1542 1585 1566 tota
1608 1536 1747 1570 hominis
1771 1542 1887 1566 natura
1910 1533 2065 1565 reclamat

1247 1579 1323 1609 huic
1344 1578 1532 1618 paradoxo,
1559 1579 1648 1608 timet
1672 1584 1701 1608 et
1729 1578 1850 1608 iudicat
1881 1587 1982 1617 opera
2009 1577 2064 1613 111-Ι

1248 1622 1346 1661 (113113
1369 1630 1445 1650 esse
1469 1630 1508 1650 36
1529 1618 1711 1659 displicere.
1766 1620 1821 1650 Ad
1842 1619 1908 1650 1106
1929 1628 2065 1658 respon-

1249 1664 1321 1693 deo.
1366 1661 1508 1693 Facilius
1539 1660 1675 1702 intelligi
1705 1671 1759 1691 res
1789 1662 1908 1701 poterit
1931 1662 1960 1692 si
1982 1660 2065 1691 fides

1248 1706 1290 1735 ad
1313 1714 1498 1744 personam,
1521 1703 1575 1734 lex
1598 1704 1640 1734 ad
1663 1713 1745 1743 opus
1767 1702 1939 1734 referatur.
1973 1702 2064 1743 Opus

1247 1748 1291 1777 ita
1314 1745 1422 1786 placet
1445 1747 1472 1776 si
1494 1746 1613 1777 habeat
1637 1746 1823 1776 mandatum
1840 1746 1903 1782 dei,
1923 1752 1955 1776 et
1972 1754 2064 1785 prae-

1248 1795 1337 1819 terea
1361 1798 1504 1828 persona
1527 1794 1647 1818 statuat
1676 1797 1712 1818 se
1738 1786 1870 1827 placere
1899 1788 1961 1818 deo
1990 1797 2064 1826 pro-

1247 1838 1320 1870 pter
1344 1830 1519 1867 Christum.
1555 1836 1585 1860 et
1620 1836 1792 1869 propterea
1819 1828 1953 1869 placere
1981 1838 2064 1868 opus

1247 1883 1312 1903 non
1353 1873 1427 1912 quia
1466 1871 1530 1912 legi
1565 1870 1761 1909 satisfaciat,
1803 1871 1862 1901 sed
1899 1871 1974 1911 quia
2006 1880 2064 1910 per

1249 1914 1414 1945 Christum
1432 1914 1617 1953 pontificem
1640 1913 1775 1943 offertur
1799 1913 1859 1943 deo
1884 1920 1946 1943 etc.

1291 1956 1465 1987 Caeterum
1489 1957 1576 1996 quod
1602 1956 1752 1986 iudicium
1776 1956 1911 1985 rationis
1943 1955 1983 1985 de
2007 1956 2063 1985 du-

1248 1999 1402 2029 bitatione
1439 1997 1600 2038 allegatur
1629 1998 1798 2027 sciendum
1832 2004 1883 2027 est
1912 1996 2062 2038 Evange—

1246 2040 1324 2071 lium
1354 2039 1418 2070 1106
1447 2041 1552 2079 ipsunt
1581 2040 1712 2079 proprie
1741 2049 1779 2069 ac
1813 2040 1935 2069 diserte
1964 2048 2063 2079 agere

1222 2060 1280 2123 lut
1312 2081 1398 2112 hanc
1438 2082 1674 2112 dubitationem
1712 2080 1821 2117 tollat,
1866 2081 1944 2111 Ideo
1978 2081 2063 2111 enim

1222 2132 1224 2168 ᾗ
1248 2125 1462 2155 concionatur
1485 2124 1525 2153 de
1549 2122 1630 2159 fide,
1654 2133 1737 2163 quae
1762 2133 1803 2153 ex
1827 2123 1983 2153 diametro
2005 2133 2062 2163 pu-

1222 2169 1326 2207 ‘gnat
1359 2176 1432 2197 cum
1467 2164 1522 2195 illa
1556 2165 1764 2196 dubitatione.
1825 2165 1940 2206 Neque
1980 2165 2062 2195 enim

1222 2202 1224 2245 ἶ
1248 2207 1334 2239 aliud
1358 2215 1408 2238 est
1431 2207 1680 2247 apprehendere
1703 2208 1928 2238 remissionem
1945 2217 2062 2246 pecca—

1248 2256 1363 2287 torum,
1387 2251 1449 2280 nisi
1472 2249 1535 2279 hoc
1559 2250 1663 2288 ipsum
1688 2257 1832 2280 statuere
1862 2250 1948 2289 quod
1972 2256 2061 2279 certo

1246 2291 1434 2333 placeamus
1458 2292 1519 2321 deo
1543 2298 1676 2330 propter
1699 2291 1864 2322 Christum
1886 2301 1945 2331 per
1968 2292 2061 2321 mise-

1222 2334 1435 2381 'riom-diam,
1478 2333 1528 2363 Ac
1563 2340 1720 2373 perpetuo
1755 2333 1871 2364 luctari
1905 2332 2003 2363 mens
2029 2334 2061 2363 in

1221 2387 1225 2444 1
1248 2377 1333 2406 omni
1357 2376 1432 2411 vita,
1455 2376 1487 2405 in
1512 2376 1660 2405 omnibus
1684 2376 1833 2416 negotiiS,
1856 2376 1888 2405 in
1911 2375 1996 2405 omni
2016 2376 2062 2405 in-

2101 1625 2141 1654 61,

1222 2499 1226 2537 l
1247 2512 1292 2538 ⁴2)
1313 2510 1407 2539 dicunt]
1426 2511 1468 2535 Ms.
1488 2512 1594 2540 primum
1614 2511 1740 2535 exhibuit:
1759 2509 1887 2534 dicimus
1904 2510 1950 2533 sed
1969 2514 2127 2539 expunctum.

2161 1632 2182 1649 a⁴
