<?xml version="1.0" encoding="UTF-8"?>
<!DOCTYPE html PUBLIC "-//W3C//DTD XHTML 1.0 Transitional//EN"
    "http://www.w3.org/TR/xhtml1/DTD/xhtml1-transitional.dtd">
<html xmlns="http://www.w3.org/1999/xhtml" xml:lang="en" lang="en">
 <head>
  <title>
</title>
<meta http-equiv="Content-Type" content="text/html;charset=utf-8" />
  <meta name='ocr-system' content='tesseract 3.04.00' />
  <meta name='ocr-capabilities' content='ocr_page ocr_carea ocr_par ocr_line ocrx_word'/>
</head>
<body>
  <div class='ocr_page' id='page_1' title='image "./operaquaesupersu21melauoft_0244.png"; bbox 0 0 2358 2933; ppageno 0'>
   <div class='ocr_carea' id='block_1_1' title="bbox 241 105 305 139">
    <p class='ocr_par' dir='ltr' id='par_1_1' title="bbox 241 105 305 139">
     <span class='ocr_line' id='line_1_1' title="bbox 241 105 305 139; baseline -0.031 0"><span class='ocrx_word' id='word_1_1' title='bbox 241 105 305 139; x_wconf 78' lang='lat'>459</span> 
     </span>
    </p>
   </div>
   <div class='ocr_carea' id='block_1_2' title="bbox 237 198 1217 2264">
    <p class='ocr_par' dir='ltr' id='par_1_2' title="bbox 237 198 1217 1673">
     <span class='ocr_line' id='line_1_2' title="bbox 244 198 1217 238; baseline 0.002 -11"><span class='ocrx_word' id='word_1_2' title='bbox 244 199 284 227; x_wconf 84' lang='grc'>311</span> <span class='ocrx_word' id='word_1_3' title='bbox 305 208 377 227; x_wconf 70' lang='lat' dir='ltr'>cos,</span> <span class='ocrx_word' id='word_1_4' title='bbox 409 199 461 238; x_wconf 90' lang='lat' dir='ltr'>qui</span> <span class='ocrx_word' id='word_1_5' title='bbox 483 208 546 227; x_wconf 91' lang='lat' dir='ltr'>non</span> <span class='ocrx_word' id='word_1_6' title='bbox 570 204 667 237; x_wconf 78' lang='lat' dir='ltr'>agunt</span> <span class='ocrx_word' id='word_1_7' title='bbox 694 199 938 237; x_wconf 79' lang='lat' dir='ltr'>poenitentiam,</span> <span class='ocrx_word' id='word_1_8' title='bbox 969 198 1000 228; x_wconf 89' lang='lat' dir='ltr'>hi</span> <span class='ocrx_word' id='word_1_9' title='bbox 1035 199 1118 229; x_wconf 90' lang='lat' dir='ltr'>enim</span> <span class='ocrx_word' id='word_1_10' title='bbox 1141 207 1217 230; x_wconf 87' lang='lat' dir='ltr'>sunt</span> 
     </span>
     <span class='ocr_line' id='line_1_3' title="bbox 246 238 1217 282; baseline 0.003 -13"><span class='ocrx_word' id='word_1_11' title='bbox 246 240 306 269; x_wconf 67' lang='grc'>51111</span> <span class='ocrx_word' id='word_1_12' title='bbox 331 238 421 279; x_wconf 69' lang='lat' dir='ltr'>lege.</span> <span class='ocrx_word' id='word_1_13' title='bbox 446 239 508 269; x_wconf 78' lang='lat' dir='ltr'>hoc</span> <span class='ocrx_word' id='word_1_14' title='bbox 539 247 605 270; x_wconf 73' lang='lat' dir='ltr'>cst.</span> <span class='ocrx_word' id='word_1_15' title='bbox 629 247 827 270; x_wconf 77' lang='lat' dir='ltr'>accusantur</span> <span class='ocrx_word' id='word_1_16' title='bbox 860 247 889 270; x_wconf 74' lang='lat' dir='ltr'>ct</span> <span class='ocrx_word' id='word_1_17' title='bbox 921 240 1114 271; x_wconf 87' lang='lat' dir='ltr'>danmantur</span> <span class='ocrx_word' id='word_1_18' title='bbox 1143 240 1217 282; x_wconf 81' lang='lat' dir='ltr'>lege</span> 
     </span>
     <span class='ocr_line' id='line_1_4' title="bbox 245 279 1217 323; baseline 0.002 -12"><span class='ocrx_word' id='word_1_19' title='bbox 245 280 374 312; x_wconf 71' lang='lat' dir='ltr'>morali:</span> <span class='ocrx_word' id='word_1_20' title='bbox 397 283 453 311; x_wconf 84' lang='grc'>5811</span> <span class='ocrx_word' id='word_1_21' title='bbox 480 288 600 310; x_wconf 86' lang='lat' dir='ltr'>tantum</span> <span class='ocrx_word' id='word_1_22' title='bbox 631 281 671 311; x_wconf 87' lang='lat' dir='ltr'>ad</span> <span class='ocrx_word' id='word_1_23' title='bbox 692 279 765 310; x_wconf 79' lang='lat' dir='ltr'>illos</span> <span class='ocrx_word' id='word_1_24' title='bbox 790 283 969 321; x_wconf 77' lang='lat' dir='ltr'>pertinere,</span> <span class='ocrx_word' id='word_1_25' title='bbox 999 283 1051 322; x_wconf 93' lang='lat' dir='ltr'>qui</span> <span class='ocrx_word' id='word_1_26' title='bbox 1077 282 1139 313; x_wconf 84' lang='grc'>11110</span> <span class='ocrx_word' id='word_1_27' title='bbox 1162 294 1217 323; x_wconf 84' lang='grc'>31)-</span> 
     </span>
     <span class='ocr_line' id='line_1_5' title="bbox 245 323 1216 363; baseline 0.005 -12"><span class='ocrx_word' id='word_1_28' title='bbox 245 323 444 363; x_wconf 69' lang='lat' dir='ltr'>prehendunt</span> <span class='ocrx_word' id='word_1_29' title='bbox 474 323 809 354; x_wconf 69' lang='lat' dir='ltr'>heneficiumt‘hristi.</span> <span class='ocrx_word' id='word_1_30' title='bbox 844 324 882 353; x_wconf 88' lang='lat' dir='ltr'>Et</span> <span class='ocrx_word' id='word_1_31' title='bbox 908 325 947 353; x_wconf 91' lang='lat' dir='ltr'>de</span> <span class='ocrx_word' id='word_1_32' title='bbox 970 323 1020 354; x_wconf 91' lang='lat' dir='ltr'>his</span> <span class='ocrx_word' id='word_1_33' title='bbox 1044 326 1216 356; x_wconf 83' lang='lat' dir='ltr'>tenendum</span> 
     </span>
     <span class='ocr_line' id='line_1_6' title="bbox 244 364 1216 406; baseline 0.003 -11"><span class='ocrx_word' id='word_1_34' title='bbox 244 373 292 395; x_wconf 73' lang='lat' dir='ltr'>cst</span> <span class='ocrx_word' id='word_1_35' title='bbox 318 365 381 394; x_wconf 70' lang='lat' dir='ltr'>hv(-</span> <span class='ocrx_word' id='word_1_36' title='bbox 405 366 596 394; x_wconf 76' lang='lat' dir='ltr'>discrinwn:</span> <span class='ocrx_word' id='word_1_37' title='bbox 626 365 708 395; x_wconf 74' lang='lat' dir='ltr'>Esse</span> <span class='ocrx_word' id='word_1_38' title='bbox 732 364 868 396; x_wconf 85' lang='lat' dir='ltr'>liberum</span> <span class='ocrx_word' id='word_1_39' title='bbox 892 377 909 396; x_wconf 89' lang='lat' dir='ltr'>a</span> <span class='ocrx_word' id='word_1_40' title='bbox 934 365 1024 406; x_wconf 79' lang='lat' dir='ltr'>lege,</span> <span class='ocrx_word' id='word_1_41' title='bbox 1052 377 1117 397; x_wconf 93' lang='lat' dir='ltr'>non</span> <span class='ocrx_word' id='word_1_42' title='bbox 1140 377 1216 398; x_wconf 90' lang='grc'>8558</span> 
     </span>
     <span class='ocr_line' id='line_1_7' title="bbox 244 406 1216 448; baseline 0.004 -12"><span class='ocrx_word' id='word_1_43' title='bbox 244 406 379 436; x_wconf 86' lang='lat' dir='ltr'>liberum</span> <span class='ocrx_word' id='word_1_44' title='bbox 405 408 444 436; x_wconf 85' lang='lat' dir='ltr'>ab</span> <span class='ocrx_word' id='word_1_45' title='bbox 470 407 651 437; x_wconf 72' lang='lat' dir='ltr'>obedientia</span> <span class='ocrx_word' id='word_1_46' title='bbox 685 406 768 448; x_wconf 74' lang='lat' dir='ltr'>legis</span> <span class='ocrx_word' id='word_1_47' title='bbox 793 407 937 445; x_wconf 78' lang='lat' dir='ltr'>moralis,</span> <span class='ocrx_word' id='word_1_48' title='bbox 961 409 1020 438; x_wconf 76' lang='lat' dir='ltr'>scd</span> <span class='ocrx_word' id='word_1_49' title='bbox 1043 419 1063 439; x_wconf 92' lang='lat' dir='ltr'>a</span> <span class='ocrx_word' id='word_1_50' title='bbox 1086 408 1216 440; x_wconf 88' lang='lat' dir='ltr'>maledi-</span> 
     </span>
     <span class='ocr_line' id='line_1_8' title="bbox 244 447 1216 491; baseline 0.004 -13"><span class='ocrx_word' id='word_1_51' title='bbox 244 450 351 478; x_wconf 68' lang='lat' dir='ltr'>ctione</span> <span class='ocrx_word' id='word_1_52' title='bbox 382 447 481 489; x_wconf 72' lang='lat' dir='ltr'>logis:</span> <span class='ocrx_word' id='word_1_53' title='bbox 510 448 572 478; x_wconf 82' lang='lat' dir='ltr'>hoc</span> <span class='ocrx_word' id='word_1_54' title='bbox 597 456 662 479; x_wconf 67' lang='lat' dir='ltr'>est:</span> <span class='ocrx_word' id='word_1_55' title='bbox 694 449 763 479; x_wconf 74' lang='lat' dir='ltr'>Etsi</span> <span class='ocrx_word' id='word_1_56' title='bbox 795 449 859 491; x_wconf 82' lang='lat' dir='ltr'>legi</span> <span class='ocrx_word' id='word_1_57' title='bbox 889 460 953 480; x_wconf 91' lang='lat' dir='ltr'>non</span> <span class='ocrx_word' id='word_1_58' title='bbox 984 449 1216 489; x_wconf 75' lang='lat' dir='ltr'>satisfacimus,</span> 
     </span>
     <span class='ocr_line' id='line_1_9' title="bbox 243 490 1215 532; baseline 0.004 -13"><span class='ocrx_word' id='word_1_59' title='bbox 243 498 348 520; x_wconf 70' lang='lat' dir='ltr'>tamen</span> <span class='ocrx_word' id='word_1_60' title='bbox 373 491 434 520; x_wconf 89' lang='lat' dir='ltr'>iam</span> <span class='ocrx_word' id='word_1_61' title='bbox 457 497 590 531; x_wconf 78' lang='lat' dir='ltr'>propter</span> <span class='ocrx_word' id='word_1_62' title='bbox 609 490 707 522; x_wconf 83' lang='lat' dir='ltr'>aliud.</span> <span class='ocrx_word' id='word_1_63' title='bbox 734 491 1215 532; x_wconf 69' lang='grc' dir='ltr'>1111811081111011181Γ1111510111,</span> 
     </span>
     <span class='ocr_line' id='line_1_10' title="bbox 243 533 1215 574; baseline 0.004 -12"><span class='ocrx_word' id='word_1_64' title='bbox 243 533 400 562; x_wconf 81' lang='lat' dir='ltr'>hahemus</span> <span class='ocrx_word' id='word_1_65' title='bbox 425 533 648 563; x_wconf 59' lang='lat' dir='ltr'>remissionem</span> <span class='ocrx_word' id='word_1_66' title='bbox 673 541 883 573; x_wconf 79' lang='lat' dir='ltr'>peccatorum</span> <span class='ocrx_word' id='word_1_67' title='bbox 914 541 943 564; x_wconf 89' lang='lat' dir='ltr'>et</span> <span class='ocrx_word' id='word_1_68' title='bbox 975 535 1215 574; x_wconf 77' lang='lat' dir='ltr'>imputationem</span> 
     </span>
     <span class='ocr_line' id='line_1_11' title="bbox 242 575 1215 617; baseline 0.002 -12"><span class='ocrx_word' id='word_1_69' title='bbox 242 575 394 611; x_wconf 75' lang='lat' dir='ltr'>iustitiae,</span> <span class='ocrx_word' id='word_1_70' title='bbox 416 575 551 614; x_wconf 76' lang='lat' dir='ltr'><strong>perinde</strong></span> <span class='ocrx_word' id='word_1_71' title='bbox 573 585 612 605; x_wconf 83' lang='lat' dir='ltr'>ac</span> <span class='ocrx_word' id='word_1_72' title='bbox 637 575 664 605; x_wconf 83' lang='lat' dir='ltr'>si</span> <span class='ocrx_word' id='word_1_73' title='bbox 689 575 753 617; x_wconf 85' lang='lat' dir='ltr'>legi</span> <span class='ocrx_word' id='word_1_74' title='bbox 772 576 1048 608; x_wconf 85' lang='lat' dir='ltr'>satisfaceremus.</span> <span class='ocrx_word' id='word_1_75' title='bbox 1084 577 1117 608; x_wconf 93' lang='grc'>111</span> <span class='ocrx_word' id='word_1_76' title='bbox 1130 578 1215 608; x_wconf 93' lang='lat' dir='ltr'>hanc</span> 
     </span>
     <span class='ocr_line' id='line_1_12' title="bbox 242 616 1213 656; baseline 0.004 -10"><span class='ocrx_word' id='word_1_77' title='bbox 242 617 435 646; x_wconf 85' lang='lat' dir='ltr'>sententiam</span> <span class='ocrx_word' id='word_1_78' title='bbox 458 617 499 647; x_wconf 88' lang='lat' dir='ltr'>ait</span> <span class='ocrx_word' id='word_1_79' title='bbox 525 616 647 648; x_wconf 84' lang='lat' dir='ltr'>Paulus</span> <span class='ocrx_word' id='word_1_80' title='bbox 673 617 780 655; x_wconf 81' lang='lat' dir='ltr'>[Rom.</span> <span class='ocrx_word' id='word_1_81' title='bbox 792 618 823 656; x_wconf 84' lang='lat'>6,</span> <span class='ocrx_word' id='word_1_82' title='bbox 839 619 918 656; x_wconf 83' lang='lat'>17.]:</span> <span class='ocrx_word' id='word_1_83' title='bbox 947 619 1020 649; x_wconf 87' lang='lat' dir='ltr'>Non</span> <span class='ocrx_word' id='word_1_84' title='bbox 1049 621 1129 650; x_wconf 83' lang='lat' dir='ltr'>estis</span> <span class='ocrx_word' id='word_1_85' title='bbox 1153 621 1213 650; x_wconf 86' lang='lat' dir='ltr'>sub</span> 
     </span>
     <span class='ocr_line' id='line_1_13' title="bbox 240 657 1214 702; baseline 0.005 -15"><span class='ocrx_word' id='word_1_86' title='bbox 240 657 330 699; x_wconf 79' lang='lat' dir='ltr'>lege,</span> <span class='ocrx_word' id='word_1_87' title='bbox 353 659 413 688; x_wconf 83' lang='grc'>5811</span> <span class='ocrx_word' id='word_1_88' title='bbox 432 659 494 689; x_wconf 85' lang='lat' dir='ltr'>sub</span> <span class='ocrx_word' id='word_1_89' title='bbox 519 660 640 700; x_wconf 81' lang='lat' dir='ltr'>gratia3</span> <span class='ocrx_word' id='word_1_90' title='bbox 664 659 727 690; x_wconf 90' lang='lat' dir='ltr'>hoc</span> <span class='ocrx_word' id='word_1_91' title='bbox 751 666 820 697; x_wconf 85' lang='lat' dir='ltr'>est,</span> <span class='ocrx_word' id='word_1_92' title='bbox 843 668 935 692; x_wconf 85' lang='lat' dir='ltr'>certo</span> <span class='ocrx_word' id='word_1_93' title='bbox 950 663 996 700; x_wconf 75' lang='lat'>⁵⁵)</span> <span class='ocrx_word' id='word_1_94' title='bbox 1020 662 1083 691; x_wconf 86' lang='lat' dir='ltr'>iam</span> <span class='ocrx_word' id='word_1_95' title='bbox 1105 660 1214 702; x_wconf 86' lang='lat' dir='ltr'>place—</span> 
     </span>
     <span class='ocr_line' id='line_1_14' title="bbox 242 700 1214 743; baseline 0.002 -12"><span class='ocrx_word' id='word_1_96' title='bbox 242 702 282 731; x_wconf 85' lang='lat' dir='ltr'>tis</span> <span class='ocrx_word' id='word_1_97' title='bbox 306 700 379 731; x_wconf 89' lang='lat' dir='ltr'>Deo</span> <span class='ocrx_word' id='word_1_98' title='bbox 404 710 462 740; x_wconf 85' lang='lat' dir='ltr'>per</span> <span class='ocrx_word' id='word_1_99' title='bbox 487 702 639 738; x_wconf 66' lang='lat' dir='ltr'>‹rt-attam,</span> <span class='ocrx_word' id='word_1_100' title='bbox 669 702 734 732; x_wconf 89' lang='lat' dir='ltr'>hoc</span> <span class='ocrx_word' id='word_1_101' title='bbox 764 709 829 739; x_wconf 87' lang='lat' dir='ltr'>est,</span> <span class='ocrx_word' id='word_1_102' title='bbox 860 713 918 743; x_wconf 87' lang='lat' dir='ltr'>per</span> <span class='ocrx_word' id='word_1_103' title='bbox 947 703 1214 741; x_wconf 78' lang='lat' dir='ltr'>misericordiam,</span> 
     </span>
     <span class='ocr_line' id='line_1_15' title="bbox 241 725 1213 787; baseline 0.003 -14"><span class='ocrx_word' id='word_1_104' title='bbox 241 752 305 773; x_wconf 90' lang='lat' dir='ltr'>non</span> <span class='ocrx_word' id='word_1_105' title='bbox 335 750 469 783; x_wconf 80' lang='lat' dir='ltr'>propter</span> <span class='ocrx_word' id='word_1_106' title='bbox 487 725 580 784; x_wconf 50' lang='lat' dir='ltr'>degis</span> <span class='ocrx_word' id='word_1_107' title='bbox 617 743 847 784; x_wconf 76' lang='lat' dir='ltr'><strong>impletionem.</strong></span> <span class='ocrx_word' id='word_1_108' title='bbox 892 745 995 775; x_wconf 90' lang='lat' dir='ltr'>Nemo</span> <span class='ocrx_word' id='word_1_109' title='bbox 1030 746 1113 776; x_wconf 90' lang='lat' dir='ltr'>enim</span> <span class='ocrx_word' id='word_1_110' title='bbox 1147 745 1213 787; x_wconf 82' lang='lat' dir='ltr'>legi</span> 
     </span>
     <span class='ocr_line' id='line_1_16' title="bbox 240 784 1213 824; baseline 0.003 -9"><span class='ocrx_word' id='word_1_111' title='bbox 240 784 410 815; x_wconf 79' lang='lat' dir='ltr'>satisfacit.</span> <span class='ocrx_word' id='word_1_112' title='bbox 458 784 534 815; x_wconf 87' lang='lat' dir='ltr'>ltem</span> <span class='ocrx_word' id='word_1_113' title='bbox 560 787 601 816; x_wconf 88' lang='lat' dir='ltr'>ad</span> <span class='ocrx_word' id='word_1_114' title='bbox 626 785 698 816; x_wconf 90' lang='lat' dir='ltr'>Gal.</span> <span class='ocrx_word' id='word_1_115' title='bbox 720 785 763 823; x_wconf 85' lang='grc'>[3,</span> <span class='ocrx_word' id='word_1_116' title='bbox 778 786 838 824; x_wconf 85' lang='grc'>13.]</span> <span class='ocrx_word' id='word_1_117' title='bbox 863 786 1014 818; x_wconf 81' lang='lat' dir='ltr'>Christus</span> <span class='ocrx_word' id='word_1_118' title='bbox 1037 798 1099 818; x_wconf 89' lang='grc'>1105</span> <span class='ocrx_word' id='word_1_119' title='bbox 1122 788 1213 818; x_wconf 82' lang='lat' dir='ltr'>rede-</span> 
     </span>
     <span class='ocr_line' id='line_1_17' title="bbox 240 826 1212 869; baseline 0.004 -13"><span class='ocrx_word' id='word_1_120' title='bbox 240 828 293 857; x_wconf 87' lang='lat' dir='ltr'>mit</span> <span class='ocrx_word' id='word_1_121' title='bbox 326 828 366 857; x_wconf 91' lang='lat' dir='ltr'>de</span> <span class='ocrx_word' id='word_1_122' title='bbox 395 826 569 857; x_wconf 82' lang='lat' dir='ltr'>maledicto</span> <span class='ocrx_word' id='word_1_123' title='bbox 600 827 701 869; x_wconf 76' lang='lat' dir='ltr'>legis,</span> <span class='ocrx_word' id='word_1_124' title='bbox 729 828 836 859; x_wconf 84' lang='lat' dir='ltr'>factus</span> <span class='ocrx_word' id='word_1_125' title='bbox 865 839 925 869; x_wconf 90' lang='lat' dir='ltr'>pro</span> <span class='ocrx_word' id='word_1_126' title='bbox 956 830 1050 860; x_wconf 88' lang='lat' dir='ltr'>nobis</span> <span class='ocrx_word' id='word_1_127' title='bbox 1081 828 1212 860; x_wconf 90' lang='lat' dir='ltr'>maledi-</span> 
     </span>
     <span class='ocr_line' id='line_1_18' title="bbox 240 868 1212 911; baseline 0.004 -13"><span class='ocrx_word' id='word_1_128' title='bbox 240 876 343 905; x_wconf 86' lang='lat' dir='ltr'>ctum,</span> <span class='ocrx_word' id='word_1_129' title='bbox 368 868 431 899; x_wconf 89' lang='lat' dir='ltr'>hoc</span> <span class='ocrx_word' id='word_1_130' title='bbox 455 876 520 899; x_wconf 82' lang='lat' dir='ltr'>est:</span> <span class='ocrx_word' id='word_1_131' title='bbox 553 869 634 904; x_wconf 86' lang='lat' dir='ltr'>Quia</span> <span class='ocrx_word' id='word_1_132' title='bbox 659 880 753 901; x_wconf 93' lang='grc'>1181110</span> <span class='ocrx_word' id='word_1_133' title='bbox 777 869 842 911; x_wconf 79' lang='lat' dir='ltr'>legi</span> <span class='ocrx_word' id='word_1_134' title='bbox 865 870 1042 909; x_wconf 76' lang='lat' dir='ltr'>satisfacit,</span> <span class='ocrx_word' id='word_1_135' title='bbox 1065 872 1137 902; x_wconf 90' lang='lat' dir='ltr'>ideo</span> <span class='ocrx_word' id='word_1_136' title='bbox 1159 870 1212 902; x_wconf 86' lang='lat' dir='ltr'>lex</span> 
     </span>
     <span class='ocr_line' id='line_1_19' title="bbox 239 912 1212 950; baseline 0.003 -10"><span class='ocrx_word' id='word_1_137' title='bbox 239 917 337 941; x_wconf 86' lang='lat' dir='ltr'>antea</span> <span class='ocrx_word' id='word_1_138' title='bbox 359 912 537 942; x_wconf 78' lang='lat' dir='ltr'>accusabat</span> <span class='ocrx_word' id='word_1_139' title='bbox 563 918 591 942; x_wconf 84' lang='lat' dir='ltr'>ct</span> <span class='ocrx_word' id='word_1_140' title='bbox 617 913 855 943; x_wconf 80' lang='lat' dir='ltr'>condemnabat</span> <span class='ocrx_word' id='word_1_141' title='bbox 873 923 1004 950; x_wconf 85' lang='lat' dir='ltr'>omnes;</span> <span class='ocrx_word' id='word_1_142' title='bbox 1033 924 1117 944; x_wconf 90' lang='lat' dir='ltr'>nunc</span> <span class='ocrx_word' id='word_1_143' title='bbox 1148 924 1212 944; x_wconf 87' lang='grc'>11011</span> 
     </span>
     <span class='ocr_line' id='line_1_20' title="bbox 239 954 1212 996; baseline 0.002 -13"><span class='ocrx_word' id='word_1_144' title='bbox 239 960 391 989; x_wconf 84' lang='grc'>30011531,</span> <span class='ocrx_word' id='word_1_145' title='bbox 424 963 489 983; x_wconf 81' lang='lat' dir='ltr'>non</span> <span class='ocrx_word' id='word_1_146' title='bbox 520 955 714 984; x_wconf 80' lang='lat' dir='ltr'>condemnat</span> <span class='ocrx_word' id='word_1_147' title='bbox 743 954 836 991; x_wconf 89' lang='lat' dir='ltr'>illos,</span> <span class='ocrx_word' id='word_1_148' title='bbox 870 957 924 996; x_wconf 92' lang='lat' dir='ltr'>qui</span> <span class='ocrx_word' id='word_1_149' title='bbox 959 966 1018 995; x_wconf 90' lang='lat' dir='ltr'>per</span> <span class='ocrx_word' id='word_1_150' title='bbox 1047 955 1212 987; x_wconf 76' lang='lat' dir='ltr'>Christum</span> 
     </span>
     <span class='ocr_line' id='line_1_21' title="bbox 239 994 1212 1038; baseline 0.002 -13"><span class='ocrx_word' id='word_1_151' title='bbox 239 994 439 1026; x_wconf 89' lang='lat' dir='ltr'>reconciliati</span> <span class='ocrx_word' id='word_1_152' title='bbox 470 1002 555 1026; x_wconf 85' lang='lat' dir='ltr'>sunt.</span> <span class='ocrx_word' id='word_1_153' title='bbox 603 996 674 1026; x_wconf 86' lang='lat' dir='ltr'>Hoc</span> <span class='ocrx_word' id='word_1_154' title='bbox 703 997 801 1038; x_wconf 80' lang='lat' dir='ltr'>igitur</span> <span class='ocrx_word' id='word_1_155' title='bbox 825 997 1019 1028; x_wconf 86' lang='lat' dir='ltr'>beneficium</span> <span class='ocrx_word' id='word_1_156' title='bbox 1042 1005 1091 1029; x_wconf 89' lang='lat' dir='ltr'>est</span> <span class='ocrx_word' id='word_1_157' title='bbox 1114 997 1212 1028; x_wconf 89' lang='lat' dir='ltr'>liber—</span> 
     </span>
     <span class='ocr_line' id='line_1_22' title="bbox 238 1038 1212 1080; baseline 0.002 -12"><span class='ocrx_word' id='word_1_158' title='bbox 238 1038 331 1074; x_wconf 88' lang='grc'>13115,</span> <span class='ocrx_word' id='word_1_159' title='bbox 373 1038 460 1078; x_wconf 89' lang='lat' dir='ltr'>quod</span> <span class='ocrx_word' id='word_1_160' title='bbox 496 1039 717 1069; x_wconf 81' lang='lat' dir='ltr'>conscientiae</span> <span class='ocrx_word' id='word_1_161' title='bbox 751 1046 891 1080; x_wconf 78' lang='lat' dir='ltr'>possunt</span> <span class='ocrx_word' id='word_1_162' title='bbox 931 1039 1053 1071; x_wconf 87' lang='lat' dir='ltr'>habere</span> <span class='ocrx_word' id='word_1_163' title='bbox 1087 1041 1212 1070; x_wconf 82' lang='lat' dir='ltr'>firmam</span> 
     </span>
     <span class='ocr_line' id='line_1_23' title="bbox 238 1078 1212 1122; baseline 0.001 -12"><span class='ocrx_word' id='word_1_164' title='bbox 238 1078 510 1117; x_wconf 74' lang='lat' dir='ltr'>consolationem,</span> <span class='ocrx_word' id='word_1_165' title='bbox 534 1091 606 1111; x_wconf 91' lang='lat' dir='ltr'>cum</span> <span class='ocrx_word' id='word_1_166' title='bbox 629 1080 813 1122; x_wconf 86' lang='lat' dir='ltr'>intelligunt</span> <span class='ocrx_word' id='word_1_167' title='bbox 836 1083 938 1122; x_wconf 82' lang='lat' dir='ltr'>gratis</span> <span class='ocrx_word' id='word_1_168' title='bbox 963 1083 1077 1113; x_wconf 87' lang='lat' dir='ltr'>donari</span> <span class='ocrx_word' id='word_1_169' title='bbox 1101 1083 1212 1112; x_wconf 84' lang='lat' dir='ltr'>remis—</span> 
     </span>
     <span class='ocr_line' id='line_1_24' title="bbox 238 1123 1213 1165; baseline 0.002 -13"><span class='ocrx_word' id='word_1_170' title='bbox 238 1123 364 1153; x_wconf 84' lang='lat' dir='ltr'>sionem</span> <span class='ocrx_word' id='word_1_171' title='bbox 387 1129 611 1163; x_wconf 81' lang='lat' dir='ltr'>peccatorum3</span> <span class='ocrx_word' id='word_1_172' title='bbox 633 1124 707 1153; x_wconf 90' lang='lat' dir='ltr'>item</span> <span class='ocrx_word' id='word_1_173' title='bbox 731 1123 863 1164; x_wconf 85' lang='lat' dir='ltr'>placere</span> <span class='ocrx_word' id='word_1_174' title='bbox 885 1125 989 1154; x_wconf 85' lang='lat' dir='ltr'>iustos</span> <span class='ocrx_word' id='word_1_175' title='bbox 1012 1134 1072 1165; x_wconf 90' lang='lat' dir='ltr'>per</span> <span class='ocrx_word' id='word_1_176' title='bbox 1089 1124 1213 1155; x_wconf 89' lang='lat' dir='ltr'>miseri-</span> 
     </span>
     <span class='ocr_line' id='line_1_25' title="bbox 239 1165 1213 1207; baseline 0.002 -12"><span class='ocrx_word' id='word_1_177' title='bbox 239 1165 397 1201; x_wconf 84' lang='lat' dir='ltr'>cordiam,</span> <span class='ocrx_word' id='word_1_178' title='bbox 432 1165 558 1195; x_wconf 85' lang='lat' dir='ltr'>etiamsi</span> <span class='ocrx_word' id='word_1_179' title='bbox 592 1166 623 1195; x_wconf 92' lang='lat' dir='ltr'>in</span> <span class='ocrx_word' id='word_1_180' title='bbox 657 1167 704 1195; x_wconf 87' lang='lat' dir='ltr'>eis</span> <span class='ocrx_word' id='word_1_181' title='bbox 733 1166 840 1196; x_wconf 89' lang='lat' dir='ltr'>adhuc</span> <span class='ocrx_word' id='word_1_182' title='bbox 867 1165 1025 1197; x_wconf 81' lang='lat' dir='ltr'>haereant</span> <span class='ocrx_word' id='word_1_183' title='bbox 1058 1165 1213 1207; x_wconf 83' lang='lat' dir='ltr'>reliquiae</span> 
     </span>
     <span class='ocr_line' id='line_1_26' title="bbox 237 1206 1211 1250; baseline 0.002 -13"><span class='ocrx_word' id='word_1_184' title='bbox 237 1208 383 1248; x_wconf 85' lang='lat' dir='ltr'>peccati,</span> <span class='ocrx_word' id='word_1_185' title='bbox 412 1217 473 1237; x_wconf 89' lang='lat' dir='ltr'>nec</span> <span class='ocrx_word' id='word_1_186' title='bbox 502 1206 566 1247; x_wconf 88' lang='lat' dir='ltr'>legi</span> <span class='ocrx_word' id='word_1_187' title='bbox 595 1206 809 1239; x_wconf 75' lang='lat' dir='ltr'>satisfaciant.</span> <span class='ocrx_word' id='word_1_188' title='bbox 855 1209 910 1240; x_wconf 85' lang='lat' dir='ltr'>Sic</span> <span class='ocrx_word' id='word_1_189' title='bbox 938 1209 1036 1250; x_wconf 81' lang='lat' dir='ltr'>igitur</span> <span class='ocrx_word' id='word_1_190' title='bbox 1064 1215 1133 1239; x_wconf 87' lang='lat' dir='ltr'>tota</span> <span class='ocrx_word' id='word_1_191' title='bbox 1155 1208 1211 1239; x_wconf 89' lang='lat' dir='ltr'>lex</span> 
     </span>
     <span class='ocr_line' id='line_1_27' title="bbox 237 1249 1212 1292; baseline 0 -12"><span class='ocrx_word' id='word_1_192' title='bbox 237 1250 398 1291; x_wconf 84' lang='lat' dir='ltr'>abrogata</span> <span class='ocrx_word' id='word_1_193' title='bbox 427 1256 494 1286; x_wconf 90' lang='lat' dir='ltr'>est,</span> <span class='ocrx_word' id='word_1_194' title='bbox 528 1256 561 1280; x_wconf 91' lang='lat' dir='ltr'>ut</span> <span class='ocrx_word' id='word_1_195' title='bbox 592 1261 611 1280; x_wconf 83' lang='lat' dir='ltr'>a</span> <span class='ocrx_word' id='word_1_196' title='bbox 640 1249 814 1281; x_wconf 82' lang='lat' dir='ltr'>maledicto</span> <span class='ocrx_word' id='word_1_197' title='bbox 846 1251 944 1281; x_wconf 89' lang='lat' dir='ltr'>totius</span> <span class='ocrx_word' id='word_1_198' title='bbox 974 1250 1060 1292; x_wconf 82' lang='lat' dir='ltr'>legis</span> <span class='ocrx_word' id='word_1_199' title='bbox 1083 1250 1212 1282; x_wconf 90' lang='lat' dir='ltr'>liberati</span> 
     </span>
     <span class='ocr_line' id='line_1_28' title="bbox 240 1291 1211 1334; baseline 0.002 -13"><span class='ocrx_word' id='word_1_200' title='bbox 240 1292 358 1329; x_wconf 88' lang='lat' dir='ltr'>simus,</span> <span class='ocrx_word' id='word_1_201' title='bbox 389 1298 418 1322; x_wconf 85' lang='lat' dir='ltr'>et</span> <span class='ocrx_word' id='word_1_202' title='bbox 444 1291 509 1322; x_wconf 87' lang='lat' dir='ltr'>alia</span> <span class='ocrx_word' id='word_1_203' title='bbox 532 1302 586 1322; x_wconf 88' lang='lat' dir='ltr'>res</span> <span class='ocrx_word' id='word_1_204' title='bbox 609 1294 779 1332; x_wconf 86' lang='lat' dir='ltr'>proposita</span> <span class='ocrx_word' id='word_1_205' title='bbox 797 1294 839 1323; x_wconf 87' lang='lat' dir='ltr'>sit</span> <span class='ocrx_word' id='word_1_206' title='bbox 862 1294 903 1324; x_wconf 89' lang='lat' dir='ltr'>ad</span> <span class='ocrx_word' id='word_1_207' title='bbox 927 1293 1144 1334; x_wconf 85' lang='lat' dir='ltr'>quaerendam</span> <span class='ocrx_word' id='word_1_208' title='bbox 1167 1293 1211 1323; x_wconf 90' lang='lat' dir='ltr'>iu-</span> 
     </span>
     <span class='ocr_line' id='line_1_29' title="bbox 239 1334 1212 1371; baseline 0 -6"><span class='ocrx_word' id='word_1_209' title='bbox 239 1335 486 1371; x_wconf 84' lang='lat' dir='ltr'>stificationem,</span> <span class='ocrx_word' id='word_1_210' title='bbox 515 1341 547 1364; x_wconf 90' lang='lat' dir='ltr'>ut</span> <span class='ocrx_word' id='word_1_211' title='bbox 579 1334 764 1366; x_wconf 82' lang='lat' dir='ltr'>iustificatio</span> <span class='ocrx_word' id='word_1_212' title='bbox 796 1341 887 1366; x_wconf 88' lang='lat' dir='ltr'>certa</span> <span class='ocrx_word' id='word_1_213' title='bbox 916 1336 969 1365; x_wconf 86' lang='lat' dir='ltr'>sit.</span> <span class='ocrx_word' id='word_1_214' title='bbox 1015 1336 1081 1367; x_wconf 86' lang='lat' dir='ltr'>Sed</span> <span class='ocrx_word' id='word_1_215' title='bbox 1105 1341 1212 1366; x_wconf 88' lang='lat' dir='ltr'>tamen</span> 
     </span>
     <span class='ocr_line' id='line_1_30' title="bbox 238 1375 1212 1418; baseline 0 -11"><span class='ocrx_word' id='word_1_216' title='bbox 238 1383 344 1408; x_wconf 88' lang='lat' dir='ltr'>manet</span> <span class='ocrx_word' id='word_1_217' title='bbox 369 1375 422 1407; x_wconf 76' lang='lat' dir='ltr'>lex</span> <span class='ocrx_word' id='word_1_218' title='bbox 451 1375 601 1413; x_wconf 78' lang='lat' dir='ltr'>moralis,</span> <span class='ocrx_word' id='word_1_219' title='bbox 636 1378 723 1418; x_wconf 91' lang='lat' dir='ltr'>quod</span> <span class='ocrx_word' id='word_1_220' title='bbox 761 1378 802 1408; x_wconf 90' lang='lat' dir='ltr'>ad</span> <span class='ocrx_word' id='word_1_221' title='bbox 833 1378 1052 1408; x_wconf 72' lang='lat' dir='ltr'>obedientiam</span> <span class='ocrx_word' id='word_1_222' title='bbox 1088 1378 1212 1414; x_wconf 88' lang='lat' dir='ltr'>attinet,</span> 
     </span>
     <span class='ocr_line' id='line_1_31' title="bbox 238 1418 1213 1460; baseline 0 -11"><span class='ocrx_word' id='word_1_223' title='bbox 238 1420 314 1460; x_wconf 89' lang='lat' dir='ltr'>quia</span> <span class='ocrx_word' id='word_1_224' title='bbox 337 1425 426 1449; x_wconf 78' lang='lat' dir='ltr'>certe</span> <span class='ocrx_word' id='word_1_225' title='bbox 437 1418 652 1459; x_wconf 80' lang='lat' dir='ltr'>Evangelium</span> <span class='ocrx_word' id='word_1_226' title='bbox 676 1420 805 1450; x_wconf 80' lang='lat' dir='ltr'>subiicit</span> <span class='ocrx_word' id='word_1_227' title='bbox 829 1430 890 1450; x_wconf 87' lang='lat' dir='ltr'>nos</span> <span class='ocrx_word' id='word_1_228' title='bbox 910 1420 1113 1450; x_wconf 79' lang='lat' dir='ltr'>obedientiae</span> <span class='ocrx_word' id='word_1_229' title='bbox 1133 1429 1213 1459; x_wconf 87' lang='lat' dir='ltr'>erga</span> 
     </span>
     <span class='ocr_line' id='line_1_32' title="bbox 237 1461 1213 1503; baseline 0.001 -12"><span class='ocrx_word' id='word_1_230' title='bbox 237 1461 354 1492; x_wconf 90' lang='lat' dir='ltr'>Deum.</span> <span class='ocrx_word' id='word_1_231' title='bbox 383 1461 423 1491; x_wconf 90' lang='lat' dir='ltr'>Et</span> <span class='ocrx_word' id='word_1_232' title='bbox 448 1461 611 1503; x_wconf 86' lang='lat' dir='ltr'>quomodo</span> <span class='ocrx_word' id='word_1_233' title='bbox 636 1461 718 1492; x_wconf 86' lang='lat' dir='ltr'>haec</span> <span class='ocrx_word' id='word_1_234' title='bbox 742 1462 927 1492; x_wconf 85' lang='lat' dir='ltr'>obedientia</span> <span class='ocrx_word' id='word_1_235' title='bbox 949 1461 1090 1503; x_wconf 86' lang='lat' dir='ltr'>placeat,</span> <span class='ocrx_word' id='word_1_236' title='bbox 1113 1471 1213 1501; x_wconf 83' lang='lat' dir='ltr'>saepe</span> 
     </span>
     <span class='ocr_line' id='line_1_33' title="bbox 238 1502 1213 1538; baseline -0.003 -2"><span class='ocrx_word' id='word_1_237' title='bbox 238 1506 300 1536; x_wconf 88' lang='lat' dir='ltr'>iam</span> <span class='ocrx_word' id='word_1_238' title='bbox 320 1504 440 1535; x_wconf 90' lang='lat' dir='ltr'>dictum</span> <span class='ocrx_word' id='word_1_239' title='bbox 464 1510 524 1534; x_wconf 85' lang='lat' dir='ltr'>est.</span> <span class='ocrx_word' id='word_1_240' title='bbox 572 1502 682 1538; x_wconf 87' lang='lat' dir='ltr'>Quare</span> <span class='ocrx_word' id='word_1_241' title='bbox 705 1510 811 1535; x_wconf 90' lang='lat' dir='ltr'>autem</span> <span class='ocrx_word' id='word_1_242' title='bbox 834 1514 972 1535; x_wconf 75' lang='lat' dir='ltr'>necesse</span> <span class='ocrx_word' id='word_1_243' title='bbox 1000 1505 1042 1535; x_wconf 88' lang='lat' dir='ltr'>sit</span> <span class='ocrx_word' id='word_1_244' title='bbox 1072 1504 1213 1534; x_wconf 90' lang='lat' dir='ltr'>retinere</span> 
     </span>
     <span class='ocr_line' id='line_1_34' title="bbox 237 1545 1214 1588; baseline -0.003 -10"><span class='ocrx_word' id='word_1_245' title='bbox 237 1546 346 1588; x_wconf 86' lang='lat' dir='ltr'>legem</span> <span class='ocrx_word' id='word_1_246' title='bbox 372 1545 548 1583; x_wconf 79' lang='lat' dir='ltr'>moralem,</span> <span class='ocrx_word' id='word_1_247' title='bbox 583 1546 670 1586; x_wconf 89' lang='lat' dir='ltr'>quod</span> <span class='ocrx_word' id='word_1_248' title='bbox 700 1547 742 1577; x_wconf 89' lang='lat' dir='ltr'>ad</span> <span class='ocrx_word' id='word_1_249' title='bbox 772 1547 989 1577; x_wconf 84' lang='lat' dir='ltr'>obedientiam</span> <span class='ocrx_word' id='word_1_250' title='bbox 1019 1547 1151 1582; x_wconf 75' lang='lat' dir='ltr'>attinet,</span> <span class='ocrx_word' id='word_1_251' title='bbox 1182 1551 1214 1576; x_wconf 88' lang='lat' dir='ltr'>et</span> 
     </span>
     <span class='ocr_line' id='line_1_35' title="bbox 239 1586 1214 1621; baseline -0.003 -1"><span class='ocrx_word' id='word_1_252' title='bbox 239 1596 374 1621; x_wconf 87' lang='lat' dir='ltr'>econtra</span> <span class='ocrx_word' id='word_1_253' title='bbox 411 1587 509 1619; x_wconf 87' lang='lat' dir='ltr'>liceat</span> <span class='ocrx_word' id='word_1_254' title='bbox 548 1589 695 1619; x_wconf 87' lang='lat' dir='ltr'>omittere</span> <span class='ocrx_word' id='word_1_255' title='bbox 734 1589 935 1620; x_wconf 86' lang='lat' dir='ltr'>ceremonias</span> <span class='ocrx_word' id='word_1_256' title='bbox 975 1595 1006 1619; x_wconf 90' lang='lat' dir='ltr'>et</span> <span class='ocrx_word' id='word_1_257' title='bbox 1051 1586 1214 1619; x_wconf 88' lang='lat' dir='ltr'>iudicialia</span> 
     </span>
     <span class='ocr_line' id='line_1_36' title="bbox 237 1630 718 1673; baseline -0.002 -11"><span class='ocrx_word' id='word_1_258' title='bbox 237 1631 358 1673; x_wconf 82' lang='lat' dir='ltr'>Moysi,</span> <span class='ocrx_word' id='word_1_259' title='bbox 380 1630 478 1672; x_wconf 88' lang='lat' dir='ltr'>paulo</span> <span class='ocrx_word' id='word_1_260' title='bbox 503 1637 577 1671; x_wconf 84' lang='lat' dir='ltr'>post</span> <span class='ocrx_word' id='word_1_261' title='bbox 602 1631 718 1661; x_wconf 88' lang='lat' dir='ltr'>dicam.</span> 
     </span>
    </p>

    <p class='ocr_par' dir='ltr' id='par_1_3' title="bbox 237 1671 1215 2127">
     <span class='ocr_line' id='line_1_37' title="bbox 325 1671 1213 1715; baseline -0.002 -11"><span class='ocrx_word' id='word_1_262' title='bbox 325 1673 529 1715; x_wconf 74' lang='lat' dir='ltr'>Augustinus</span> <span class='ocrx_word' id='word_1_263' title='bbox 559 1671 750 1714; x_wconf 89' lang='lat' dir='ltr'>plerumque</span> <span class='ocrx_word' id='word_1_264' title='bbox 779 1674 828 1704; x_wconf 75' lang='lat' dir='ltr'>sic</span> <span class='ocrx_word' id='word_1_265' title='bbox 856 1678 983 1704; x_wconf 85' lang='lat' dir='ltr'>tractat.</span> <span class='ocrx_word' id='word_1_266' title='bbox 1029 1672 1108 1703; x_wconf 91' lang='lat' dir='ltr'>lusti</span> <span class='ocrx_word' id='word_1_267' title='bbox 1137 1678 1213 1702; x_wconf 89' lang='lat' dir='ltr'>sunt</span> 
     </span>
     <span class='ocr_line' id='line_1_38' title="bbox 237 1713 1212 1757; baseline -0.002 -11"><span class='ocrx_word' id='word_1_268' title='bbox 237 1715 331 1747; x_wconf 86' lang='lat' dir='ltr'>liberi</span> <span class='ocrx_word' id='word_1_269' title='bbox 353 1726 373 1746; x_wconf 90' lang='lat' dir='ltr'>a</span> <span class='ocrx_word' id='word_1_270' title='bbox 396 1715 482 1757; x_wconf 84' lang='lat' dir='ltr'>lege,</span> <span class='ocrx_word' id='word_1_271' title='bbox 506 1716 580 1756; x_wconf 90' lang='lat' dir='ltr'>quia</span> <span class='ocrx_word' id='word_1_272' title='bbox 609 1722 746 1756; x_wconf 87' lang='lat' dir='ltr'>accepto</span> <span class='ocrx_word' id='word_1_273' title='bbox 770 1715 893 1756; x_wconf 85' lang='lat' dir='ltr'>Spiritu</span> <span class='ocrx_word' id='word_1_274' title='bbox 921 1720 1036 1745; x_wconf 88' lang='lat' dir='ltr'>sancto</span> <span class='ocrx_word' id='word_1_275' title='bbox 1065 1713 1152 1745; x_wconf 88' lang='lat' dir='ltr'>ultro</span> <span class='ocrx_word' id='word_1_276' title='bbox 1167 1716 1212 1749; x_wconf 76' lang='lat'>⁵⁶)</span> 
     </span>
     <span class='ocr_line' id='line_1_39' title="bbox 239 1756 1213 1799; baseline -0.003 -10"><span class='ocrx_word' id='word_1_277' title='bbox 239 1758 361 1789; x_wconf 87' lang='lat' dir='ltr'>faciunt</span> <span class='ocrx_word' id='word_1_278' title='bbox 386 1768 442 1795; x_wconf 89' lang='lat' dir='ltr'>ea,</span> <span class='ocrx_word' id='word_1_279' title='bbox 466 1767 551 1798; x_wconf 88' lang='lat' dir='ltr'>quae</span> <span class='ocrx_word' id='word_1_280' title='bbox 573 1756 626 1788; x_wconf 78' lang='lat' dir='ltr'>lex</span> <span class='ocrx_word' id='word_1_281' title='bbox 650 1759 817 1799; x_wconf 86' lang='lat' dir='ltr'>praecipit.</span> <span class='ocrx_word' id='word_1_282' title='bbox 862 1758 954 1788; x_wconf 88' lang='lat' dir='ltr'>Haec</span> <span class='ocrx_word' id='word_1_283' title='bbox 977 1757 1138 1788; x_wconf 84' lang='lat' dir='ltr'>sententia</span> <span class='ocrx_word' id='word_1_284' title='bbox 1168 1757 1213 1786; x_wconf 93' lang='lat' dir='ltr'>vi-</span> 
     </span>
     <span class='ocr_line' id='line_1_40' title="bbox 239 1798 1213 1842; baseline -0.003 -11"><span class='ocrx_word' id='word_1_285' title='bbox 239 1802 333 1832; x_wconf 89' lang='lat' dir='ltr'>detur</span> <span class='ocrx_word' id='word_1_286' title='bbox 357 1806 478 1831; x_wconf 88' lang='lat' dir='ltr'>tantum</span> <span class='ocrx_word' id='word_1_287' title='bbox 503 1800 543 1830; x_wconf 86' lang='lat' dir='ltr'>de</span> <span class='ocrx_word' id='word_1_288' title='bbox 568 1801 714 1831; x_wconf 88' lang='lat' dir='ltr'>secundo</span> <span class='ocrx_word' id='word_1_289' title='bbox 732 1801 836 1842; x_wconf 85' lang='lat' dir='ltr'>gradu</span> <span class='ocrx_word' id='word_1_290' title='bbox 847 1799 1006 1830; x_wconf 84' lang='lat' dir='ltr'>libertatis</span> <span class='ocrx_word' id='word_1_291' title='bbox 1023 1798 1124 1839; x_wconf 88' lang='lat' dir='ltr'>loqui,</span> <span class='ocrx_word' id='word_1_292' title='bbox 1147 1808 1213 1828; x_wconf 89' lang='lat' dir='ltr'>non</span> 
     </span>
     <span class='ocr_line' id='line_1_41' title="bbox 239 1839 1213 1884; baseline -0.003 -11"><span class='ocrx_word' id='word_1_293' title='bbox 239 1844 315 1874; x_wconf 85' lang='lat' dir='ltr'>dicit</span> <span class='ocrx_word' id='word_1_294' title='bbox 341 1842 429 1873; x_wconf 88' lang='lat' dir='ltr'>clare</span> <span class='ocrx_word' id='word_1_295' title='bbox 452 1843 492 1872; x_wconf 90' lang='lat' dir='ltr'>de</span> <span class='ocrx_word' id='word_1_296' title='bbox 515 1843 618 1882; x_wconf 91' lang='lat' dir='ltr'>primo</span> <span class='ocrx_word' id='word_1_297' title='bbox 643 1843 763 1884; x_wconf 82' lang='lat' dir='ltr'>gradu,</span> <span class='ocrx_word' id='word_1_298' title='bbox 789 1843 829 1873; x_wconf 87' lang='lat' dir='ltr'>de</span> <span class='ocrx_word' id='word_1_299' title='bbox 859 1852 924 1883; x_wconf 92' lang='lat' dir='ltr'>quo</span> <span class='ocrx_word' id='word_1_300' title='bbox 947 1842 1085 1872; x_wconf 76' lang='lat' dir='ltr'>maxime</span> <span class='ocrx_word' id='word_1_301' title='bbox 1113 1839 1213 1871; x_wconf 86' lang='lat' dir='ltr'>refert</span> 
     </span>
     <span class='ocr_line' id='line_1_42' title="bbox 240 1882 1214 1925; baseline -0.003 -10"><span class='ocrx_word' id='word_1_302' title='bbox 240 1886 349 1916; x_wconf 82' lang='lat' dir='ltr'>doceri</span> <span class='ocrx_word' id='word_1_303' title='bbox 375 1886 612 1920; x_wconf 80' lang='lat' dir='ltr'>conscientias3</span> <span class='ocrx_word' id='word_1_304' title='bbox 636 1883 776 1921; x_wconf 87' lang='lat' dir='ltr'>scilicet,</span> <span class='ocrx_word' id='word_1_305' title='bbox 800 1885 888 1925; x_wconf 91' lang='lat' dir='ltr'>quod</span> <span class='ocrx_word' id='word_1_306' title='bbox 910 1884 992 1914; x_wconf 89' lang='lat' dir='ltr'>haec</span> <span class='ocrx_word' id='word_1_307' title='bbox 1011 1883 1053 1913; x_wconf 86' lang='lat' dir='ltr'>sit</span> <span class='ocrx_word' id='word_1_308' title='bbox 1064 1882 1214 1919; x_wconf 75' lang='lat' dir='ltr'>libertas,</span> 
     </span>
     <span class='ocr_line' id='line_1_43' title="bbox 241 1925 1212 1969; baseline -0.004 -11"><span class='ocrx_word' id='word_1_309' title='bbox 241 1928 343 1969; x_wconf 84' lang='lat' dir='ltr'>gratis</span> <span class='ocrx_word' id='word_1_310' title='bbox 378 1927 490 1957; x_wconf 89' lang='lat' dir='ltr'>donari</span> <span class='ocrx_word' id='word_1_311' title='bbox 525 1928 748 1957; x_wconf 69' lang='lat' dir='ltr'>remissionem</span> <span class='ocrx_word' id='word_1_312' title='bbox 782 1932 1009 1967; x_wconf 88' lang='lat' dir='ltr'>peccatorum,</span> <span class='ocrx_word' id='word_1_313' title='bbox 1043 1931 1074 1955; x_wconf 89' lang='lat' dir='ltr'>et</span> <span class='ocrx_word' id='word_1_314' title='bbox 1108 1925 1212 1955; x_wconf 87' lang='lat' dir='ltr'>iustos</span> 
     </span>
     <span class='ocr_line' id='line_1_44' title="bbox 238 1966 1214 2012; baseline -0.003 -12"><span class='ocrx_word' id='word_1_315' title='bbox 238 1969 370 2012; x_wconf 89' lang='lat' dir='ltr'>placere</span> <span class='ocrx_word' id='word_1_316' title='bbox 394 1972 504 2003; x_wconf 60' lang='lat' dir='ltr'>nem-⁵⁷)</span> <span class='ocrx_word' id='word_1_317' title='bbox 525 1971 651 2000; x_wconf 86' lang='lat' dir='ltr'>tametsi</span> <span class='ocrx_word' id='word_1_318' title='bbox 671 1968 735 2010; x_wconf 85' lang='lat' dir='ltr'>legi</span> <span class='ocrx_word' id='word_1_319' title='bbox 759 1980 824 1999; x_wconf 92' lang='lat' dir='ltr'>non</span> <span class='ocrx_word' id='word_1_320' title='bbox 841 1967 1056 1999; x_wconf 83' lang='lat' dir='ltr'>satisfaciant.</span> <span class='ocrx_word' id='word_1_321' title='bbox 1085 1966 1214 1997; x_wconf 85' lang='lat' dir='ltr'>Deinde</span> 
     </span>
     <span class='ocr_line' id='line_1_45' title="bbox 239 2008 1214 2048; baseline -0.005 -5"><span class='ocrx_word' id='word_1_322' title='bbox 239 2023 312 2043; x_wconf 86' lang='lat' dir='ltr'>meo</span> <span class='ocrx_word' id='word_1_323' title='bbox 336 2012 453 2042; x_wconf 75' lang='lat' dir='ltr'>iudicio</span> <span class='ocrx_word' id='word_1_324' title='bbox 477 2013 558 2043; x_wconf 81' lang='lat' dir='ltr'>satis</span> <span class='ocrx_word' id='word_1_325' title='bbox 583 2013 787 2042; x_wconf 89' lang='lat' dir='ltr'>commodum</span> <span class='ocrx_word' id='word_1_326' title='bbox 812 2017 873 2048; x_wconf 86' lang='lat' dir='ltr'>est,</span> <span class='ocrx_word' id='word_1_327' title='bbox 896 2011 937 2041; x_wconf 91' lang='lat' dir='ltr'>de</span> <span class='ocrx_word' id='word_1_328' title='bbox 961 2009 1146 2041; x_wconf 90' lang='lat' dir='ltr'>obedientia</span> <span class='ocrx_word' id='word_1_329' title='bbox 1167 2008 1214 2039; x_wconf 91' lang='lat' dir='ltr'>lo-</span> 
     </span>
     <span class='ocr_line' id='line_1_46' title="bbox 240 2051 1215 2096; baseline -0.004 -11"><span class='ocrx_word' id='word_1_330' title='bbox 240 2057 294 2096; x_wconf 90' lang='lat' dir='ltr'>qui</span> <span class='ocrx_word' id='word_1_331' title='bbox 320 2056 461 2092; x_wconf 69' lang='grc' dir='ltr'>νομικῶς,</span> <span class='ocrx_word' id='word_1_332' title='bbox 485 2055 572 2095; x_wconf 89' lang='lat' dir='ltr'>quod</span> <span class='ocrx_word' id='word_1_333' title='bbox 596 2060 725 2084; x_wconf 86' lang='lat' dir='ltr'>maneat</span> <span class='ocrx_word' id='word_1_334' title='bbox 746 2052 800 2083; x_wconf 87' lang='lat' dir='ltr'>lex</span> <span class='ocrx_word' id='word_1_335' title='bbox 823 2053 910 2094; x_wconf 88' lang='lat' dir='ltr'>quod</span> <span class='ocrx_word' id='word_1_336' title='bbox 933 2053 975 2083; x_wconf 91' lang='lat' dir='ltr'>ad</span> <span class='ocrx_word' id='word_1_337' title='bbox 999 2051 1215 2082; x_wconf 86' lang='lat' dir='ltr'>obedientiam</span> 
     </span>
     <span class='ocr_line' id='line_1_47' title="bbox 239 2103 363 2127; baseline -0.016 0"><span class='ocrx_word' id='word_1_338' title='bbox 239 2103 363 2127; x_wconf 79' lang='lat' dir='ltr'>attinet.</span> 
     </span>
    </p>

    <p class='ocr_par' dir='ltr' id='par_1_4' title="bbox 241 2135 1215 2264">
     <span class='ocr_line' id='line_1_48' title="bbox 326 2135 1215 2179; baseline -0.004 -10"><span class='ocrx_word' id='word_1_339' title='bbox 326 2139 381 2169; x_wconf 87' lang='lat' dir='ltr'>Sic</span> <span class='ocrx_word' id='word_1_340' title='bbox 403 2140 580 2179; x_wconf 83' lang='lat' dir='ltr'>accipiatur</span> <span class='ocrx_word' id='word_1_341' title='bbox 603 2144 633 2168; x_wconf 90' lang='lat' dir='ltr'>et</span> <span class='ocrx_word' id='word_1_342' title='bbox 656 2137 739 2168; x_wconf 86' lang='lat' dir='ltr'>haec</span> <span class='ocrx_word' id='word_1_343' title='bbox 762 2137 923 2167; x_wconf 85' lang='lat' dir='ltr'>sententia</span> <span class='ocrx_word' id='word_1_344' title='bbox 946 2135 1037 2167; x_wconf 87' lang='lat' dir='ltr'>Pauli</span> <span class='ocrx_word' id='word_1_345' title='bbox 1067 2136 1111 2174; x_wconf 91' lang='lat' dir='ltr'>[l.</span> <span class='ocrx_word' id='word_1_346' title='bbox 1135 2135 1215 2165; x_wconf 87' lang='lat' dir='ltr'>Tim.</span> 
     </span>
     <span class='ocr_line' id='line_1_49' title="bbox 243 2178 1214 2220; baseline -0.004 -9"><span class='ocrx_word' id='word_1_347' title='bbox 243 2181 342 2218; x_wconf 79' lang='lat' dir='ltr'>1,S.1:</span> <span class='ocrx_word' id='word_1_348' title='bbox 372 2181 465 2211; x_wconf 86' lang='lat' dir='ltr'>Bona</span> <span class='ocrx_word' id='word_1_349' title='bbox 488 2188 536 2211; x_wconf 87' lang='grc'>851</span> <span class='ocrx_word' id='word_1_350' title='bbox 561 2180 630 2217; x_wconf 79' lang='lat' dir='ltr'>lex,</span> <span class='ocrx_word' id='word_1_351' title='bbox 654 2180 681 2209; x_wconf 83' lang='lat' dir='ltr'>si</span> <span class='ocrx_word' id='word_1_352' title='bbox 705 2180 779 2220; x_wconf 80' lang='lat' dir='ltr'>quis</span> <span class='ocrx_word' id='word_1_353' title='bbox 801 2178 943 2219; x_wconf 67' lang='lat' dir='ltr'>legitime</span> <span class='ocrx_word' id='word_1_354' title='bbox 966 2179 1082 2214; x_wconf 84' lang='lat' dir='ltr'>utitur,</span> <span class='ocrx_word' id='word_1_355' title='bbox 1106 2178 1214 2207; x_wconf 89' lang='lat' dir='ltr'>sciens</span> 
     </span>
     <span class='ocr_line' id='line_1_50' title="bbox 241 2220 1213 2264; baseline -0.005 -10"><span class='ocrx_word' id='word_1_356' title='bbox 241 2224 328 2264; x_wconf 89' lang='lat' dir='ltr'>quod</span> <span class='ocrx_word' id='word_1_357' title='bbox 352 2224 436 2253; x_wconf 81' lang='lat' dir='ltr'>iusto</span> <span class='ocrx_word' id='word_1_358' title='bbox 462 2234 525 2254; x_wconf 89' lang='lat' dir='ltr'>non</span> <span class='ocrx_word' id='word_1_359' title='bbox 548 2224 678 2264; x_wconf 85' lang='lat' dir='ltr'>ponitur</span> <span class='ocrx_word' id='word_1_360' title='bbox 699 2221 765 2259; x_wconf 77' lang='lat' dir='ltr'>lex,</span> <span class='ocrx_word' id='word_1_361' title='bbox 788 2222 1046 2259; x_wconf 70' lang='grc'>581110111510,·”8)</span> <span class='ocrx_word' id='word_1_362' title='bbox 1069 2220 1133 2250; x_wconf 91' lang='lat' dir='ltr'>hoc</span> <span class='ocrx_word' id='word_1_363' title='bbox 1147 2225 1213 2250; x_wconf 82' lang='lat' dir='ltr'>est:</span> 
     </span>
    </p>
   </div>
   <div class='ocr_carea' id='block_1_3' title="bbox 242 2384 982 2565">
    <p class='ocr_par' dir='ltr' id='par_1_5' title="bbox 242 2384 592 2414">
     <span class='ocr_line' id='line_1_51' title="bbox 242 2384 592 2414; baseline -0.009 -5"><span class='ocrx_word' id='word_1_364' title='bbox 242 2387 286 2411; x_wconf 66' lang='lat'>55)</span> <span class='ocrx_word' id='word_1_365' title='bbox 307 2384 385 2414; x_wconf 75' lang='lat' dir='ltr'>rei-tn]</span> <span class='ocrx_word' id='word_1_366' title='bbox 405 2384 446 2408; x_wconf 82' lang='lat' dir='ltr'>Ed.</span> <span class='ocrx_word' id='word_1_367' title='bbox 470 2385 505 2407; x_wconf 90' lang='grc'>11.</span> <span class='ocrx_word' id='word_1_368' title='bbox 526 2385 592 2407; x_wconf 79' lang='lat' dir='ltr'>certe</span> 
     </span>
    </p>

    <p class='ocr_par' dir='ltr' id='par_1_6' title="bbox 242 2434 590 2463">
     <span class='ocr_line' id='line_1_52' title="bbox 242 2434 590 2463; baseline -0.011 -3"><span class='ocrx_word' id='word_1_369' title='bbox 242 2437 287 2461; x_wconf 69' lang='grc'>56)</span> <span class='ocrx_word' id='word_1_370' title='bbox 308 2435 383 2463; x_wconf 63' lang='lat' dir='ltr'>ultro]</span> <span class='ocrx_word' id='word_1_371' title='bbox 404 2434 444 2458; x_wconf 72' lang='lat' dir='ltr'>Ed.</span> <span class='ocrx_word' id='word_1_372' title='bbox 468 2435 503 2457; x_wconf 86' lang='grc'>11.</span> <span class='ocrx_word' id='word_1_373' title='bbox 526 2434 590 2456; x_wconf 84' lang='grc'>111113</span> 
     </span>
    </p>

    <p class='ocr_par' dir='ltr' id='par_1_7' title="bbox 242 2480 915 2515">
     <span class='ocr_line' id='line_1_53' title="bbox 242 2480 915 2515; baseline -0.013 -4"><span class='ocrx_word' id='word_1_374' title='bbox 242 2487 286 2515; x_wconf 80' lang='grc'>57)</span> <span class='ocrx_word' id='word_1_375' title='bbox 306 2487 357 2510; x_wconf 81' lang='lat' dir='ltr'>Deo</span> <span class='ocrx_word' id='word_1_376' title='bbox 377 2483 487 2507; x_wconf 72' lang='lat' dir='ltr'>addunt</span> <span class='ocrx_word' id='word_1_377' title='bbox 506 2483 578 2507; x_wconf 74' lang='lat' dir='ltr'>Editt.</span> <span class='ocrx_word' id='word_1_378' title='bbox 597 2484 620 2506; x_wconf 91' lang='lat'>7.</span> <span class='ocrx_word' id='word_1_379' title='bbox 641 2483 664 2506; x_wconf 79' lang='lat'>8.</span> <span class='ocrx_word' id='word_1_380' title='bbox 686 2482 792 2505; x_wconf 76' lang='grc'>11-14.</span> <span class='ocrx_word' id='word_1_381' title='bbox 811 2483 837 2504; x_wconf 85' lang='lat' dir='ltr'>et</span> <span class='ocrx_word' id='word_1_382' title='bbox 855 2480 915 2509; x_wconf 79' lang='lat' dir='ltr'>Opp-</span> 
     </span>
    </p>

    <p class='ocr_par' dir='ltr' id='par_1_8' title="bbox 242 2529 982 2565">
     <span class='ocr_line' id='line_1_54' title="bbox 242 2529 982 2565; baseline -0.009 -5"><span class='ocrx_word' id='word_1_383' title='bbox 242 2538 287 2565; x_wconf 75' lang='lat'>58)</span> <span class='ocrx_word' id='word_1_384' title='bbox 308 2535 419 2565; x_wconf 75' lang='grc' dir='ltr'>11111151οΛ</span> <span class='ocrx_word' id='word_1_385' title='bbox 438 2534 509 2558; x_wconf 81' lang='lat' dir='ltr'>Editt.</span> <span class='ocrx_word' id='word_1_386' title='bbox 528 2534 549 2557; x_wconf 91' lang='lat'>7.</span> <span class='ocrx_word' id='word_1_387' title='bbox 568 2534 591 2555; x_wconf 71' lang='lat'>8.</span> <span class='ocrx_word' id='word_1_388' title='bbox 615 2533 719 2556; x_wconf 75' lang='lat'>11—14.</span> <span class='ocrx_word' id='word_1_389' title='bbox 739 2533 765 2555; x_wconf 86' lang='lat' dir='ltr'>et</span> <span class='ocrx_word' id='word_1_390' title='bbox 784 2532 856 2560; x_wconf 60' lang='lat' dir='ltr'>opp:</span> <span class='ocrx_word' id='word_1_391' title='bbox 875 2529 982 2558; x_wconf 80' lang='lat' dir='ltr'>iniustis,</span> 
     </span>
    </p>
   </div>
   <div class='ocr_carea' id='block_1_4' title="bbox 869 106 1598 140">
    <p class='ocr_par' dir='ltr' id='par_1_9' title="bbox 869 106 1598 140">
     <span class='ocr_line' id='line_1_55' title="bbox 869 106 1598 140; baseline 0.004 -4"><span class='ocrx_word' id='word_1_392' title='bbox 869 106 978 137; x_wconf 84' lang='lat' dir='ltr'>PnlL.</span> <span class='ocrx_word' id='word_1_393' title='bbox 1003 106 1104 137; x_wconf 76' lang='lat' dir='ltr'>MEL.</span> <span class='ocrx_word' id='word_1_394' title='bbox 1126 107 1309 138; x_wconf 82' lang='lat' dir='ltr'><strong>SCRIPTA</strong></span> <span class='ocrx_word' id='word_1_395' title='bbox 1328 108 1598 140; x_wconf 74' lang='lat' dir='ltr'>DOGMATIGA.</span> 
     </span>
    </p>
   </div>
   <div class='ocr_carea' id='block_1_5' title="bbox 2168 112 2231 144">
    <p class='ocr_par' dir='ltr' id='par_1_10' title="bbox 2168 112 2231 144">
     <span class='ocr_line' id='line_1_56' title="bbox 2168 112 2231 144; baseline 0 0"><span class='ocrx_word' id='word_1_396' title='bbox 2168 112 2231 144; x_wconf 81' lang='lat'>460</span> 
     </span>
    </p>
   </div>
   <div class='ocr_carea' id='block_1_6' title="bbox 1239 200 2227 247">
    <p class='ocr_par' dir='ltr' id='par_1_11' title="bbox 1239 200 2227 247">
     <span class='ocr_line' id='line_1_57' title="bbox 1239 200 2227 247; baseline 0.009 -18"><span class='ocrx_word' id='word_1_397' title='bbox 1239 200 1377 247; x_wconf 82' lang='grc' dir='ltr'>Ι0111013</span> <span class='ocrx_word' id='word_1_398' title='bbox 1405 200 1489 242; x_wconf 86' lang='lat' dir='ltr'>legis</span> <span class='ocrx_word' id='word_1_399' title='bbox 1518 200 1626 231; x_wconf 83' lang='lat' dir='ltr'>officia</span> <span class='ocrx_word' id='word_1_400' title='bbox 1640 203 1685 241; x_wconf 77' lang='lat'>³⁹)</span> <span class='ocrx_word' id='word_1_401' title='bbox 1713 204 1876 242; x_wconf 86' lang='lat' dir='ltr'>pertinent</span> <span class='ocrx_word' id='word_1_402' title='bbox 1899 205 1941 235; x_wconf 91' lang='lat' dir='ltr'>ad</span> <span class='ocrx_word' id='word_1_403' title='bbox 1968 206 2115 236; x_wconf 85' lang='lat' dir='ltr'>iniustos.</span> <span class='ocrx_word' id='word_1_404' title='bbox 2159 206 2227 238; x_wconf 79' lang='lat' dir='ltr'>Lex</span> 
     </span>
    </p>
   </div>
   <div class='ocr_carea' id='block_1_7' title="bbox 1256 243 2231 2387">
    <p class='ocr_par' dir='ltr' id='par_1_12' title="bbox 1256 243 2229 999">
     <span class='ocr_line' id='line_1_58' title="bbox 1261 243 2227 289; baseline 0.007 -17"><span class='ocrx_word' id='word_1_405' title='bbox 1261 249 1397 273; x_wconf 79' lang='lat' dir='ltr'>accusat</span> <span class='ocrx_word' id='word_1_406' title='bbox 1427 249 1457 273; x_wconf 87' lang='lat' dir='ltr'>et</span> <span class='ocrx_word' id='word_1_407' title='bbox 1493 243 1687 274; x_wconf 79' lang='lat' dir='ltr'>condemnat</span> <span class='ocrx_word' id='word_1_408' title='bbox 1719 245 1866 275; x_wconf 87' lang='lat' dir='ltr'>iniustos.</span> <span class='ocrx_word' id='word_1_409' title='bbox 1912 246 2007 278; x_wconf 89' lang='lat' dir='ltr'>ltem:</span> <span class='ocrx_word' id='word_1_410' title='bbox 2035 247 2126 289; x_wconf 82' lang='lat' dir='ltr'>Lege</span> <span class='ocrx_word' id='word_1_411' title='bbox 2155 254 2227 280; x_wconf 79' lang='lat' dir='ltr'>sunt</span> 
     </span>
     <span class='ocr_line' id='line_1_59' title="bbox 1262 285 2226 331; baseline 0.006 -16"><span class='ocrx_word' id='word_1_412' title='bbox 1262 285 1457 316; x_wconf 87' lang='lat' dir='ltr'>cohercendi</span> <span class='ocrx_word' id='word_1_413' title='bbox 1492 286 1609 315; x_wconf 79' lang='lat' dir='ltr'>iniusti.</span> <span class='ocrx_word' id='word_1_414' title='bbox 1656 285 1722 316; x_wconf 84' lang='lat' dir='ltr'>Sed</span> <span class='ocrx_word' id='word_1_415' title='bbox 1756 288 1830 317; x_wconf 83' lang='lat' dir='ltr'>iusti</span> <span class='ocrx_word' id='word_1_416' title='bbox 1864 295 1937 319; x_wconf 90' lang='lat' dir='ltr'>sunt</span> <span class='ocrx_word' id='word_1_417' title='bbox 1972 288 2064 320; x_wconf 84' lang='lat' dir='ltr'>liberi</span> <span class='ocrx_word' id='word_1_418' title='bbox 2092 300 2111 320; x_wconf 93' lang='lat' dir='ltr'>a</span> <span class='ocrx_word' id='word_1_419' title='bbox 2144 289 2226 331; x_wconf 81' lang='lat' dir='ltr'>lege,</span> 
     </span>
     <span class='ocr_line' id='line_1_60' title="bbox 1261 327 2227 373; baseline 0.006 -16"><span class='ocrx_word' id='word_1_420' title='bbox 1261 327 1326 357; x_wconf 89' lang='grc'>1100</span> <span class='ocrx_word' id='word_1_421' title='bbox 1349 333 1410 365; x_wconf 72' lang='lat' dir='ltr'>est,</span> <span class='ocrx_word' id='word_1_422' title='bbox 1433 337 1498 358; x_wconf 90' lang='lat' dir='ltr'>non</span> <span class='ocrx_word' id='word_1_423' title='bbox 1521 334 1719 358; x_wconf 78' lang='lat' dir='ltr'>accusantur</span> <span class='ocrx_word' id='word_1_424' title='bbox 1742 339 1847 369; x_wconf 89' lang='lat' dir='ltr'>neque</span> <span class='ocrx_word' id='word_1_425' title='bbox 1865 330 2122 362; x_wconf 84' lang='lat' dir='ltr'>condemnantur</span> <span class='ocrx_word' id='word_1_426' title='bbox 2138 331 2227 373; x_wconf 79' lang='lat' dir='ltr'>lege;</span> 
     </span>
     <span class='ocr_line' id='line_1_61' title="bbox 1260 368 2227 413; baseline 0.005 -14"><span class='ocrx_word' id='word_1_427' title='bbox 1260 376 1334 400; x_wconf 87' lang='lat' dir='ltr'>sunt</span> <span class='ocrx_word' id='word_1_428' title='bbox 1349 370 1432 399; x_wconf 91' lang='lat' dir='ltr'>enim</span> <span class='ocrx_word' id='word_1_429' title='bbox 1450 375 1584 410; x_wconf 87' lang='lat' dir='ltr'>propter</span> <span class='ocrx_word' id='word_1_430' title='bbox 1595 368 1683 401; x_wconf 91' lang='lat' dir='ltr'>aliud</span> <span class='ocrx_word' id='word_1_431' title='bbox 1702 371 1789 408; x_wconf 83' lang='lat' dir='ltr'>iusti,</span> <span class='ocrx_word' id='word_1_432' title='bbox 1812 371 1843 401; x_wconf 91' lang='lat' dir='ltr'>id</span> <span class='ocrx_word' id='word_1_433' title='bbox 1857 378 1919 409; x_wconf 86' lang='lat' dir='ltr'>est,</span> <span class='ocrx_word' id='word_1_434' title='bbox 1936 374 2072 413; x_wconf 87' lang='lat' dir='ltr'>accepti.</span> <span class='ocrx_word' id='word_1_435' title='bbox 2101 373 2227 404; x_wconf 90' lang='lat' dir='ltr'>Deinde</span> 
     </span>
     <span class='ocr_line' id='line_1_62' title="bbox 1261 410 2227 454; baseline 0.005 -13"><span class='ocrx_word' id='word_1_436' title='bbox 1261 421 1333 442; x_wconf 90' lang='lat' dir='ltr'>cum</span> <span class='ocrx_word' id='word_1_437' title='bbox 1358 411 1421 441; x_wconf 81' lang='lat' dir='ltr'>sint</span> <span class='ocrx_word' id='word_1_438' title='bbox 1445 413 1535 449; x_wconf 88' lang='lat' dir='ltr'>iusti,</span> <span class='ocrx_word' id='word_1_439' title='bbox 1562 411 1625 441; x_wconf 92' lang='lat' dir='ltr'>iam</span> <span class='ocrx_word' id='word_1_440' title='bbox 1649 410 1771 443; x_wconf 82' lang='lat' dir='ltr'>faciunt</span> <span class='ocrx_word' id='word_1_441' title='bbox 1793 411 1918 454; x_wconf 84' lang='lat' dir='ltr'>legem,</span> <span class='ocrx_word' id='word_1_442' title='bbox 1948 420 1980 444; x_wconf 85' lang='lat' dir='ltr'>et</span> <span class='ocrx_word' id='word_1_443' title='bbox 2002 415 2227 452; x_wconf 84' lang='lat' dir='ltr'>cohercentur,</span> 
     </span>
     <span class='ocr_line' id='line_1_63' title="bbox 1260 453 2227 493; baseline 0.003 -10"><span class='ocrx_word' id='word_1_444' title='bbox 1260 463 1321 484; x_wconf 91' lang='lat' dir='ltr'>nec</span> <span class='ocrx_word' id='word_1_445' title='bbox 1345 464 1427 493; x_wconf 87' lang='lat' dir='ltr'>opus</span> <span class='ocrx_word' id='word_1_446' title='bbox 1450 460 1500 484; x_wconf 85' lang='grc'>851</span> <span class='ocrx_word' id='word_1_447' title='bbox 1529 455 1624 484; x_wconf 83' lang='lat' dir='ltr'>novis</span> <span class='ocrx_word' id='word_1_448' title='bbox 1654 453 1790 485; x_wconf 68' lang='lat' dir='ltr'>vinculis</span> <span class='ocrx_word' id='word_1_449' title='bbox 1819 456 2051 487; x_wconf 88' lang='lat' dir='ltr'>conscientiam</span> <span class='ocrx_word' id='word_1_450' title='bbox 2079 467 2227 488; x_wconf 84' lang='lat' dir='ltr'>onerare.</span> 
     </span>
     <span class='ocr_line' id='line_1_64' title="bbox 1261 494 2228 536; baseline 0.004 -10"><span class='ocrx_word' id='word_1_451' title='bbox 1261 495 1351 526; x_wconf 90' lang='lat' dir='ltr'>Sicut</span> <span class='ocrx_word' id='word_1_452' title='bbox 1363 496 1395 526; x_wconf 92' lang='lat' dir='ltr'>in</span> <span class='ocrx_word' id='word_1_453' title='bbox 1418 494 1559 527; x_wconf 84' lang='lat' dir='ltr'>ecclesia</span> <span class='ocrx_word' id='word_1_454' title='bbox 1582 502 1611 526; x_wconf 89' lang='lat' dir='ltr'>et</span> <span class='ocrx_word' id='word_1_455' title='bbox 1636 497 1721 536; x_wconf 86' lang='lat' dir='ltr'>apud</span> <span class='ocrx_word' id='word_1_456' title='bbox 1740 497 1919 528; x_wconf 88' lang='lat' dir='ltr'>monachos</span> <span class='ocrx_word' id='word_1_457' title='bbox 1936 499 2066 536; x_wconf 88' lang='lat' dir='ltr'>accidit,</span> <span class='ocrx_word' id='word_1_458' title='bbox 2087 499 2228 530; x_wconf 87' lang='lat' dir='ltr'>ubisub-</span> 
     </span>
     <span class='ocr_line' id='line_1_65' title="bbox 1260 537 2228 578; baseline 0.004 -11"><span class='ocrx_word' id='word_1_459' title='bbox 1260 538 1334 568; x_wconf 88' lang='lat' dir='ltr'>inde</span> <span class='ocrx_word' id='word_1_460' title='bbox 1358 539 1452 568; x_wconf 84' lang='lat' dir='ltr'>novis</span> <span class='ocrx_word' id='word_1_461' title='bbox 1476 537 1614 568; x_wconf 86' lang='lat' dir='ltr'>vinculis</span> <span class='ocrx_word' id='word_1_462' title='bbox 1637 540 1792 569; x_wconf 72' lang='lat' dir='ltr'>oneratae</span> <span class='ocrx_word' id='word_1_463' title='bbox 1821 545 1897 570; x_wconf 89' lang='lat' dir='ltr'>sunt</span> <span class='ocrx_word' id='word_1_464' title='bbox 1927 541 2165 578; x_wconf 87' lang='lat' dir='ltr'>conscientiae,</span> <span class='ocrx_word' id='word_1_465' title='bbox 2195 546 2228 571; x_wconf 85' lang='lat' dir='ltr'>et</span> 
     </span>
     <span class='ocr_line' id='line_1_66' title="bbox 1260 579 2229 623; baseline 0.003 -13"><span class='ocrx_word' id='word_1_466' title='bbox 1260 579 1368 610; x_wconf 91' lang='lat' dir='ltr'>nullus</span> <span class='ocrx_word' id='word_1_467' title='bbox 1399 579 1472 610; x_wconf 83' lang='lat' dir='ltr'>finis</span> <span class='ocrx_word' id='word_1_468' title='bbox 1498 580 1557 610; x_wconf 78' lang='lat' dir='ltr'>tuit</span> <span class='ocrx_word' id='word_1_469' title='bbox 1589 581 1835 620; x_wconf 75' lang='lat' dir='ltr'>exasperandae</span> <span class='ocrx_word' id='word_1_470' title='bbox 1868 580 1964 622; x_wconf 84' lang='lat' dir='ltr'>legis.</span> <span class='ocrx_word' id='word_1_471' title='bbox 2013 581 2229 623; x_wconf 85' lang='lat' dir='ltr'>Allegabatur</span> 
     </span>
     <span class='ocr_line' id='line_1_67' title="bbox 1259 622 2228 663; baseline 0.002 -11"><span class='ocrx_word' id='word_1_472' title='bbox 1259 622 1415 652; x_wconf 85' lang='lat' dir='ltr'>autoritas</span> <span class='ocrx_word' id='word_1_473' title='bbox 1445 622 1613 663; x_wconf 83' lang='lat' dir='ltr'>Gregorii:</span> <span class='ocrx_word' id='word_1_474' title='bbox 1646 623 1759 653; x_wconf 88' lang='lat' dir='ltr'>Bonae</span> <span class='ocrx_word' id='word_1_475' title='bbox 1793 624 1909 653; x_wconf 84' lang='lat' dir='ltr'>mentis</span> <span class='ocrx_word' id='word_1_476' title='bbox 1938 629 1989 654; x_wconf 82' lang='lat' dir='ltr'>est</span> <span class='ocrx_word' id='word_1_477' title='bbox 2018 625 2131 654; x_wconf 87' lang='lat' dir='ltr'>timere</span> <span class='ocrx_word' id='word_1_478' title='bbox 2161 622 2228 654; x_wconf 90' lang='lat' dir='ltr'>cul-</span> 
     </span>
     <span class='ocr_line' id='line_1_68' title="bbox 1257 664 2228 705; baseline 0.003 -11"><span class='ocrx_word' id='word_1_479' title='bbox 1257 675 1343 704; x_wconf 88' lang='lat' dir='ltr'>pam,</span> <span class='ocrx_word' id='word_1_480' title='bbox 1366 665 1421 695; x_wconf 91' lang='lat' dir='ltr'>ubi</span> <span class='ocrx_word' id='word_1_481' title='bbox 1444 674 1508 693; x_wconf 92' lang='lat' dir='ltr'>non</span> <span class='ocrx_word' id='word_1_482' title='bbox 1533 670 1582 694; x_wconf 83' lang='lat' dir='ltr'>est</span> <span class='ocrx_word' id='word_1_483' title='bbox 1605 664 1710 705; x_wconf 90' lang='lat' dir='ltr'>culpa.</span> <span class='ocrx_word' id='word_1_484' title='bbox 1745 664 1786 695; x_wconf 90' lang='lat' dir='ltr'>Et</span> <span class='ocrx_word' id='word_1_485' title='bbox 1809 665 1935 695; x_wconf 86' lang='lat' dir='ltr'>interim</span> <span class='ocrx_word' id='word_1_486' title='bbox 1959 671 2065 696; x_wconf 89' lang='lat' dir='ltr'>tamen</span> <span class='ocrx_word' id='word_1_487' title='bbox 2088 675 2153 697; x_wconf 89' lang='lat' dir='ltr'>non</span> <span class='ocrx_word' id='word_1_488' title='bbox 2172 665 2228 696; x_wconf 83' lang='lat' dir='ltr'>do·</span> 
     </span>
     <span class='ocr_line' id='line_1_69' title="bbox 1259 705 2225 744; baseline 0.002 -9"><span class='ocrx_word' id='word_1_489' title='bbox 1259 707 1417 736; x_wconf 85' lang='lat' dir='ltr'>cebantur</span> <span class='ocrx_word' id='word_1_490' title='bbox 1445 705 1612 743; x_wconf 83' lang='lat' dir='ltr'>homines,</span> <span class='ocrx_word' id='word_1_491' title='bbox 1645 713 1678 737; x_wconf 89' lang='lat' dir='ltr'>ut</span> <span class='ocrx_word' id='word_1_492' title='bbox 1709 708 1831 738; x_wconf 87' lang='lat' dir='ltr'>scirent</span> <span class='ocrx_word' id='word_1_493' title='bbox 1861 717 1897 738; x_wconf 88' lang='lat' dir='ltr'>se</span> <span class='ocrx_word' id='word_1_494' title='bbox 1928 707 1990 738; x_wconf 81' lang='lat' dir='ltr'>fide</span> <span class='ocrx_word' id='word_1_495' title='bbox 2012 710 2116 739; x_wconf 79' lang='lat' dir='ltr'>iustos</span> <span class='ocrx_word' id='word_1_496' title='bbox 2140 716 2225 744; x_wconf 88' lang='lat' dir='ltr'>esse,</span> 
     </span>
     <span class='ocr_line' id='line_1_70' title="bbox 1258 747 2227 789; baseline 0.003 -12"><span class='ocrx_word' id='word_1_497' title='bbox 1258 749 1317 778; x_wconf 91' lang='lat' dir='ltr'>sed</span> <span class='ocrx_word' id='word_1_498' title='bbox 1340 747 1603 788; x_wconf 88' lang='lat' dir='ltr'>relinquebantur</span> <span class='ocrx_word' id='word_1_499' title='bbox 1624 749 1796 789; x_wconf 76' lang='lat' dir='ltr'>ambiguae</span> <span class='ocrx_word' id='word_1_500' title='bbox 1819 755 1850 780; x_wconf 89' lang='lat' dir='ltr'>et</span> <span class='ocrx_word' id='word_1_501' title='bbox 1869 750 2138 788; x_wconf 84' lang='lat' dir='ltr'>desperabundae</span> <span class='ocrx_word' id='word_1_502' title='bbox 2152 759 2227 780; x_wconf 87' lang='lat' dir='ltr'>con-</span> 
     </span>
     <span class='ocr_line' id='line_1_71' title="bbox 1257 789 2226 822; baseline 0.002 -2"><span class='ocrx_word' id='word_1_503' title='bbox 1257 790 1427 821; x_wconf 83' lang='lat' dir='ltr'>scientiae.</span> <span class='ocrx_word' id='word_1_504' title='bbox 1463 789 1560 819; x_wconf 85' lang='lat' dir='ltr'>lstam</span> <span class='ocrx_word' id='word_1_505' title='bbox 1585 789 1805 821; x_wconf 85' lang='lat' dir='ltr'>carnificinam</span> <span class='ocrx_word' id='word_1_506' title='bbox 1829 792 2102 822; x_wconf 81' lang='lat' dir='ltr'>conscientiarum</span> <span class='ocrx_word' id='word_1_507' title='bbox 2122 789 2226 822; x_wconf 87' lang='lat' dir='ltr'>voluit</span> 
     </span>
     <span class='ocr_line' id='line_1_72' title="bbox 1256 831 2227 872; baseline 0.001 -10"><span class='ocrx_word' id='word_1_508' title='bbox 1256 832 1431 872; x_wconf 86' lang='lat' dir='ltr'>prohibere</span> <span class='ocrx_word' id='word_1_509' title='bbox 1454 831 1589 868; x_wconf 83' lang='lat' dir='ltr'>Paulus,</span> <span class='ocrx_word' id='word_1_510' title='bbox 1613 842 1687 863; x_wconf 91' lang='lat' dir='ltr'>cum</span> <span class='ocrx_word' id='word_1_511' title='bbox 1709 833 1753 862; x_wconf 87' lang='lat' dir='ltr'>ait</span> <span class='ocrx_word' id='word_1_512' title='bbox 1777 832 2031 870; x_wconf 74' lang='grc' dir='ltr'>[1.Τ1111.1,9.];</span> <span class='ocrx_word' id='word_1_513' title='bbox 2055 833 2144 864; x_wconf 87' lang='lat' dir='ltr'>lusto</span> <span class='ocrx_word' id='word_1_514' title='bbox 2161 842 2227 863; x_wconf 89' lang='lat' dir='ltr'>non</span> 
     </span>
     <span class='ocr_line' id='line_1_73' title="bbox 1256 872 2228 915; baseline 0.001 -11"><span class='ocrx_word' id='word_1_515' title='bbox 1256 875 1387 914; x_wconf 92' lang='lat' dir='ltr'>ponitur</span> <span class='ocrx_word' id='word_1_516' title='bbox 1417 873 1486 911; x_wconf 83' lang='lat' dir='ltr'>lex,</span> <span class='ocrx_word' id='word_1_517' title='bbox 1516 874 1591 914; x_wconf 88' lang='lat' dir='ltr'>quia</span> <span class='ocrx_word' id='word_1_518' title='bbox 1623 872 1748 904; x_wconf 85' lang='lat' dir='ltr'>scilicet</span> <span class='ocrx_word' id='word_1_519' title='bbox 1777 873 1832 904; x_wconf 86' lang='lat' dir='ltr'>lex</span> <span class='ocrx_word' id='word_1_520' title='bbox 1862 885 1928 905; x_wconf 91' lang='grc'>000</span> <span class='ocrx_word' id='word_1_521' title='bbox 1956 881 2093 906; x_wconf 84' lang='lat' dir='ltr'>accusat</span> <span class='ocrx_word' id='word_1_522' title='bbox 2121 884 2228 915; x_wconf 88' lang='lat' dir='ltr'>neque</span> 
     </span>
     <span class='ocr_line' id='line_1_74' title="bbox 1256 915 2227 957; baseline -0.001 -10"><span class='ocrx_word' id='word_1_523' title='bbox 1256 917 1453 947; x_wconf 86' lang='lat' dir='ltr'>condemnat</span> <span class='ocrx_word' id='word_1_524' title='bbox 1474 916 1594 949; x_wconf 86' lang='lat' dir='ltr'>iustos;</span> <span class='ocrx_word' id='word_1_525' title='bbox 1616 926 1677 946; x_wconf 89' lang='grc'>1180</span> <span class='ocrx_word' id='word_1_526' title='bbox 1699 916 1815 953; x_wconf 90' lang='lat' dir='ltr'>iustus,</span> <span class='ocrx_word' id='word_1_527' title='bbox 1839 926 1911 946; x_wconf 93' lang='lat' dir='ltr'>cum</span> <span class='ocrx_word' id='word_1_528' title='bbox 1924 916 1986 947; x_wconf 89' lang='lat' dir='ltr'>iam</span> <span class='ocrx_word' id='word_1_529' title='bbox 1998 915 2096 947; x_wconf 86' lang='lat' dir='ltr'>saciat</span> <span class='ocrx_word' id='word_1_530' title='bbox 2106 916 2227 957; x_wconf 84' lang='lat' dir='ltr'>legem,</span> 
     </span>
     <span class='ocr_line' id='line_1_75' title="bbox 1257 956 2015 999; baseline -0.001 -10"><span class='ocrx_word' id='word_1_531' title='bbox 1257 959 1443 989; x_wconf 88' lang='lat' dir='ltr'>onerandus</span> <span class='ocrx_word' id='word_1_532' title='bbox 1466 963 1516 989; x_wconf 80' lang='lat' dir='ltr'>est</span> <span class='ocrx_word' id='word_1_533' title='bbox 1538 959 1633 988; x_wconf 91' lang='lat' dir='ltr'>novis</span> <span class='ocrx_word' id='word_1_534' title='bbox 1656 957 1767 999; x_wconf 83' lang='lat' dir='ltr'>legum</span> <span class='ocrx_word' id='word_1_535' title='bbox 1789 956 1930 988; x_wconf 80' lang='lat' dir='ltr'>vinculis</span> <span class='ocrx_word' id='word_1_536' title='bbox 1953 963 2015 988; x_wconf 90' lang='lat' dir='ltr'>etc.</span> 
     </span>
    </p>

    <p class='ocr_par' dir='ltr' id='par_1_13' title="bbox 1256 997 2231 2175">
     <span class='ocr_line' id='line_1_76' title="bbox 1342 997 2228 1072; baseline -0.001 -41"><span class='ocrx_word' id='word_1_537' title='bbox 1342 1000 1471 1031; x_wconf 87' lang='lat' dir='ltr'>Tertius</span> <span class='ocrx_word' id='word_1_538' title='bbox 1493 1000 1615 1042; x_wconf 82' lang='lat' dir='ltr'>gradus</span> <span class='ocrx_word' id='word_1_539' title='bbox 1636 998 1796 1030; x_wconf 86' lang='lat' dir='ltr'>libertatis</span> <span class='ocrx_word' id='word_1_540' title='bbox 1820 1006 1881 1037; x_wconf 85' lang='lat' dir='ltr'>est,</span> <span class='ocrx_word' id='word_1_541' title='bbox 1903 1000 1992 1072; x_wconf 82' lang='lat' dir='ltr'>quod</span> <span class='ocrx_word' id='word_1_542' title='bbox 2012 997 2228 1041; x_wconf 85' lang='lat' dir='ltr'>Evangelium</span> 
     </span>
     <span class='ocr_line' id='line_1_77' title="bbox 1256 1041 2229 1083; baseline -0.001 -10"><span class='ocrx_word' id='word_1_543' title='bbox 1256 1041 1372 1073; x_wconf 88' lang='lat' dir='ltr'>liberat</span> <span class='ocrx_word' id='word_1_544' title='bbox 1394 1052 1455 1072; x_wconf 92' lang='lat' dir='ltr'>nos</span> <span class='ocrx_word' id='word_1_545' title='bbox 1479 1052 1499 1072; x_wconf 91' lang='lat' dir='ltr'>a</span> <span class='ocrx_word' id='word_1_546' title='bbox 1522 1042 1713 1072; x_wconf 83' lang='lat' dir='ltr'>ceremoniis</span> <span class='ocrx_word' id='word_1_547' title='bbox 1738 1047 1770 1072; x_wconf 87' lang='lat' dir='ltr'>et</span> <span class='ocrx_word' id='word_1_548' title='bbox 1791 1042 1907 1072; x_wconf 89' lang='lat' dir='ltr'>iudicia</span> <span class='ocrx_word' id='word_1_549' title='bbox 1924 1042 1996 1072; x_wconf 86' lang='lat' dir='ltr'>ibus</span> <span class='ocrx_word' id='word_1_550' title='bbox 2020 1041 2168 1083; x_wconf 81' lang='lat' dir='ltr'>legibus,</span> <span class='ocrx_word' id='word_1_551' title='bbox 2194 1046 2229 1072; x_wconf 86' lang='lat' dir='ltr'>ut</span> 
     </span>
     <span class='ocr_line' id='line_1_78' title="bbox 1257 1082 2228 1125; baseline -0.001 -10"><span class='ocrx_word' id='word_1_552' title='bbox 1257 1090 1388 1121; x_wconf 78' lang='lat' dir='ltr'>vocant,</span> <span class='ocrx_word' id='word_1_553' title='bbox 1411 1084 1531 1125; x_wconf 83' lang='lat' dir='ltr'>Moysi.</span> <span class='ocrx_word' id='word_1_554' title='bbox 1578 1083 1637 1114; x_wconf 93' lang='lat' dir='ltr'>Hic</span> <span class='ocrx_word' id='word_1_555' title='bbox 1662 1084 1785 1125; x_wconf 85' lang='lat' dir='ltr'>gradus</span> <span class='ocrx_word' id='word_1_556' title='bbox 1807 1082 1916 1124; x_wconf 90' lang='lat' dir='ltr'>aliquo</span> <span class='ocrx_word' id='word_1_557' title='bbox 1939 1084 2037 1114; x_wconf 81' lang='lat' dir='ltr'>modo</span> <span class='ocrx_word' id='word_1_558' title='bbox 2068 1083 2110 1114; x_wconf 85' lang='lat' dir='ltr'>ad</span> <span class='ocrx_word' id='word_1_559' title='bbox 2140 1089 2228 1114; x_wconf 81' lang='lat' dir='ltr'>exte-</span> 
     </span>
     <span class='ocr_line' id='line_1_79' title="bbox 1258 1125 2230 1165; baseline -0.001 -8"><span class='ocrx_word' id='word_1_560' title='bbox 1258 1127 1376 1157; x_wconf 91' lang='lat' dir='ltr'>riorem</span> <span class='ocrx_word' id='word_1_561' title='bbox 1401 1127 1500 1156; x_wconf 89' lang='lat' dir='ltr'>vitam</span> <span class='ocrx_word' id='word_1_562' title='bbox 1518 1126 1676 1165; x_wconf 87' lang='lat' dir='ltr'>pertinet,</span> <span class='ocrx_word' id='word_1_563' title='bbox 1699 1126 1759 1155; x_wconf 87' lang='lat' dir='ltr'>sed</span> <span class='ocrx_word' id='word_1_564' title='bbox 1781 1125 1880 1156; x_wconf 88' lang='lat' dir='ltr'>habet</span> <span class='ocrx_word' id='word_1_565' title='bbox 1905 1135 2057 1155; x_wconf 86' lang='lat' dir='ltr'>caussam</span> <span class='ocrx_word' id='word_1_566' title='bbox 2079 1126 2112 1155; x_wconf 88' lang='lat' dir='ltr'>in</span> <span class='ocrx_word' id='word_1_567' title='bbox 2134 1134 2230 1165; x_wconf 79' lang='lat' dir='ltr'>supe-</span> 
     </span>
     <span class='ocr_line' id='line_1_80' title="bbox 1257 1166 2229 1208; baseline -0.001 -9"><span class='ocrx_word' id='word_1_568' title='bbox 1257 1169 1410 1199; x_wconf 88' lang='lat' dir='ltr'>rioribus.</span> <span class='ocrx_word' id='word_1_569' title='bbox 1454 1168 1531 1198; x_wconf 90' lang='lat' dir='ltr'>Ideo</span> <span class='ocrx_word' id='word_1_570' title='bbox 1555 1168 1638 1198; x_wconf 88' lang='lat' dir='ltr'>enim</span> <span class='ocrx_word' id='word_1_571' title='bbox 1656 1166 1874 1208; x_wconf 85' lang='lat' dir='ltr'>Evangelium</span> <span class='ocrx_word' id='word_1_572' title='bbox 1897 1177 1963 1198; x_wconf 92' lang='lat' dir='ltr'>non</span> <span class='ocrx_word' id='word_1_573' title='bbox 1987 1167 2120 1208; x_wconf 86' lang='lat' dir='ltr'>requirit</span> <span class='ocrx_word' id='word_1_574' title='bbox 2131 1166 2229 1198; x_wconf 80' lang='lat' dir='ltr'>Levi-</span> 
     </span>
     <span class='ocr_line' id='line_1_81' title="bbox 1259 1208 2231 1250; baseline -0.002 -9"><span class='ocrx_word' id='word_1_575' title='bbox 1259 1212 1340 1242; x_wconf 84' lang='lat' dir='ltr'>ticas</span> <span class='ocrx_word' id='word_1_576' title='bbox 1370 1210 1590 1247; x_wconf 87' lang='lat' dir='ltr'>ceremonias,</span> <span class='ocrx_word' id='word_1_577' title='bbox 1620 1210 1696 1250; x_wconf 88' lang='lat' dir='ltr'>quia</span> <span class='ocrx_word' id='word_1_578' title='bbox 1723 1210 1819 1240; x_wconf 87' lang='lat' dir='ltr'>docet</span> <span class='ocrx_word' id='word_1_579' title='bbox 1848 1219 1909 1239; x_wconf 91' lang='lat' dir='ltr'>nos</span> <span class='ocrx_word' id='word_1_580' title='bbox 1937 1210 2042 1250; x_wconf 82' lang='lat' dir='ltr'>gratis</span> <span class='ocrx_word' id='word_1_581' title='bbox 2072 1208 2231 1249; x_wconf 89' lang='lat' dir='ltr'>consequi</span> 
     </span>
     <span class='ocr_line' id='line_1_82' title="bbox 1258 1250 2230 1291; baseline -0.003 -8"><span class='ocrx_word' id='word_1_582' title='bbox 1258 1254 1483 1283; x_wconf 76' lang='lat' dir='ltr'>remissionem</span> <span class='ocrx_word' id='word_1_583' title='bbox 1505 1258 1736 1291; x_wconf 87' lang='lat' dir='ltr'>peccatorum,</span> <span class='ocrx_word' id='word_1_584' title='bbox 1766 1258 1798 1282; x_wconf 86' lang='lat' dir='ltr'>et</span> <span class='ocrx_word' id='word_1_585' title='bbox 1820 1252 1924 1282; x_wconf 86' lang='lat' dir='ltr'>iustos</span> <span class='ocrx_word' id='word_1_586' title='bbox 1946 1250 2149 1291; x_wconf 89' lang='lat' dir='ltr'>pronuntiari</span> <span class='ocrx_word' id='word_1_587' title='bbox 2169 1259 2230 1290; x_wconf 90' lang='lat' dir='ltr'>per</span> 
     </span>
     <span class='ocr_line' id='line_1_83' title="bbox 1257 1290 2230 1334; baseline -0.004 -8"><span class='ocrx_word' id='word_1_588' title='bbox 1257 1295 1513 1326; x_wconf 88' lang='lat' dir='ltr'>misericordiam</span> <span class='ocrx_word' id='word_1_589' title='bbox 1535 1299 1670 1334; x_wconf 89' lang='lat' dir='ltr'>propter</span> <span class='ocrx_word' id='word_1_590' title='bbox 1693 1292 1869 1330; x_wconf 86' lang='lat' dir='ltr'>Christum,</span> <span class='ocrx_word' id='word_1_591' title='bbox 1892 1303 1957 1323; x_wconf 92' lang='lat' dir='ltr'>non</span> <span class='ocrx_word' id='word_1_592' title='bbox 1980 1298 2115 1333; x_wconf 85' lang='lat' dir='ltr'>propter</span> <span class='ocrx_word' id='word_1_593' title='bbox 2142 1290 2230 1322; x_wconf 83' lang='lat' dir='ltr'>ullos</span> 
     </span>
     <span class='ocr_line' id='line_1_84' title="bbox 1259 1334 2229 1376; baseline -0.004 -8"><span class='ocrx_word' id='word_1_594' title='bbox 1259 1336 1365 1368; x_wconf 80' lang='lat' dir='ltr'>cultus</span> <span class='ocrx_word' id='word_1_595' title='bbox 1388 1342 1443 1367; x_wconf 88' lang='lat' dir='ltr'>aut</span> <span class='ocrx_word' id='word_1_596' title='bbox 1466 1341 1579 1367; x_wconf 87' lang='lat' dir='ltr'>nostra</span> <span class='ocrx_word' id='word_1_597' title='bbox 1602 1345 1713 1376; x_wconf 87' lang='lat' dir='ltr'>opera.</span> <span class='ocrx_word' id='word_1_598' title='bbox 1747 1335 1787 1365; x_wconf 91' lang='lat' dir='ltr'>Et</span> <span class='ocrx_word' id='word_1_599' title='bbox 1806 1334 1889 1366; x_wconf 89' lang='lat' dir='ltr'>haec</span> <span class='ocrx_word' id='word_1_600' title='bbox 1910 1345 2031 1365; x_wconf 84' lang='lat' dir='ltr'>caussa</span> <span class='ocrx_word' id='word_1_601' title='bbox 2043 1340 2105 1371; x_wconf 86' lang='lat' dir='ltr'>est,</span> <span class='ocrx_word' id='word_1_602' title='bbox 2127 1343 2229 1374; x_wconf 88' lang='lat' dir='ltr'>quare</span> 
     </span>
     <span class='ocr_line' id='line_1_85' title="bbox 1257 1375 2231 1416; baseline -0.004 -6"><span class='ocrx_word' id='word_1_603' title='bbox 1257 1379 1380 1411; x_wconf 86' lang='lat' dir='ltr'>Paulus</span> <span class='ocrx_word' id='word_1_604' title='bbox 1404 1378 1509 1416; x_wconf 83' lang='lat' dir='ltr'>[Rom.</span> <span class='ocrx_word' id='word_1_605' title='bbox 1522 1378 1552 1408; x_wconf 82' lang='lat'>3.</span> <span class='ocrx_word' id='word_1_606' title='bbox 1576 1377 1649 1408; x_wconf 87' lang='lat' dir='ltr'>Gal.</span> <span class='ocrx_word' id='word_1_607' title='bbox 1662 1378 1706 1416; x_wconf 73' lang='grc'>2.]</span> <span class='ocrx_word' id='word_1_608' title='bbox 1729 1383 1795 1408; x_wconf 87' lang='lat' dir='ltr'>tam</span> <span class='ocrx_word' id='word_1_609' title='bbox 1817 1376 2027 1408; x_wconf 85' lang='lat' dir='ltr'>vehementer</span> <span class='ocrx_word' id='word_1_610' title='bbox 2043 1375 2231 1414; x_wconf 85' lang='lat' dir='ltr'>contendat,</span> 
     </span>
     <span class='ocr_line' id='line_1_86' title="bbox 1257 1420 2230 1453; baseline -0.004 -1"><span class='ocrx_word' id='word_1_611' title='bbox 1257 1432 1298 1452; x_wconf 91' lang='lat' dir='ltr'>ne</span> <span class='ocrx_word' id='word_1_612' title='bbox 1317 1421 1521 1453; x_wconf 83' lang='lat' dir='ltr'>ceremoniae</span> <span class='ocrx_word' id='word_1_613' title='bbox 1538 1420 1704 1451; x_wconf 88' lang='lat' dir='ltr'>Leviticae</span> <span class='ocrx_word' id='word_1_614' title='bbox 1716 1420 1978 1450; x_wconf 83' lang='lat' dir='ltr'>existimarentur</span> <span class='ocrx_word' id='word_1_615' title='bbox 1989 1428 2066 1449; x_wconf 91' lang='lat' dir='ltr'>esse</span> <span class='ocrx_word' id='word_1_616' title='bbox 2075 1427 2230 1448; x_wconf 86' lang='lat' dir='ltr'>necessa-</span> 
     </span>
     <span class='ocr_line' id='line_1_87' title="bbox 1257 1460 2230 1503; baseline -0.004 -9"><span class='ocrx_word' id='word_1_617' title='bbox 1257 1465 1342 1501; x_wconf 89' lang='lat' dir='ltr'>riae,</span> <span class='ocrx_word' id='word_1_618' title='bbox 1365 1473 1406 1494; x_wconf 87' lang='lat' dir='ltr'>ne</span> <span class='ocrx_word' id='word_1_619' title='bbox 1430 1464 1662 1493; x_wconf 86' lang='lat' dir='ltr'>obscuraretur</span> <span class='ocrx_word' id='word_1_620' title='bbox 1684 1460 1901 1503; x_wconf 82' lang='lat' dir='ltr'>Evangelium</span> <span class='ocrx_word' id='word_1_621' title='bbox 1924 1461 1964 1491; x_wconf 89' lang='lat' dir='ltr'>de</span> <span class='ocrx_word' id='word_1_622' title='bbox 1986 1460 2061 1500; x_wconf 89' lang='lat' dir='ltr'>fide,</span> <span class='ocrx_word' id='word_1_623' title='bbox 2082 1460 2149 1491; x_wconf 88' lang='lat' dir='ltr'>hoc</span> <span class='ocrx_word' id='word_1_624' title='bbox 2165 1465 2230 1498; x_wconf 89' lang='lat' dir='ltr'>est,</span> 
     </span>
     <span class='ocr_line' id='line_1_88' title="bbox 1258 1500 2228 1537; baseline -0.005 0"><span class='ocrx_word' id='word_1_625' title='bbox 1258 1517 1299 1537; x_wconf 91' lang='lat' dir='ltr'>ne</span> <span class='ocrx_word' id='word_1_626' title='bbox 1323 1505 1516 1536; x_wconf 89' lang='lat' dir='ltr'>beneficium</span> <span class='ocrx_word' id='word_1_627' title='bbox 1530 1503 1650 1534; x_wconf 84' lang='lat' dir='ltr'>Christi</span> <span class='ocrx_word' id='word_1_628' title='bbox 1672 1502 1905 1534; x_wconf 88' lang='lat' dir='ltr'>transferretur</span> <span class='ocrx_word' id='word_1_629' title='bbox 1933 1503 1964 1533; x_wconf 91' lang='lat' dir='ltr'>in</span> <span class='ocrx_word' id='word_1_630' title='bbox 1978 1502 2143 1533; x_wconf 87' lang='lat' dir='ltr'>Leviticos</span> <span class='ocrx_word' id='word_1_631' title='bbox 2162 1500 2228 1532; x_wconf 86' lang='lat' dir='ltr'>cul-</span> 
     </span>
     <span class='ocr_line' id='line_1_89' title="bbox 1258 1544 2230 1585; baseline -0.005 -7"><span class='ocrx_word' id='word_1_632' title='bbox 1258 1555 1311 1579; x_wconf 89' lang='lat' dir='ltr'>tus</span> <span class='ocrx_word' id='word_1_633' title='bbox 1344 1553 1399 1578; x_wconf 91' lang='lat' dir='ltr'>aut</span> <span class='ocrx_word' id='word_1_634' title='bbox 1432 1545 1555 1577; x_wconf 85' lang='lat' dir='ltr'>similes</span> <span class='ocrx_word' id='word_1_635' title='bbox 1590 1552 1654 1577; x_wconf 89' lang='lat' dir='ltr'>etc.</span> <span class='ocrx_word' id='word_1_636' title='bbox 1698 1545 1789 1577; x_wconf 88' lang='lat' dir='ltr'>Haec</span> <span class='ocrx_word' id='word_1_637' title='bbox 1824 1551 1875 1576; x_wconf 82' lang='lat' dir='ltr'>est</span> <span class='ocrx_word' id='word_1_638' title='bbox 1909 1554 2027 1585; x_wconf 87' lang='lat' dir='ltr'>magna</span> <span class='ocrx_word' id='word_1_639' title='bbox 2062 1550 2096 1574; x_wconf 87' lang='lat' dir='ltr'>et</span> <span class='ocrx_word' id='word_1_640' title='bbox 2129 1544 2230 1585; x_wconf 84' lang='lat' dir='ltr'>digna</span> 
     </span>
     <span class='ocr_line' id='line_1_90' title="bbox 1259 1584 2230 1630; baseline -0.006 -9"><span class='ocrx_word' id='word_1_641' title='bbox 1259 1600 1394 1627; x_wconf 89' lang='lat' dir='ltr'>caussa,</span> <span class='ocrx_word' id='word_1_642' title='bbox 1428 1599 1528 1630; x_wconf 89' lang='lat' dir='ltr'>quare</span> <span class='ocrx_word' id='word_1_643' title='bbox 1557 1588 1597 1619; x_wconf 91' lang='lat' dir='ltr'>de</span> <span class='ocrx_word' id='word_1_644' title='bbox 1629 1587 1799 1625; x_wconf 89' lang='lat' dir='ltr'>libertate,</span> <span class='ocrx_word' id='word_1_645' title='bbox 1832 1588 1872 1618; x_wconf 86' lang='lat' dir='ltr'>de</span> <span class='ocrx_word' id='word_1_646' title='bbox 1899 1586 2114 1627; x_wconf 87' lang='lat' dir='ltr'>abrogatione</span> <span class='ocrx_word' id='word_1_647' title='bbox 2142 1584 2230 1626; x_wconf 85' lang='lat' dir='ltr'>legis</span> 
     </span>
     <span class='ocr_line' id='line_1_91' title="bbox 1259 1627 2229 1668; baseline -0.006 -5"><span class='ocrx_word' id='word_1_648' title='bbox 1259 1639 1324 1663; x_wconf 89' lang='lat' dir='ltr'>tam</span> <span class='ocrx_word' id='word_1_649' title='bbox 1346 1631 1556 1663; x_wconf 90' lang='lat' dir='ltr'>vehementer</span> <span class='ocrx_word' id='word_1_650' title='bbox 1579 1631 1766 1667; x_wconf 87' lang='lat' dir='ltr'>contendat,</span> <span class='ocrx_word' id='word_1_651' title='bbox 1787 1635 1823 1660; x_wconf 88' lang='lat' dir='ltr'>ut</span> <span class='ocrx_word' id='word_1_652' title='bbox 1834 1627 1986 1660; x_wconf 86' lang='lat' dir='ltr'>videlicet</span> <span class='ocrx_word' id='word_1_653' title='bbox 2003 1627 2135 1659; x_wconf 89' lang='lat' dir='ltr'>retineri</span> <span class='ocrx_word' id='word_1_654' title='bbox 2151 1636 2229 1668; x_wconf 83' lang='lat' dir='ltr'>pos·</span> 
     </span>
     <span class='ocr_line' id='line_1_92' title="bbox 1259 1670 2230 1711; baseline -0.006 -6"><span class='ocrx_word' id='word_1_655' title='bbox 1259 1676 1302 1705; x_wconf 79' lang='lat' dir='ltr'>sit</span> <span class='ocrx_word' id='word_1_656' title='bbox 1334 1673 1428 1704; x_wconf 87' lang='lat' dir='ltr'>firma</span> <span class='ocrx_word' id='word_1_657' title='bbox 1461 1671 1643 1703; x_wconf 89' lang='lat' dir='ltr'>consolatio</span> <span class='ocrx_word' id='word_1_658' title='bbox 1678 1672 1968 1711; x_wconf 88' lang='lat' dir='ltr'>conscientiarum,</span> <span class='ocrx_word' id='word_1_659' title='bbox 2009 1679 2092 1710; x_wconf 91' lang='lat' dir='ltr'>quae</span> <span class='ocrx_word' id='word_1_660' title='bbox 2131 1670 2230 1700; x_wconf 86' lang='lat' dir='ltr'>docet</span> 
     </span>
     <span class='ocr_line' id='line_1_93' title="bbox 1259 1710 2229 1758; baseline -0.005 -12"><span class='ocrx_word' id='word_1_661' title='bbox 1259 1717 1362 1758; x_wconf 83' lang='lat' dir='ltr'>gratis</span> <span class='ocrx_word' id='word_1_662' title='bbox 1387 1715 1501 1745; x_wconf 88' lang='lat' dir='ltr'>remitti</span> <span class='ocrx_word' id='word_1_663' title='bbox 1530 1720 1670 1755; x_wconf 86' lang='lat' dir='ltr'>peccata</span> <span class='ocrx_word' id='word_1_664' title='bbox 1700 1720 1762 1745; x_wconf 90' lang='grc'>810.</span> <span class='ocrx_word' id='word_1_665' title='bbox 1807 1713 1983 1744; x_wconf 87' lang='lat' dir='ltr'>Praeterea</span> <span class='ocrx_word' id='word_1_666' title='bbox 2013 1713 2053 1742; x_wconf 85' lang='lat' dir='ltr'>de</span> <span class='ocrx_word' id='word_1_667' title='bbox 2074 1710 2229 1742; x_wconf 89' lang='lat' dir='ltr'>iudiciali·</span> 
     </span>
     <span class='ocr_line' id='line_1_94' title="bbox 1258 1753 2229 1798; baseline -0.005 -9"><span class='ocrx_word' id='word_1_668' title='bbox 1258 1761 1321 1789; x_wconf 89' lang='lat' dir='ltr'>bus</span> <span class='ocrx_word' id='word_1_669' title='bbox 1342 1758 1451 1798; x_wconf 82' lang='lat' dir='ltr'>Moysi</span> <span class='ocrx_word' id='word_1_670' title='bbox 1478 1757 1647 1788; x_wconf 85' lang='lat' dir='ltr'>sciendum</span> <span class='ocrx_word' id='word_1_671' title='bbox 1677 1762 1744 1793; x_wconf 89' lang='lat' dir='ltr'>est,</span> <span class='ocrx_word' id='word_1_672' title='bbox 1777 1756 1850 1786; x_wconf 90' lang='lat' dir='ltr'>ideo</span> <span class='ocrx_word' id='word_1_673' title='bbox 1879 1765 1917 1785; x_wconf 88' lang='lat' dir='ltr'>ea</span> <span class='ocrx_word' id='word_1_674' title='bbox 1950 1764 2017 1784; x_wconf 91' lang='lat' dir='ltr'>non</span> <span class='ocrx_word' id='word_1_675' title='bbox 2049 1753 2168 1793; x_wconf 90' lang='lat' dir='ltr'>requiri</span> <span class='ocrx_word' id='word_1_676' title='bbox 2196 1753 2229 1784; x_wconf 91' lang='lat' dir='ltr'>in</span> 
     </span>
     <span class='ocr_line' id='line_1_95' title="bbox 1258 1795 2229 1841; baseline -0.006 -10"><span class='ocrx_word' id='word_1_677' title='bbox 1258 1799 1458 1841; x_wconf 85' lang='lat' dir='ltr'>Evangelio,</span> <span class='ocrx_word' id='word_1_678' title='bbox 1486 1799 1560 1840; x_wconf 90' lang='lat' dir='ltr'>quia</span> <span class='ocrx_word' id='word_1_679' title='bbox 1581 1797 1795 1840; x_wconf 84' lang='lat' dir='ltr'>Evangelium</span> <span class='ocrx_word' id='word_1_680' title='bbox 1825 1798 1923 1828; x_wconf 86' lang='lat' dir='ltr'>docet</span> <span class='ocrx_word' id='word_1_681' title='bbox 1950 1797 1991 1826; x_wconf 90' lang='lat' dir='ltr'>de</span> <span class='ocrx_word' id='word_1_682' title='bbox 2013 1795 2152 1836; x_wconf 87' lang='lat' dir='ltr'>quadam</span> <span class='ocrx_word' id='word_1_683' title='bbox 2174 1805 2229 1826; x_wconf 91' lang='lat' dir='ltr'>ae-</span> 
     </span>
     <span class='ocr_line' id='line_1_96' title="bbox 1259 1837 2228 1880; baseline -0.006 -7"><span class='ocrx_word' id='word_1_684' title='bbox 1259 1850 1353 1873; x_wconf 87' lang='lat' dir='ltr'>terna</span> <span class='ocrx_word' id='word_1_685' title='bbox 1374 1841 1496 1872; x_wconf 89' lang='lat' dir='ltr'>iustitia</span> <span class='ocrx_word' id='word_1_686' title='bbox 1519 1846 1551 1871; x_wconf 87' lang='lat' dir='ltr'>et</span> <span class='ocrx_word' id='word_1_687' title='bbox 1573 1839 1745 1880; x_wconf 79' lang='lat' dir='ltr'>spirituali,</span> <span class='ocrx_word' id='word_1_688' title='bbox 1769 1845 1799 1870; x_wconf 90' lang='lat' dir='ltr'>et</span> <span class='ocrx_word' id='word_1_689' title='bbox 1822 1839 1948 1869; x_wconf 88' lang='lat' dir='ltr'>interim</span> <span class='ocrx_word' id='word_1_690' title='bbox 1968 1837 2120 1868; x_wconf 88' lang='lat' dir='ltr'>concedit</span> <span class='ocrx_word' id='word_1_691' title='bbox 2130 1837 2228 1867; x_wconf 89' lang='lat' dir='ltr'>nobis</span> 
     </span>
     <span class='ocr_line' id='line_1_97' title="bbox 1259 1877 2229 1923; baseline -0.007 -8"><span class='ocrx_word' id='word_1_692' title='bbox 1259 1887 1290 1916; x_wconf 91' lang='lat' dir='ltr'>in</span> <span class='ocrx_word' id='word_1_693' title='bbox 1313 1885 1376 1915; x_wconf 90' lang='lat' dir='ltr'>hac</span> <span class='ocrx_word' id='word_1_694' title='bbox 1395 1884 1461 1914; x_wconf 82' lang='lat' dir='ltr'>vita</span> <span class='ocrx_word' id='word_1_695' title='bbox 1480 1881 1643 1923; x_wconf 88' lang='lat' dir='ltr'>corporali</span> <span class='ocrx_word' id='word_1_696' title='bbox 1665 1882 1710 1913; x_wconf 89' lang='lat' dir='ltr'>uti</span> <span class='ocrx_word' id='word_1_697' title='bbox 1732 1881 1861 1922; x_wconf 82' lang='lat' dir='ltr'>legibus</span> <span class='ocrx_word' id='word_1_698' title='bbox 1879 1881 2021 1911; x_wconf 90' lang='lat' dir='ltr'>omnium</span> <span class='ocrx_word' id='word_1_699' title='bbox 2032 1877 2229 1919; x_wconf 72' lang='lat' dir='ltr'>politian-um,</span> 
     </span>
     <span class='ocr_line' id='line_1_98' title="bbox 1259 1920 2228 1968; baseline -0.007 -11"><span class='ocrx_word' id='word_1_700' title='bbox 1259 1929 1291 1958; x_wconf 90' lang='lat' dir='ltr'>in</span> <span class='ocrx_word' id='word_1_701' title='bbox 1315 1927 1433 1968; x_wconf 92' lang='lat' dir='ltr'>quibus</span> <span class='ocrx_word' id='word_1_702' title='bbox 1456 1926 1610 1959; x_wconf 73' lang='lat' dir='ltr'>vivimu53</span> <span class='ocrx_word' id='word_1_703' title='bbox 1633 1925 1719 1955; x_wconf 87' lang='lat' dir='ltr'>sicut</span> <span class='ocrx_word' id='word_1_704' title='bbox 1742 1923 1893 1954; x_wconf 83' lang='lat' dir='ltr'>concedit</span> <span class='ocrx_word' id='word_1_705' title='bbox 1917 1922 2057 1952; x_wconf 89' lang='lat' dir='ltr'>omnium</span> <span class='ocrx_word' id='word_1_706' title='bbox 2085 1920 2228 1962; x_wconf 84' lang='lat' dir='ltr'>gentium</span> 
     </span>
     <span class='ocr_line' id='line_1_99' title="bbox 1260 1963 2228 2004; baseline -0.008 -4"><span class='ocrx_word' id='word_1_707' title='bbox 1260 1968 1516 2001; x_wconf 90' lang='lat' dir='ltr'>architectonica</span> <span class='ocrx_word' id='word_1_708' title='bbox 1537 1972 1593 1997; x_wconf 84' lang='lat' dir='ltr'>aut</span> <span class='ocrx_word' id='word_1_709' title='bbox 1624 1967 1784 1996; x_wconf 81' lang='lat' dir='ltr'>medicina</span> <span class='ocrx_word' id='word_1_710' title='bbox 1806 1966 1862 2002; x_wconf 91' lang='lat' dir='ltr'>uti,</span> <span class='ocrx_word' id='word_1_711' title='bbox 1891 1970 1947 1994; x_wconf 88' lang='lat' dir='ltr'>aut</span> <span class='ocrx_word' id='word_1_712' title='bbox 1969 1964 2083 2004; x_wconf 89' lang='lat' dir='ltr'>spatiis</span> <span class='ocrx_word' id='word_1_713' title='bbox 2106 1963 2228 1993; x_wconf 88' lang='lat' dir='ltr'>dierum</span> 
     </span>
     <span class='ocr_line' id='line_1_100' title="bbox 1261 2003 2229 2048; baseline -0.008 -6"><span class='ocrx_word' id='word_1_714' title='bbox 1261 2023 1300 2043; x_wconf 87' lang='lat' dir='ltr'>ac</span> <span class='ocrx_word' id='word_1_715' title='bbox 1323 2011 1477 2041; x_wconf 88' lang='lat' dir='ltr'>noctium.</span> <span class='ocrx_word' id='word_1_716' title='bbox 1521 2008 1562 2039; x_wconf 90' lang='lat' dir='ltr'>Et</span> <span class='ocrx_word' id='word_1_717' title='bbox 1591 2009 1632 2038; x_wconf 91' lang='lat' dir='ltr'>de</span> <span class='ocrx_word' id='word_1_718' title='bbox 1660 2008 1724 2038; x_wconf 87' lang='lat' dir='ltr'>hoc</span> <span class='ocrx_word' id='word_1_719' title='bbox 1747 2007 1850 2048; x_wconf 83' lang='lat' dir='ltr'>gradu</span> <span class='ocrx_word' id='word_1_720' title='bbox 1878 2006 2052 2037; x_wconf 86' lang='lat' dir='ltr'>Libertatis</span> <span class='ocrx_word' id='word_1_721' title='bbox 2081 2003 2229 2035; x_wconf 92' lang='lat' dir='ltr'>homines</span> 
     </span>
     <span class='ocr_line' id='line_1_101' title="bbox 1262 2047 2229 2090; baseline -0.008 -6"><span class='ocrx_word' id='word_1_722' title='bbox 1262 2053 1385 2084; x_wconf 90' lang='lat' dir='ltr'>moneri</span> <span class='ocrx_word' id='word_1_723' title='bbox 1409 2061 1546 2082; x_wconf 85' lang='lat' dir='ltr'>necesse</span> <span class='ocrx_word' id='word_1_724' title='bbox 1569 2056 1630 2087; x_wconf 86' lang='lat' dir='ltr'>est,</span> <span class='ocrx_word' id='word_1_725' title='bbox 1654 2051 1728 2090; x_wconf 87' lang='lat' dir='ltr'>quia</span> <span class='ocrx_word' id='word_1_726' title='bbox 1752 2050 1889 2079; x_wconf 84' lang='lat' dir='ltr'>vidimus</span> <span class='ocrx_word' id='word_1_727' title='bbox 1902 2047 2072 2088; x_wconf 87' lang='lat' dir='ltr'>aliquoties</span> <span class='ocrx_word' id='word_1_728' title='bbox 2089 2056 2229 2087; x_wconf 86' lang='lat' dir='ltr'>magnos</span> 
     </span>
     <span class='ocr_line' id='line_1_102' title="bbox 1263 2087 2229 2131; baseline -0.008 -5"><span class='ocrx_word' id='word_1_729' title='bbox 1263 2094 1418 2126; x_wconf 78' lang='lat' dir='ltr'>tumultus</span> <span class='ocrx_word' id='word_1_730' title='bbox 1448 2099 1538 2123; x_wconf 80' lang='lat' dir='ltr'>ortos</span> <span class='ocrx_word' id='word_1_731' title='bbox 1569 2102 1646 2123; x_wconf 80' lang='lat' dir='ltr'>esse</span> <span class='ocrx_word' id='word_1_732' title='bbox 1670 2093 1709 2122; x_wconf 82' lang='lat' dir='ltr'>ab</span> <span class='ocrx_word' id='word_1_733' title='bbox 1730 2093 1785 2128; x_wconf 86' lang='lat' dir='ltr'>iis,</span> <span class='ocrx_word' id='word_1_734' title='bbox 1810 2091 1864 2131; x_wconf 93' lang='lat' dir='ltr'>qui</span> <span class='ocrx_word' id='word_1_735' title='bbox 1887 2091 1991 2130; x_wconf 84' lang='lat' dir='ltr'>ignari</span> <span class='ocrx_word' id='word_1_736' title='bbox 2013 2088 2109 2119; x_wconf 88' lang='lat' dir='ltr'>huius</span> <span class='ocrx_word' id='word_1_737' title='bbox 2131 2087 2229 2119; x_wconf 89' lang='lat' dir='ltr'>liber-</span> 
     </span>
     <span class='ocr_line' id='line_1_103' title="bbox 1262 2132 2196 2175; baseline -0.009 -7"><span class='ocrx_word' id='word_1_738' title='bbox 1262 2139 1336 2168; x_wconf 86' lang='lat' dir='ltr'>tatis</span> <span class='ocrx_word' id='word_1_739' title='bbox 1362 2137 1565 2167; x_wconf 88' lang='lat' dir='ltr'>conabantur</span> <span class='ocrx_word' id='word_1_740' title='bbox 1586 2133 1694 2175; x_wconf 80' lang='lat' dir='ltr'>legem</span> <span class='ocrx_word' id='word_1_741' title='bbox 1716 2134 1825 2174; x_wconf 82' lang='lat' dir='ltr'>Moysi</span> <span class='ocrx_word' id='word_1_742' title='bbox 1848 2134 1879 2163; x_wconf 92' lang='lat' dir='ltr'>in</span> <span class='ocrx_word' id='word_1_743' title='bbox 1903 2132 2008 2162; x_wconf 87' lang='lat' dir='ltr'>sorum</span> <span class='ocrx_word' id='word_1_744' title='bbox 2028 2140 2196 2161; x_wconf 88' lang='lat' dir='ltr'>revocare.</span> 
     </span>
    </p>

    <p class='ocr_par' dir='ltr' id='par_1_14' title="bbox 1260 2172 2230 2387">
     <span class='ocr_line' id='line_1_104' title="bbox 1347 2172 2230 2218; baseline -0.008 -9"><span class='ocrx_word' id='word_1_745' title='bbox 1347 2179 1413 2209; x_wconf 87' lang='lat' dir='ltr'>Sed</span> <span class='ocrx_word' id='word_1_746' title='bbox 1437 2183 1571 2218; x_wconf 87' lang='lat' dir='ltr'>quaerat</span> <span class='ocrx_word' id='word_1_747' title='bbox 1594 2175 1724 2217; x_wconf 75' lang='lat' dir='ltr'>aliquis:</span> <span class='ocrx_word' id='word_1_748' title='bbox 1749 2176 1830 2206; x_wconf 88' lang='lat' dir='ltr'>Cum</span> <span class='ocrx_word' id='word_1_749' title='bbox 1852 2172 2068 2215; x_wconf 85' lang='lat' dir='ltr'>Evangelium</span> <span class='ocrx_word' id='word_1_750' title='bbox 2090 2174 2230 2213; x_wconf 83' lang='lat' dir='ltr'>abroget</span> 
     </span>
     <span class='ocr_line' id='line_1_105' title="bbox 1260 2213 2229 2263; baseline -0.007 -12"><span class='ocrx_word' id='word_1_751' title='bbox 1260 2222 1366 2263; x_wconf 87' lang='lat' dir='ltr'>legem</span> <span class='ocrx_word' id='word_1_752' title='bbox 1380 2220 1500 2261; x_wconf 86' lang='lat' dir='ltr'>Moysi,</span> <span class='ocrx_word' id='word_1_753' title='bbox 1523 2230 1564 2250; x_wconf 88' lang='lat' dir='ltr'>an</span> <span class='ocrx_word' id='word_1_754' title='bbox 1587 2219 1758 2259; x_wconf 85' lang='lat' dir='ltr'>abrogatio</span> <span class='ocrx_word' id='word_1_755' title='bbox 1782 2218 1822 2248; x_wconf 84' lang='lat' dir='ltr'>de</span> <span class='ocrx_word' id='word_1_756' title='bbox 1844 2223 1913 2248; x_wconf 88' lang='lat' dir='ltr'>tota</span> <span class='ocrx_word' id='word_1_757' title='bbox 1935 2216 2009 2256; x_wconf 86' lang='lat' dir='ltr'>lege</span> <span class='ocrx_word' id='word_1_758' title='bbox 2020 2213 2154 2256; x_wconf 86' lang='lat' dir='ltr'>intelligi</span> <span class='ocrx_word' id='word_1_759' title='bbox 2173 2216 2229 2245; x_wconf 91' lang='lat' dir='ltr'>de-</span> 
     </span>
     <span class='ocr_line' id='line_1_106' title="bbox 1260 2255 2228 2303; baseline -0.009 -9"><span class='ocrx_word' id='word_1_760' title='bbox 1260 2264 1357 2295; x_wconf 73' lang='lat' dir='ltr'>beat?</span> <span class='ocrx_word' id='word_1_761' title='bbox 1380 2263 1573 2303; x_wconf 76' lang='lat' dir='ltr'>praesertim</span> <span class='ocrx_word' id='word_1_762' title='bbox 1597 2271 1669 2291; x_wconf 89' lang='lat' dir='ltr'>cum</span> <span class='ocrx_word' id='word_1_763' title='bbox 1692 2259 1873 2300; x_wconf 75' lang='lat' dir='ltr'>decalogus</span> <span class='ocrx_word' id='word_1_764' title='bbox 1896 2259 1937 2288; x_wconf 86' lang='lat' dir='ltr'>sit</span> <span class='ocrx_word' id='word_1_765' title='bbox 1954 2268 2032 2297; x_wconf 89' lang='lat' dir='ltr'>pars</span> <span class='ocrx_word' id='word_1_766' title='bbox 2049 2256 2132 2298; x_wconf 80' lang='lat' dir='ltr'>legis</span> <span class='ocrx_word' id='word_1_767' title='bbox 2146 2255 2228 2286; x_wconf 84' lang='lat' dir='ltr'>disfi-</span> 
     </span>
     <span class='ocr_line' id='line_1_107' title="bbox 1261 2299 2229 2344; baseline -0.009 -7"><span class='ocrx_word' id='word_1_768' title='bbox 1261 2305 1396 2341; x_wconf 82' lang='lat' dir='ltr'>cillima3</span> <span class='ocrx_word' id='word_1_769' title='bbox 1425 2306 1488 2334; x_wconf 91' lang='lat' dir='ltr'>imo</span> <span class='ocrx_word' id='word_1_770' title='bbox 1518 2303 1662 2344; x_wconf 84' lang='lat' dir='ltr'>reliquae</span> <span class='ocrx_word' id='word_1_771' title='bbox 1687 2309 1817 2343; x_wconf 83' lang='lat' dir='ltr'>partes,</span> <span class='ocrx_word' id='word_1_772' title='bbox 1845 2300 1998 2332; x_wconf 86' lang='lat' dir='ltr'>videlicet</span> <span class='ocrx_word' id='word_1_773' title='bbox 2026 2299 2229 2329; x_wconf 88' lang='lat' dir='ltr'>ceremoniae</span> 
     </span>
     <span class='ocr_line' id='line_1_108' title="bbox 1260 2339 2229 2387; baseline -0.009 -8"><span class='ocrx_word' id='word_1_774' title='bbox 1260 2359 1299 2379; x_wconf 89' lang='lat' dir='ltr'>ac</span> <span class='ocrx_word' id='word_1_775' title='bbox 1322 2347 1472 2377; x_wconf 76' lang='lat' dir='ltr'>forenses</span> <span class='ocrx_word' id='word_1_776' title='bbox 1494 2345 1604 2387; x_wconf 81' lang='lat' dir='ltr'>leges,</span> <span class='ocrx_word' id='word_1_777' title='bbox 1634 2346 1745 2375; x_wconf 83' lang='lat' dir='ltr'>verius</span> <span class='ocrx_word' id='word_1_778' title='bbox 1774 2344 1913 2374; x_wconf 88' lang='lat' dir='ltr'>iucunda</span> <span class='ocrx_word' id='word_1_779' title='bbox 1935 2339 2125 2382; x_wconf 87' lang='lat' dir='ltr'>spectacula</span> <span class='ocrx_word' id='word_1_780' title='bbox 2153 2346 2229 2371; x_wconf 85' lang='lat' dir='ltr'>sunt</span> 
     </span>
    </p>
   </div>
   <div class='ocr_carea' id='block_1_8' title="bbox 1260 2481 2227 2552">
    <p class='ocr_par' dir='ltr' id='par_1_15' title="bbox 1260 2481 2227 2552">
     <span class='ocr_line' id='line_1_109' title="bbox 1260 2481 2227 2547; baseline -0.008 -33"><span class='ocrx_word' id='word_1_781' title='bbox 1260 2491 1306 2520; x_wconf 79' lang='grc'>59)</span> <span class='ocrx_word' id='word_1_782' title='bbox 1327 2490 1413 2547; x_wconf 68' lang='lat' dir='ltr'>pruma</span> <span class='ocrx_word' id='word_1_783' title='bbox 1433 2491 1498 2518; x_wconf 81' lang='lat' dir='ltr'>tegis</span> <span class='ocrx_word' id='word_1_784' title='bbox 1523 2488 1617 2517; x_wconf 77' lang='lat' dir='ltr'>officia]</span> <span class='ocrx_word' id='word_1_785' title='bbox 1636 2487 1709 2512; x_wconf 81' lang='lat' dir='ltr'>Editt.</span> <span class='ocrx_word' id='word_1_786' title='bbox 1729 2487 1751 2510; x_wconf 88' lang='grc'>8.</span> <span class='ocrx_word' id='word_1_787' title='bbox 1774 2486 1889 2510; x_wconf 79' lang='grc'>11-13,</span> <span class='ocrx_word' id='word_1_788' title='bbox 1911 2485 1936 2508; x_wconf 84' lang='lat' dir='ltr'>et</span> <span class='ocrx_word' id='word_1_789' title='bbox 1955 2483 2028 2513; x_wconf 58' lang='lat' dir='ltr'>opp:</span> <span class='ocrx_word' id='word_1_790' title='bbox 2054 2483 2121 2507; x_wconf 78' lang='lat' dir='ltr'>Haec</span> <span class='ocrx_word' id='word_1_791' title='bbox 2145 2481 2227 2506; x_wconf 81' lang='lat' dir='ltr'>officia</span> 
     </span>
     <span class='ocr_line' id='line_1_110' title="bbox 1337 2529 1391 2552; baseline 0 -5"><span class='ocrx_word' id='word_1_792' title='bbox 1337 2529 1391 2552; x_wconf 82' lang='lat' dir='ltr'>egts</span> 
     </span>
    </p>
   </div>
  </div>
 </body>
</html>
