2358 2933
122 135 205 169 1089

121 237 154 263 et
175 227 312 270 sanguis
341 234 381 257 ac
395 225 440 261 93)
475 224 609 265 spiritus
632 222 722 255 velut
752 224 904 255 incendio
927 224 1100 255 absumun-

120 280 192 310 tur3
213 274 258 308 ⁹⁹)
293 275 325 300 et
347 266 551 308 languefiunt
576 276 690 298 omnes
715 267 864 298 actiones
890 267 1016 304 cordis,
1045 267 1102 297 do-

121 326 185 347 nec
214 315 280 346 fita
313 319 453 352 prorsus
477 310 687 351 extinguitur.
732 309 823 341 Alibi
847 308 942 340 dolor
964 310 995 340 in
1025 308 1100 340 aliis

120 357 276 391 membris
301 360 352 386 est
373 359 500 385 tantum
522 362 643 384 sensus
665 352 822 384 laesionis
846 362 1034 390 nervorum,
1047 352 1102 393 qui

121 403 172 433 sic
205 399 328 431 conditi
351 402 445 434 sunt,
479 402 514 427 ut
537 396 720 437 percipiant
743 405 864 426 suaves
888 402 919 426 et
944 396 1100 426 insuaves

121 444 294 476 motiones.
356 440 428 471 Nec
462 437 526 469 alia
562 448 681 469 caussa
717 439 903 479 quaerenda
939 444 1006 476 est,
1038 438 1102 469 nisi

121 487 198 528 quia
220 485 314 517 Deus
337 481 440 514 voluit
462 482 560 513 nobis
584 481 770 512 discrimina
790 481 1051 512 conservationis
1071 486 1102 511 et

122 527 358 561 destructionis
382 531 459 556 nota
481 534 570 562 esse,
594 530 626 555 et
648 523 763 561 voluit,
788 530 822 554 ut
841 530 977 555 naturae
995 525 1102 555 iustae

122 573 206 604 bene
229 571 272 601 sit
295 575 327 600 et
346 569 467 599 iniusta
490 568 689 599 destruatur.
719 569 776 605 ι00)

206 611 415 645 LAETITIA
437 617 487 642 est
513 611 627 641 suaw’s
650 616 759 641 motus
783 610 815 640 in
841 610 940 641 corde
964 616 994 640 et
1014 607 1103 640 velut

121 657 259 694 laxatio,
282 657 317 687 in
340 665 405 696 qua
418 654 556 696 sanguis
569 652 700 684 fovetur
714 664 754 684 ac
768 654 925 694 copiosae
939 658 971 683 et
983 654 1008 693 ¹)
1023 651 1104 683 luci·

122 702 184 732 dae
217 699 367 731 flammae
401 698 571 738 spirituum
612 697 807 738 gignuntur,
848 697 966 737 quibus
1000 701 1103 726 totum

83 778 94 788 ·
122 752 245 784 corpus
278 740 420 772 fovetur.
465 739 515 770 Ex
548 739 599 770 his
634 740 732 770 initiis
767 741 867 770 ceteri
890 738 1030 770 affectus
1053 744 1103 768 ut-

122 794 251 826 cunque
284 784 428 815 describi
451 788 609 823 possunt,
645 782 720 824 quia
744 780 892 823 plerique
916 787 992 813 sunt
1017 791 1103 812 com-

120 829 219 870 positi
243 837 303 858 seu
325 827 428 857 mixti.
475 825 533 857 Ut:

208 870 285 901 IRA
318 875 369 900 est
403 868 497 900 dolor
531 869 641 900 cordis
664 867 819 910 fugientis
843 868 1007 898 obiectum
1026 876 1103 897 con-

121 915 256 946 trarium
290 919 323 944 et
356 911 453 943 simul
467 914 495 949 ²)
531 912 690 953 cupiditas
715 910 929 952 depulsionis.
975 910 1025 940 Fit
1047 920 1104 940 au-

121 964 187 989 tem
210 956 458 997 compressione
481 954 587 985 dolor.
634 954 744 990 Quare
767 954 904 996 sanguis
924 952 1046 990 affluit,
1068 958 1103 983 ut

121 1000 214 1032 cordi
234 1009 329 1039 opem
347 998 442 1029 ferat.
489 999 556 1030 Sed
581 998 745 1039 cupiditas
769 996 974 1038 depulsionis
997 996 1032 1026 fit
1057 994 1103 1026 la-

121 1044 267 1080 xatione,
291 1043 322 1072 in
347 1053 412 1083 qua
437 1052 495 1072 cor
513 1040 647 1072 effundit
665 1041 860 1082 sanguinem
873 1046 905 1071 et
917 1040 1051 1080 spiritus
1071 1039 1103 1069 in

121 1092 272 1117 extrema
291 1086 448 1122 membra,
474 1091 505 1115 et
529 1090 684 1125 tanquam
709 1090 815 1114 armat.
838 1093 890 1121 ea,
914 1089 946 1114 et
962 1088 1103 1123 utroque

120 1135 211 1160 motu
245 1134 420 1159 crescente
455 1127 490 1158 fit
512 1128 699 1158 incendium
723 1127 833 1158 cordis
857 1132 889 1157 et
919 1126 1102 1166 spirituum.

120 1171 205 1203 Hinc
229 1177 307 1203 sunt
326 1171 582 1212 descriptiones:
597 1173 606 1208 [
611 1170 707 1201 Ovid.
717 1170 788 1200 Art.
798 1175 894 1200 amat.
904 1167 1029 1207 111‚503
1039 1171 1102 1208 sq.]

163 1265 231 1297 Ora
253 1271 378 1298 tument
401 1266 465 1305 ira,
489 1265 682 1305 nigrescunt
702 1263 864 1303 sanguine
887 1272 1004 1300 venae,

206 1308 355 1347 Diraque
380 1307 561 1346 Gorgoneo
574 1308 603 1344 3)
624 1304 745 1336 lumina
768 1304 845 1335 felle
867 1305 999 1335 micant.

207 1390 353 1422 ODlUM
378 1395 429 1421 est
453 1390 643 1421 continuata
661 1390 710 1420 ira
733 1396 887 1430 tanquam
910 1395 1104 1430 perpetuum

120 1435 303 1467 incendium
329 1444 389 1465 seu
412 1433 544 1464 flamma
567 1434 599 1463 in
624 1433 735 1463 corde.

206 1476 337 1508 AMOR
372 1482 423 1507 est
451 1476 654 1516 compositus
679 1485 719 1505 ex
742 1473 865 1505 laetitia
889 1480 921 1505 et
944 1484 986 1505 ex
1003 1480 1100 1505 attra—

121 1522 230 1553 ctione
264 1521 312 1551 rei
347 1518 526 1561 placentis.
562 1519 678 1559 Fitque
708 1516 857 1548 dilatatio
882 1517 992 1548 cordis
1013 1516 1104 1548 velut

119 1563 274 1605 amplexu
296 1562 490 1594 attrahentis
514 1572 583 1593 rem
606 1560 804 1602 placentem,
830 1566 863 1591 ut
887 1570 942 1591 res
966 1559 1103 1600 placens

120 1607 178 1638 fiat
196 1617 297 1638 unum
321 1607 475 1647 quiddam
497 1606 531 1636 in
551 1605 662 1642 corde,
682 1610 716 1634 ut
741 1603 873 1634 dicitur:
903 1603 1029 1642 σώματα
1051 1605 1104 1642 μὲν

120 1649 184 1688 δύο,
207 1649 288 1690 ψυχὴ
313 1649 344 1679 δὲ
367 1653 433 1688 μία.

206 1691 519 1724 MANSUETUDO
545 1697 595 1722 est
614 1690 718 1721 n‘rtus
738 1689 939 1720 moderatrix
962 1689 1046 1726 irae,
1072 1689 1105 1719 id

121 1742 183 1774 est,
206 1746 273 1766 non
293 1735 466 1766 effundens
488 1735 581 1765 iram.
606 1743 668 1764 nec
688 1733 923 1773 obtemperans
943 1733 1024 1771 irae,
1041 1732 1104 1763 nisi

120 1780 175 1811 ubi
197 1777 252 1809 lex
275 1778 339 1809 Dei
358 1779 449 1809 iubet
471 1777 569 1808 irasci
594 1782 625 1807 et
647 1777 771 1817 punire.

204 1821 325 1852 Vicina
348 1822 452 1852 virtus
477 1826 526 1850 est
549 1818 742 1850 NEMESIS
761 1829 821 1850 seu
841 1817 994 1849 ZELUS.
1019 1827 1104 1859 quae

122 1874 171 1896 est
206 1865 306 1895 irasci
337 1871 368 1895 et
402 1865 518 1904 punire
552 1864 642 1897 iuxta
665 1862 819 1892 mandata
842 1861 915 1892 Dei.
962 1861 1006 1892 Ut
1030 1860 1104 1891 Phi-

120 1918 201 1939 nees
222 1909 252 1949 4)
287 1908 389 1938 iratus
420 1912 556 1947 propter
580 1904 718 1947 gloriam
736 1904 798 1935 Dei
822 1904 984 1935 interfecit
1008 1914 1104 1935 acce-

122 1952 252 1982 dentem
271 1950 314 1980 ad
336 1950 544 1991 peregrinam
568 1948 746 1979 mulierem.
781 1948 852 1978 Nec
876 1954 967 1979 recte
993 1948 1103 1978 dicunt

122 1994 236 2032 Stoici,
249 1992 395 2024 Poenam
420 1993 645 2033 exequendam
669 2001 744 2022 esse
768 1992 839 2021 sine
862 1991 922 2028 ira,
943 1992 1017 2032 quia
1034 1989 1103 2022 vult

123 2037 218 2068 Deus
243 2037 338 2066 etiam
363 2036 464 2067 corda
484 2045 563 2066 vere
588 2035 798 2071 commoveri,
833 2034 906 2064 ideo
929 2033 1012 2064 tales
1036 2045 1104 2065 mo-

123 2086 176 2111 tus
200 2079 312 2110 indidit
335 2078 541 2116 hominibus,
565 2084 596 2109 et
619 2078 760 2119 Spiritus
785 2083 922 2108 sanctus
945 2078 1017 2118 ipse
1041 2078 1103 2108 ciet

124 2219 170 2250 93)
189 2219 230 2250 ac]
250 2219 322 2250 θοι-ρ.
346 2218 428 2244 1-8..
448 2218 507 2248 opp.
529 2219 551 2240 1.
573 2217 596 2241 2.
616 2219 642 2242 et

124 2271 170 2300 99)
189 2270 380 2300 absumuntur]
399 2269 471 2295 Editt.
494 2269 600 2294 17-19.
620 2269 660 2292 22.
680 2270 720 2292 23.
741 2269 892 2294 absumitur.

126 2323 187 2354 100)
206 2323 273 2348 bene
293 2323 325 2347 sit
344 2342 349 2346 .
370 2339 375 2344 .
398 2341 403 2345 .
424 2320 591 2351 destruatur]
630 2320 703 2346 Editt.
725 2320 833 2344 16-19.
853 2322 902 2350 2:22,
922 2320 976 2345 Des.
1000 2321 1020 2342 1.
1041 2320 1105 2344 bene

211 2359 280 2383 esset
301 2376 306 2380 .
328 2373 333 2379 .
355 2376 360 2380 .
382 2356 568 2381 destrueretur.

146 2410 172 2439 1)
192 2408 327 2468 {firmini}
342 2407 380 2432 16.
401 2408 439 2432 17.
461 2407 501 2430 20.
523 2408 562 2432 21.
582 2407 640 2432 25..
678 2407 748 2438 Corp.
768 2409 799 2435 1.,
838 2408 897 2438 opp.
919 2408 938 2431 1.
959 2407 991 2436 2..
1010 2406 1051 2431 Ex.
1073 2406 1105 2430 3..

214 2449 248 2467 e.
287 2460 293 2465 .
331 2448 384 2467 .ac

143 2495 171 2525 2)
191 2494 277 2525 simul]
298 2494 371 2519 Editt,
393 2493 500 2516 16ffl19.
521 2493 570 2516 23..
589 2493 642 2518 Des.
663 2494 683 2516 1.
704 2493 779 2518 simul
798 2497 836 2519 est

143 2545 172 2577 3)
193 2545 336 2577 Gorgoneo]
358 2545 431 2570 Editt.
456 2544 564 2568 16—20.
585 2544 625 2567 23.
647 2544 696 2570 95..
711 2544 772 2569 Des.
793 2545 813 2570 1.
833 2545 856 2568 2.
878 2545 1002 2574 Gorgonio

144 2598 172 2628 4)
191 2596 395 2628 Phinee51C0rp.
415 2597 437 2619 Q.
458 2597 481 2620 4.
503 2602 589 2621 errore
608 2599 672 2627 tyn:
691 2596 797 2621 Piiienes

279 2655 399 2676 uuum.
415 2655 482 2676 orta.
497 2655 547 2676 toi.
562 2656 609 2675 xm

602 131 623 163 1.
647 130 748 162 LOCI
771 128 1046 162 THEOLOGICI:
1069 129 1112 160 D.
1136 126 1295 159 TERTIA
1316 125 1471 158 EORUM
1495 124 1651 157 AETAS.

2038 123 2121 155 1090

1146 231 1205 253 eos
1228 221 1261 252 in
1285 221 1421 258 sanctis,
1439 220 1530 250 iuxta
1554 219 1674 250 dictum
1693 216 1830 257 [psalm.
1853 216 1913 254 68,
1937 217 2018 257 10.]:
2062 217 2121 248 Ze-

1145 263 1198 296 lus
1221 265 1338 295 domus
1362 268 1438 294 tuae
1462 262 1601 294 comedit
1625 271 1686 292 me.

1230 305 1553 338 MISERICORDIA
1587 310 1637 335 est
1660 305 1784 341 virtus,
1819 313 1883 344 qua
1917 302 2066 334 dolemus
2088 304 2121 334 in

1147 349 1333 381 calamitate
1367 349 1527 380 iustorum
1559 354 1615 378 aut
1637 354 1773 388 propter
1795 345 1999 387 probabilem
2022 347 2122 377 ratio-

1145 404 1220 424 nem
1253 394 1286 423 in
1316 390 1501 423 calamitate
1531 391 1617 421 iusta
1635 400 1765 427 eorum,
1799 390 1854 430 qui
1876 395 1984 420 tamen
2009 399 2122 420 errore

1146 442 1201 467 aut
1224 434 1445 466 imbecillitate
1467 433 1553 475 lapsi
1572 440 1664 471 sunt,
1688 439 1719 464 et
1741 431 1845 463 lenire
1867 432 2032 463 miseriam
2055 438 2122 463 stu-

1147 480 1272 510 demus.

1231 519 1431 552 AMICITIA
1453 525 1503 551 est
1526 519 1661 556 lustitia,
1680 519 1712 548 in
1737 528 1801 558 qua
1822 528 1882 558 pro
1895 516 2124 549 benevolentia

1147 570 1218 595 orta
1248 574 1289 594 ex
1323 564 1454 594 caussis
1484 562 1633 593 honestis
1664 561 1830 591 reddimus
1861 559 2123 591 benevolentiam

1147 613 1179 638 et
1202 605 1339 648 obligati
1362 615 1476 637 sumus
1499 605 1541 636 ad
1564 610 1676 635 mutua
1699 602 1809 634 officia
1831 602 1973 634 honesta
1996 609 2028 634 et
2046 613 2123 644 pos-

1147 648 1263 681 sibilia.
1593 686 1595 688 ι

1230 691 1502 725 ἘΠΙΕΓΚΕΙΑὸὶ
1537 695 1588 721 est
1621 689 1725 720 virtus
1754 687 1881 720 leniens
1915 689 2124 720 severitatem

1148 736 1253 767 stricti
1275 736 1354 766 iuris
1377 739 1512 774 propter
1541 732 1745 773 probabilem
1768 732 1944 769 rationem,
1980 732 2057 773 quia
2078 732 2124 762 vi-

1148 778 1268 810 delicet
1292 779 1325 809 in
1344 776 1590 808 circumstantia
1609 781 1660 806 est
1681 775 1893 816 mitigationis
1918 784 2056 812 caussa,
2089 781 2124 805 ut

1148 832 1222 852 cum
1239 818 1469 862 Thrasybulus
1492 819 1623 850 Atticus
1658 820 1782 856 sancit,
1815 827 1858 848 ne
1881 818 2009 848 reducti
2034 818 2124 848 cives

1148 870 1281 905 ereptas
1303 864 1535 905 possessiones
1558 867 1720 902 repetant,
1743 861 1819 902 quia
1842 861 1991 901 repetitio
2003 870 2125 891 novum

1148 907 1269 939 bellum
1302 916 1486 938 accensura
1519 911 1599 936 erat.
1612 906 1641 945 ⁶)
1688 904 1743 936 Sic
1766 902 1890 935 Paulus
1925 904 2028 945 inquit
2050 902 2125 933 Phi·

1147 950 1224 991 lipp.
1244 951 1274 981 4.
1310 953 1374 988 [vs.
1394 949 1438 986 5-1
1463 948 1652 987 Ἐπιείκειαὸ)
1675 953 1787 978 vestra
1809 953 1886 977 nota
1910 947 1950 977 sit
1975 947 2125 977 onmibus

1147 994 1344 1025 hominibus.
1390 990 1471 1023 Vult
1494 992 1578 1022 enim
1600 992 1632 1021 in
1653 990 1847 1021 Christianis
1871 990 2013 1020 eminere
2035 990 2125 1020 boni-

1147 1043 1247 1068 tatem
1288 1036 1528 1066 condonantem
1569 1033 1688 1065 multas
1733 1033 1878 1073 privatas
1925 1032 2124 1063 offensiones

1147 1077 1374 1120 tranquillitati
1393 1076 1556 1119 publicae,
1580 1078 1663 1108 sicut
1688 1083 1720 1107 et
1732 1076 1893 1106 Dominus
1912 1075 2014 1116 inquit
2029 1074 2123 1113 [Luc.

1147 1122 1277 1161 6,37.]:
1301 1121 1479 1158 Remittite,
1505 1127 1535 1150 et
1560 1121 1739 1151 remittetur
1757 1119 1864 1150 vobis.
1898 1117 1940 1149 Et
1968 1118 2038 1148 noti
2061 1118 2125 1147 sint

1148 1164 1327 1196 dulcissimi
1351 1173 1469 1194 versus
1492 1163 1707 1193 Nazianzeni:

1236 1207 1336 1247 Eld'T)
1362 1205 1448 1241 οἶδας
1472 1205 1584 1245 ἔφλων,
1603 1208 1653 1235 καὶ
1676 1205 1844 1245 πρόχρησον
1866 1203 1900 1234 τὸ
1922 1205 2030 1244 πρᾶον,

1235 1252 1335 1291 Οἴκτῳ
1359 1249 1416 1289 γὰρ
1443 1249 1549 1284 οἷ’κῑος,
1571 1248 1616 1289 τῷ
1638 1249 1705 1289 θεῷ
1726 1248 1932 1286 σταθμίζεται.

1147 1293 1206 1324 Est
1225 1298 1332 1324 autem
1355 1291 1493 1322 maxime
1514 1290 1654 1321 illustris
1676 1290 1884 1330 Έπιείκεια,5)
1914 1300 2011 1330 quam
2033 1288 2126 1320 Deus

1147 1338 1179 1368 in
1197 1333 1382 1376 Evangelio
1402 1333 1570 1375 patefacit,
1589 1336 1628 1366 72')
1665 1333 1826 1373 recipiens
1846 1331 2033 1363 inchoatam
2051 1333 2127 1363 obe-

1159 1379 1341 1415 dientiamss)
1354 1383 1490 1418 propter
1499 1375 1600 1407 filium
1614 1384 1645 1407 et
1663 1377 1756 1417 quasi
1771 1377 1968 1417 dispensans
1982 1376 2022 1406 de
2036 1375 2126 1416 Lege

1149 1432 1221 1452 sua.

1233 1463 1371 1494 Vicinae
1394 1463 1533 1493 virtutes
1557 1468 1634 1493 sunt
1653 1471 1770 1493 severa
1793 1462 1914 1493 iustitia
1927 1468 1957 1492 et
1973 1464 2124 1499 ἐπιείκεια,

1147 1508 1233 1538 sicut
1265 1504 1464 1537 Liberalitas
1480 1507 1509 1546 ⁹)
1544 1511 1575 1535 et
1615 1504 1836 1541 Parsimonia,
1871 1504 1950 1535 Item
1969 1506 2009 1542 ¹⁰)
2043 1505 2123 1535 sicut

1147 1549 1367 1580 Mansuetudo
1392 1554 1423 1579 et
1447 1548 1611 1586 Nemesis,
1634 1547 1715 1578 Item
1733 1548 1819 1579 sicut
1843 1547 1977 1578 Veritas
2001 1552 2031 1578 et
2043 1546 2127 1578 Can-

1151 1593 1222 1623 dor.
1268 1592 1329 1623 Est
1364 1592 1450 1622 enim
1475 1590 1607 1622 Candor
1630 1592 1733 1622 virtus
1757 1592 1789 1622 in
1813 1600 2009 1632 quacunque
2030 1590 2127 1621 inter·

1147 1636 1345 1677 pretatione,
1380 1645 1446 1665 non
1471 1633 1577 1665 solum
1601 1644 1667 1665 non
1691 1634 1878 1674 depravans
1901 1639 1990 1664 recte
2011 1635 2052 1670 ¹¹)
2083 1634 2128 1664 di-

1150 1685 1201 1710 cta
1227 1677 1418 1715 calumniis.
1444 1677 1504 1708 sed
1527 1678 1624 1707 etiam
1651 1677 1791 1708 flectens
1815 1677 1968 1717 ambigua
1991 1677 2034 1708 ad
2063 1686 2127 1707 me-

1147 1721 1264 1753 liorem
1287 1722 1494 1752 sententiam.
1528 1719 1568 1751 Et
1590 1726 1802 1761 praeceptum
1826 1725 1877 1750 est
1901 1720 1941 1750 de
1960 1719 2128 1750 Candore:

1150 1765 1280 1804 [Matth.
1302 1765 1332 1801 7,
1354 1764 1418 1803 l.]:
1442 1762 1551 1794 Nolite
1570 1764 1728 1801 iudicare,
1750 1774 1792 1794 ne
1815 1762 2000 1794 indicemini
2022 1768 2083 1793 etc.

1235 1806 1489 1839 FORTITUDO
1509 1813 1559 1838 est
1581 1807 1685 1837 virtus
1704 1817 1744 1838 ac
1767 1806 1903 1836 firmitas
1928 1805 2038 1836 cordis
2056 1816 2129 1846 per-

1149 1850 1259 1882 ferens
1289 1849 1423 1881 dolores
1452 1860 1493 1881 ac
1522 1848 1668 1891 pericula
1697 1856 1764 1880 tum
1787 1850 1819 1880 in
1843 1849 2037 1879 sustinendo
2060 1854 2128 1879 tum

1149 1896 1180 1925 in
1205 1893 1402 1934 depellendo
1425 1894 1515 1924 iuxta
1529 1893 1652 1933 Legem
1664 1892 1739 1930 Dei.
1764 1903 1848 1934 quae
1867 1892 2020 1928 ostendit,
2044 1902 2128 1932 quae

1149 1939 1213 1968 sint
1237 1937 1439 1974 sustinenda,
1463 1942 1495 1966 et
1517 1937 1572 1966 ubi
1586 1937 1627 1967 sit
1640 1936 1795 1967 utendum
1809 1933 2013 1975 depulsione.
2038 1934 2128 1965 Haec

1150 1981 1286 2012 firmitas
1312 1980 1434 2017 cordis,
1457 1986 1491 2010 ut
1516 1980 1547 2009 in
1560 1979 1690 2010 Davide
1714 1980 1897 2009 sustinente
1915 1978 2048 2008 iniurias
2073 1984 2127 2008 aut

1166 2090 1389 2125 5)‘EH1131KEL4
1409 2112 1412 2115 .
1434 2110 1439 2115 .
1461 2110 1466 2115 .
1483 2088 1632 2124 Ἑπιεῐκεια]
1672 2092 1744 2117 Editt.
1764 2091 1870 2116 16-19,
1890 2091 1998 2115 21-24,
2018 2090 2058 2114 26.
2078 2091 2117 2114 27.

1219 2129 1290 2159 (ἴοι-ρ.
1313 2129 1324 2150 1
1346 2141 1376 2144 -
1398 2128 1430 2154 8..
1448 2128 1488 2153 Ex.
1508 2127 1540 2155 3.,
1559 2127 1613 2152 Des.
1636 2129 1656 2150 1.
1676 2127 1700 2150 2.
1721 2127 1810 2152 tribus
1828 2127 1871 2152 leis
1889 2126 1958 2151 locis
1975 2125 2062 2151 latine
2079 2126 2126 2151 ha-

1218 2163 1298 2189 bent:
1316 2163 1426 2188 ΕΡΠΚΙΑ
1446 2181 1451 2185 .
1473 2180 1478 2184 .
1501 2179 1507 2185 .
1527 2162 1621 2192 Epijkia

1167 2215 1195 2247 6)
1216 2214 1281 2245 erat]
1302 2215 1373 2245 Corp.
1393 2215 1415 2239 2.
1433 2214 1455 2238 4.
1475 2216 1544 2238 esset

1168 2267 1195 2297 τ)
1217 2262 1286 2297 ΕίιΓ]
1325 2266 1397 2291 Editt.
1428 2264 1465 2289 16.
1486 2265 1526 2288 21.
1547 2265 1586 2288 2‘2.
1607 2266 1646 2290 ⁴24.
1666 2265 1706 2290 28.
1727 2264 1766 2287 29.
1787 2264 1839 2288 31..
1860 2264 1919 2294 opp.
1941 2264 1961 2286 1.
1984 2264 2016 2288 2..
2036 2263 2076 2288 Ex.
2097 2264 2124 2287 3..

1218 2301 1272 2326 Def.
1296 2301 1316 2323 1.
1337 2301 1358 2325 2.
1378 2298 1442 2322 Εῐσὲ

1152 2354 1191 2385 Ta)
1211 2351 1342 2383 patefacit]
1364 2352 1436 2376 Editt.
1457 2351 1497 2375 22.
1518 2351 1558 2374 23.
1579 2349 1699 2381 patefecit

1168 2406 1196 2435 S)
1215 2403 1398 2433 obedientiam]
1417 2403 1488 2428 Editt.
1510 2402 1614 2427 16—19.
1634 2402 1682 2431 23..
1701 2401 1755 2427 Det.
1776 2402 1799 2424 1.
1820 2402 2017 2426 inobedientiam

1168 2456 1196 2487 9)
1216 2454 1381 2485 Liberalitas]
1401 2454 1454 2479 Des.
1478 2455 1498 2477 1.
1517 2454 1640 2480 Libertas
1660 2454 1731 2484 Corp.
1752 2454 1825 2476 1-8.
1847 2456 1871 2478 et
1890 2453 2039 2479 Liberalitas

1152 2509 1195 2537 10)
1215 2506 1446 2566 sicutgiisiepalitas
1466 2509 1490 2530 et
1509 2506 1673 2531 Parsimonia.
1691 2506 1753 2531 Item
1772 2506 1875 2531 absunt
1887 2505 2003 2531 ahi-Idm
2018 2504 2124 2528 16-19,

1220 2542 1269 2566 23..
1309 2548 1322 2565 e
1337 2561 1341 2565 .
1378 2559 1383 2564 .

1152 2594 1195 2625 11)
1216 2593 1295 2623 recte]
1316 2593 1387 2623 corp.
1411 2594 1482 2620 1—8.
1501 2597 1569 2619 recta
1925 2627 1955 2650 6<⁵
