2358 2933
103 116 165 146 :309

139 803 179 826 54.

139 2198 177 2220 55.

198 801 220 825 b.

549 113 572 142 1.
596 112 696 143 LOCI
718 110 990 142 THEOLOGICI:
1013 109 1051 141 C.
1074 109 1284 141 SECUNDA
1306 109 1461 141 EORUM
1482 109 1638 140 AETAS.

259 217 328 237 rum
356 205 490 246 propria
519 205 639 236 docere
668 214 734 234 non
769 204 915 244 possint,
950 208 1075 233 tantum

258 247 535 289 philosophantur
552 247 595 277 de
612 246 756 278 externis
776 251 808 276 et
826 243 977 276 civilibus
996 254 1074 283 ope-

258 291 358 321 ribus.
394 289 514 319 Tertio.
543 288 618 319 Etsi
634 289 698 319 iam
716 288 852 318 diximus
866 288 954 316 bona
973 295 1074 325 opera

257 332 446 363 necessaria
475 341 567 367 esse,
588 330 677 360 'Item
706 330 798 360 cuius
825 329 956 370 generis
986 329 1074 358 bona

257 384 359 413 opera
376 373 565 405 necessaria
582 373 659 409 sint,
678 377 785 402 tamen
808 371 952 401 nondum
976 371 1074 400 abso-

256 415 324 448 luta
347 423 395 446 est
425 415 508 445 haec
534 424 653 450 causa,
678 413 788 453 Atque
812 413 865 443 hic
891 412 1074 442 adversarii

256 465 323 489 non
342 455 549 488 satisfaciunt
569 455 797 492 conscientiis,
817 461 849 485 et
868 455 900 484 in
924 455 1074 485 doctrina

259 501 419 530 bonorum
449 508 583 538 operum
618 497 768 526 omittunt
798 495 906 527 locum
935 496 1075 526 maxime

260 541 498 577 necessarium,
530 539 698 574 Quaerunt
724 539 808 568 enim
839 538 1074 574 conscientiae,

257 583 292 614 Si
311 583 495 613 obedientia
506 580 595 622 legis
609 587 659 610 est
671 581 872 617 necessaria,
890 590 965 610 cum
978 588 1073 609 nemo

256 624 321 666 legi
349 622 551 660 satisfaciat,
575 623 740 662 quomodo
769 621 878 661 placet
903 623 964 651 deo
991 620 1074 651 haec

256 665 447 706 imperfecta
472 664 683 696 obedientia?
722 664 803 694 Item
827 664 993 705 quomodo
1013 664 1074 693 eri-

256 718 328 738 mus
352 706 452 743 salvi,
483 716 556 737 cum
585 706 770 736 obedientia
792 705 910 745 procul
935 706 1021 735 absit
1054 715 1076 734 a

256 748 457 789 perfectione
481 747 585 788 legis,
614 758 689 778 011111
712 749 893 778 sentiamus
918 748 950 776 in
976 747 1073 776 nobis

256 791 365 822 adhuc
402 790 538 820 haerere
556 789 749 829 peccatum?
772 789 842 819 Hae
861 788 1073 829 quaestiones

256 833 469 873 explicandae
492 838 568 862 sunt
595 831 822 868 conscientiis,
847 837 879 861 et
899 830 1073 860 ostenden-

259 876 335 906 dum
361 885 412 915 qun
429 874 527 904 modo
554 873 708 903 inchoata
737 879 769 904 et
786 871 977 913 imperfecta
996 873 1073 902 obe-

257 917 378 948 dientia
413 916 474 946 deo
508 914 656 955 placeat,
682 924 723 945 ne
753 915 976 945 conscientiae
994 914 1073 944 inci-

256 960 334 990 dant
346 959 379 988 in
392 958 626 989 dubitationem
639 968 679 987 ac
698 957 971 996 desperationem,
990 966 1073 986 neve

255 1002 400 1032 tribuant
423 999 561 1040 gloriam
582 998 705 1029 Christi
730 997 880 1029 humanis
905 999 1072 1038 operibus.

256 1042 337 1073 Cum
366 1042 465 1082 igitur
489 1040 576 1070 hunc
605 1039 715 1071 locum
749 1040 905 1079 explicari
934 1050 1073 1070 necesse

254 1084 312 1121 sit,
336 1084 474 1123 primum
494 1082 663 1113 sciendum
687 1088 755 1119 cst,
782 1083 877 1113 etiam
896 1083 928 1112 in
947 1083 1072 1113 sanctis

255 1125 472 1157 obedientiam
496 1123 717 1163 imperfectam
741 1131 772 1155 et
795 1131 922 1155 tantum
940 1124 1073 1154 inchoa-

255 1175 322 1199 tam
340 1177 433 1203 esse,
463 1176 524 1196 nec
543 1165 736 1198 satisfacere
760 1176 818 1197 eos
837 1165 905 1207 legi
923 1167 1013 1207 quod
1031 1167 1074 1196 ad

255 1211 360 1250 ipsam
377 1209 597 1239 obedientiam
615 1210 739 1239 attinet.
769 1209 805 1239 Id
826 1208 915 1239 clm-e
933 1215 1073 1239 testatur

255 1250 378 1283 Paulus
392 1262 465 1281 cum
478 1251 581 1290 inquit
595 1250 700 1288 [Rom.
709 1251 738 1287 7,
751 1251 827 1289 ‘234
857 1251 963 1281 Video
977 1250 1074 1281 aliam

253 1292 361 1335 legem
377 1294 409 1323 in
427 1293 581 1323 membris
600 1294 681 1323 meis
701 1299 763 1323 etc.
809 1293 889 1324 Item
909 1292 1073 1331 [Galat.5,

256 1336 321 1373 17.]
352 1334 438 1365 Caro
465 1335 668 1374 concupiscit
695 1336 856 1366 adversus
887 1341 949 1366 etc.
994 1335 1073 1366 Item

256 1378 272 1408 l
292 1377 362 1407 loh.
384 1378 411 1407 l.
433 1380 495 1414 [vs.
508 1377 554 1415 S.]
591 1377 627 1408 Si
646 1378 822 1408 dixerimus
842 1378 932 1418 quod
956 1387 1072 1417 pecca-

254 1426 322 1450 tum
341 1426 403 1450 etc.
448 1419 527 1449 Item
550 1419 607 1450 Ps.
627 1418 773 1450 CXXIX.
795 1423 856 1457 [vs.
874 1419 917 1457 3.]
955 1420 990 1451 Si
1015 1420 1072 1449 ini-

255 1462 396 1502 quitates
420 1468 482 1492 etc.
528 1461 598 1492 Hae
622 1468 652 1492 et
676 1461 799 1492 similes
824 1463 1007 1492 sententiae
1025 1468 1071 1492 te-

255 1509 384 1534 stantur
402 1504 434 1533 in
457 1505 581 1534 sanctis
601 1503 709 1535 adhuc
734 1504 872 1535 haerere
890 1510 1072 1544 peccatum,

255 1545 291 1576 ld
313 1545 402 1585 quod
429 1552 516 1576 certe
541 1545 740 1577 confitentur
764 1557 838 1577 cum
863 1553 969 1577 orant.
1014 1545 1072 1576 Di-

255 1588 345 1618 mitte
370 1588 466 1617 nobis
491 1594 552 1618 etc.
597 1587 638 1618 Et
663 1587 772 1627 palam
794 1588 860 1618 hoc
878 1587 1022 1619 fatentur
1040 1594 1071 1618 et

255 1630 374 1660 docent
394 1628 611 1660 ecclesiastici
629 1631 821 1670 scriptores.
866 1630 1072 1671 Quamquam

255 1672 333 1712 quid
356 1681 440 1711 opus
464 1679 514 1702 est
546 1670 628 1702 soris
658 1679 760 1703 testes
792 1682 967 1713 quaerere,
999 1683 1072 1703 cum

255 1715 453 1754 experientia
465 1715 537 1753 ipsa
549 1715 646 1744 nobis
658 1714 912 1745 imbecillitatem
924 1721 1072 1745 nostram

255 1757 408 1786 ostendit.
448 1757 576 1796 quoties
597 1757 746 1787 dubitant
765 1758 862 1787 animi
882 1764 990 1788 utrum
1010 1757 1070 1787 deo

256 1808 355 1829 curae
373 1799 493 1835 simus,
520 1806 627 1829 utrum
651 1799 733 1830 deus
757 1798 834 1830 velit
860 1800 957 1830 nobis
978 1800 1071 1840 igno—

255 1850 366 1878 scere,
400 1850 461 1870 nos
492 1841 663 1877 exaudire,
698 1843 827 1882 quoties
863 1842 1072 1883 indignamur

255 1884 326 1923 pios
351 1884 498 1913 exerceri
519 1883 605 1913 omni
630 1883 850 1915 calamitatum
869 1894 1008 1926 genere,
1031 1883 1070 1914 Et

255 1933 392 1956 econtra
433 1926 549 1964 impios
589 1925 727 1963 florere,
775 1933 804 1957 et
842 1928 993 1957 omnibus
1029 1927 1073 1956 vi—

254 1976 306 1998 tae
339 1968 519 1998 commodis
552 1966 763 1999 foelicissime
788 1968 861 2006 frui,
881 1975 991 1999 tenere
1025 1972 1095 1998 re-⁴

255 2020 331 2051 gna,
351 2020 443 2049 opes,
464 2009 613 2051 gloriam,
632 2010 711 2041 Item
731 2012 803 2051 quis
823 2012 903 2041 satis
917 2012 1005 2041 timet
1019 2017 1072 2041 aut

256 2051 357 2093 diligit
384 2053 479 2082 deum
489 2054 503 2082 ’ἐ
559 2053 640 2087 Quis
673 2052 833 2084 satisfacit
866 2064 947 2084 suae
978 2063 1073 2083 voca-

255 2094 355 2125 tioni?
385 2104 480 2134 quem
511 2104 576 2126 non
604 2096 784 2126 incendunt
810 2096 970 2126 interdum
999 2096 1073 2125 odia

255 2144 287 2167 et
307 2134 390 2166 aliae
409 2137 625 2175 cupiditates?
670 2136 808 2168 Constat
829 2139 929 2179 igitur
948 2139 979 2167 in
999 2148 1073 2168 san-

255 2180 317 2209 ctis
338 2177 499 2218 reliquum
518 2189 594 2209 esse
612 2188 793 2219 peccatum.
810 2199 811 2202 =
826 2179 975 2211 videlicet
997 2190 1074 2210 con-

256 2221 507 2261 cupiscentiam,
533 2232 617 2262 quae
634 2232 701 2253 non
721 2230 769 2253 est
790 2224 905 2253 ociosa
924 2223 983 2253 sed
1002 2233 1074 2262 per-

254 2270 353 2303 petuo
373 2264 455 2303 parit
476 2263 613 2294 affectus
638 2266 776 2295 vitiosos
802 2266 907 2295 omnis
933 2266 1073 2306 generis.

254 2306 324 2336 Nec
350 2316 429 2336 vero
457 2313 507 2335 est
533 2307 773 2337 extenuandum
798 2307 862 2337 hoc
892 2313 1073 2347 peccatum,

255 2349 314 2378 sed
333 2348 540 2378 sentiendum
560 2356 609 2379 est
629 2359 698 2379 rem
717 2359 777 2380 sua
790 2357 907 2380 natura
920 2350 1072 2380 vitiosam

256 2397 286 2420 et
307 2391 437 2432 dignam
462 2400 537 2421 esse
557 2398 672 2427 morte,
691 2392 775 2422 sicut
794 2393 962 2431 apparebit
975 2403 1074 2432 quum

257 2433 338 2463 deus
366 2433 491 2474 rediget
517 2433 754 2464 immundiciem
778 2440 915 2465 naturae
941 2440 971 2464 et
1001 2444 1073 2473 per-

256 2473 442 2505 terrefaciet
475 2476 697 2506 conscientias
725 2483 906 2516 conspeetu
935 2476 1095 2514 istorum;

256 2517 407 2547 vitiorum
432 2527 516 2557 quae
539 2517 675 2549 haerent
703 2519 734 2548 in
762 2525 892 2551 natura,
922 2517 1071 2548 videlicet

1120 201 1336 239 diffidentiae,
1361 208 1569 241 contemptus
1589 203 1641 232 dei
1660 208 1691 232 et
1710 201 1862 232 similium
1881 213 1935 242 pe-

1118 245 1233 282 stium,
1256 245 1342 275 sicut
1368 243 1492 275 Paulus
1511 245 1632 285 inquit,
1655 244 1745 285 Lege
1763 250 1935 284 peccatum

1118 286 1152 317 fit
1179 285 1393 318 excellentius
1418 293 1599 326 peccatum.
1656 286 1736 317 Item
1759 286 1847 325 apud
1875 286 1936 316 Pe-

1117 334 1202 359 trum
1222 328 1257 365 [Ι.
1276 339 1326 369 ep.
1348 329 1377 365 l,
1395 329 1460 366 244
1481 338 1520 358 ex
1531 328 1630 359 Esaia
1655 328 1721 366 ΗΟ,
1739 328 1794 367 6.].
1822 328 1935 357 Omnis

1119 380 1196 400 caro
1215 369 1347 401 foenmn
1373 378 1435 401 etc.
1479 370 1630 401 Delirant
1655 371 1754 412 igitur
1778 371 1932 400 adversa-

1117 413 1156 442 rii
1174 414 1280 443 nostri
1299 414 1353 452 qui
1376 412 1501 453 fingunt
1521 412 1685 443 hominem
1704 413 1774 442 sine
1797 418 1934 451 peccato

1119 464 1194 484 esse
1232 465 1270 484 ac
1298 453 1365 495 legi
1394 455 1445 484 dei
1475 453 1669 485 satisfacere
1698 455 1794 484 immo
1834 464 1936 493 posse

1119 497 1212 526 etiam
1233 497 1353 526 addere
1372 495 1435 526 alia
1454 497 1613 535 quaedam
1627 506 1726 535 opera
1739 495 1935 535 perfectiora

1118 537 1209 578 lege,
1236 545 1265 568 et
1296 539 1385 578 quod
1404 537 1577 568 ridiculum
1595 545 1666 574 est,
1689 537 1814 579 fingunt
1835 547 1935 578 quae-

1119 581 1193 610 dam
1222 586 1356 610 externa
1385 590 1486 619 opera
1515 589 1582 610 non
1611 586 1786 619 praecepta
1824 589 1843 609 a
1874 580 1934 609 deo

1118 620 1318 661 perfectiora
1335 631 1412 652 esse
1429 621 1492 651 hac
1512 631 1637 652 summa
1649 620 1724 662 lege
1736 620 1864 661 Diliges
1878 622 1935 651 do-

1119 665 1240 694 minum
1259 670 1321 694 etc.
1367 663 1408 693 Hi
1427 673 1576 700 errores,
1596 673 1670 693 cum
1688 662 1859 693 manifeste
1877 673 1935 702 pu-

1119 712 1218 747 gnent
1228 716 1301 736 cum
1308 704 1502 745 Evangelio,
1512 715 1642 735 omnmo
1649 705 1840 744 repudiandi
1848 711 1934 735 sunt.

1205 747 1357 777 Secundo
1394 747 1536 777 discerni
1571 747 1689 777 debent
1724 756 1868 786 persona
1904 754 1935 777 et

1119 799 1213 828 opus.
1258 789 1345 819 Nam
1362 789 1487 818 etiamsi
1507 787 1588 819 Saul
1605 789 1705 820 habet
1722 788 1823 819 multa
1842 799 1934 828 prae—

1094 835 1097 871 }
1120 830 1211 861 clara
1229 840 1339 871 opera,
1359 837 1467 860 tamen
1487 840 1561 861 cum
1579 831 1688 862 videat
1705 832 1738 861 in
1750 841 1787 861 se
1798 831 1935 861 haerere

1118 880 1265 913 peccata.
1305 882 1372 902 non
1390 878 1500 912 potest
1518 879 1665 904 statuere
1684 873 1772 913 quod
1790 882 1934 912 persona

1118 914 1246 956 placeat
1265 916 1344 952 deo,
1370 924 1432 945 nec
1450 913 1552 945 ullum
1571 914 1748 956 quamlibet
1767 915 1934 956 egregium

1117 957 1313 996 καθὸρθωμα
1328 958 1372 995 3⁵)
1402 963 1512 997 potest
1536 958 1663 999 erigere
1697 958 1932 988 conscientiam

1117 1000 1280 1030 adversus
1299 997 1400 1029 ullum
1418 1005 1590 1038 peccatum
1609 1000 1758 1039 quamw‘s
1784 1000 1934 1029 videatur

1118 1042 1280 1081 exig-utun.
1311 1040 1451 1080 Oportet
1468 1048 1576 1071 autem
1594 1041 1680 1071 hanc
1700 1041 1935 1072 dubitationem

1117 1084 1212 1113 nobis
1233 1083 1338 1119 eximi,
1358 1083 1434 1113 Ideo
1455 1093 1652 1123 quamquam
1669 1082 1735 1124 legi
1754 1093 1819 1113 non
1838 1083 1933 1113 satis-

1117 1125 1254 1156 facimus
1275 1132 1304 1155 et
1325 1124 1432 1155 adhuc
1451 1125 1483 1155 in
1503 1126 1599 1156 nobis
1625 1132 1796 1165 peccatum
1820 1125 1935 1156 haeret

1117 1174 1225 1198 tamen
1252 1173 1396 1197 statuere
1419 1168 1574 1199 debemus
1598 1177 1774 1207 personam
1802 1166 1934 1208 placere

1118 1211 1179 1241 deo
1204 1211 1306 1250 gratis
1326 1216 1462 1249 propter
1481 1209 1656 1240 Christum.
1686 1209 1809 1241 Postea
1826 1208 1933 1250 placet

1118 1258 1147 1282 et
1168 1261 1311 1292 sequens
1337 1252 1522 1283 obedientia
1540 1253 1616 1293 quia
1634 1262 1779 1292 persona
1797 1258 1933 1292 propter

1117 1293 1205 1324 aliud
1224 1293 1351 1324 scilicet
1370 1301 1505 1334 propter
1518 1294 1684 1325 Christum
1703 1293 1822 1335 placet.
1851 1294 1934 1325 Nam

1116 1336 1201 1367 haec
1228 1346 1372 1377 sequens
1392 1337 1578 1367 obedientia
1598 1337 1696 1368 etiam
1712 1347 1779 1367 non
1802 1338 1806 1362 Ι
1825 1335 1932 1377 place-

1116 1385 1165 1409 ret
1184 1378 1247 1408 nisi
1265 1388 1409 1418 persona
1427 1380 1517 1419 prius
1536 1378 1675 1410 liberata
1700 1385 1789 1410 esset
1809 1380 1933 1410 dubita-

1116 1422 1214 1451 tione.
1260 1421 1335 1451 Non
1368 1422 1452 1451 enim
1470 1420 1540 1452 vult
1567 1420 1631 1452 coli
1649 1422 1731 1453 deus
1751 1432 1824 1453 cum
1843 1423 1934 1454 dubi-

1116 1464 1249 1494 tatione.
1295 1463 1389 1494 lusta
1412 1462 1491 1494 illud
1510 1464 1613 1495 Omne
1633 1465 1721 1505 quod
1739 1475 1805 1495 non
1824 1471 1874 1495 est
1894 1475 1934 1495 ex

1116 1505 1180 1536 fide
1198 1512 1371 1546 peccatum
1391 1512 1452 1537 est.
1498 1506 1580 1537 Cum
1602 1508 1702 1548 igitur
1726 1517 1867 1538 necesse
1891 1508 1932 1538 sit

1116 1558 1293 1588 personam
1318 1554 1393 1578 ante
1425 1559 1526 1588 opera
1556 1547 1688 1580 liberari
1721 1550 1933 1587 dubitatione,

1116 1590 1198 1620 fides
1218 1596 1251 1621 ut
1270 1591 1311 1621 sit
1332 1597 1423 1621 certa
1441 1601 1505 1621 non
1519 1592 1661 1630 pendere
1681 1592 1849 1634 dignitate,
1867 1602 1934 1622 non

1116 1633 1228 1662 nititur
1265 1631 1420 1673 qualitate
1448 1639 1505 1664 aut
1533 1633 1691 1675 dignitate
1727 1636 1933 1675 sequentium

1116 1685 1262 1714 operum.
1307 1675 1391 1705 Nam
1411 1676 1632 1706 conscientiae
1649 1676 1764 1706 fierent
1783 1677 1932 1707 incertis-

1115 1717 1217 1746 simae
1243 1723 1272 1747 et
1298 1716 1379 1747 fides
1408 1728 1547 1758 prorsus
1579 1725 1781 1749 everteretur
1805 1719 1832 1749 si
1860 1728 1932 1749 sen-

1115 1759 1260 1789 tiendum
1284 1765 1374 1790 esset
1399 1770 1462 1790 nos
1493 1761 1554 1791 deo
1578 1759 1712 1800 placere
1734 1767 1869 1802 propter
1887 1761 1932 1791 di-

1116 1802 1274 1842 gnitatem
1299 1803 1504 1842 sequentium
1530 1813 1665 1843 operum
1696 1813 1756 1834 seu
1780 1803 1932 1843 impletae

1115 1843 1210 1884 legis.
1255 1843 1308 1874 lex
1328 1845 1413 1874 enim
1431 1855 1561 1885 semper
1579 1851 1714 1876 accusat
1732 1855 1806 1876 nos.
1843 1846 1933 1876 Haec

1116 1884 1212 1916 facile
1227 1885 1411 1927 intelligunt
1424 1886 1549 1917 dociles
1563 1894 1593 1918 et
1612 1888 1685 1927 piae
1701 1889 1931 1918 conscientiae.

1118 1928 1198 1963 Quis
1230 1929 1314 1958 enim
1344 1938 1410 1958 non
1441 1930 1603 1960 dubitaret
1632 1931 1762 1960 intuens
1786 1931 1818 1961 in
1847 1930 1932 1961 hanc

1117 1977 1306 2011 perpetuam
1325 1970 1542 2002 infirmitatem
1561 1979 1726 2010 nostram,
1752 1973 1779 2002 si
1798 1973 1931 2003 sentiret

1118 2023 1178 2043 nos
1205 2021 1282 2043 tunc
1312 2013 1441 2043 demum
1465 2014 1526 2044 deo
1552 2013 1732 2055 placittu·os
1761 2025 1833 2045 cum
1851 2015 1932 2045 satis

1119 2056 1188 2095 puri
1213 2056 1343 2092 erimus,
1364 2066 1435 2086 cum
1459 2057 1539 2086 satis
1559 2058 1719 2087 bonorum
1739 2067 1873 2097 operum
1892 2058 1932 2087 ad

1119 2108 1191 2127 eum
1209 2097 1393 2128 afferemus.
1431 2100 1542 2133 Quare
1561 2109 1627 2129 non
1646 2098 1771 2130 tollitur
1790 2109 1932 2140 sequens

1118 2140 1303 2170 obedientia
1316 2140 1412 2170 immo
1425 2142 1563 2171 maxime
1582 2142 1766 2182 requiritur,
1785 2143 1845 2172 sed
1864 2148 1932 2172 tan·

1117 2189 1184 2213 tum
1208 2183 1247 2212 de
1272 2183 1428 2223 dignitate
1451 2184 1620 2224 sequentis
1645 2184 1850 2214 obedientiae
1868 2183 1932 2213 hoc

1119 2225 1341 2261 constituitur,
1361 2226 1450 2265 quod
1468 2235 1612 2265 persona
1635 2236 1700 2255 non
1718 2225 1846 2265 placeat
1858 2236 1932 2265 pro-

1117 2273 1188 2307 pter
1200 2266 1306 2307 legem
1319 2266 1373 2297 vel
1382 2274 1515 2308 propter
1523 2268 1712 2309 dignitatem
1720 2277 1866 2308 operum,
1873 2269 1932 2298 sed

1117 2319 1257 2339 necesse
1282 2310 1324 2339 sit
1349 2317 1425 2340 ante
1448 2320 1549 2350 opera
1572 2316 1718 2340 statuere
1743 2311 1831 2350 quod
1860 2320 1932 2350 per-

1117 2362 1199 2381 sona
1220 2352 1322 2392 gratis
1342 2350 1469 2392 placeat
1488 2360 1622 2392 propter
1642 2351 1809 2383 Christum
1833 2352 1931 2393 quue

1117 2402 1251 2434 propter
1271 2394 1351 2424 duas
1372 2404 1508 2432 causas,
1534 2393 1657 2425 scilicet
1682 2400 1717 2425 ut
1736 2404 1878 2435 persona
1896 2393 1931 2424 li-

1093 2474 1107 2482 ..
1120 2479 1204 2481 Μῂᾼ1
1215 2479 1320 2482 *Λ

1093 2525 1095 2543 ¹¹
1117 2528 1162 2554 35]
1183 2527 1364 2560 καθόρθωμα]
1384 2530 1424 2554 MS.
1444 2530 1614 2561 καθορθομτε,

1884 2584 1934 2606 2⁴1²

1970 1341 2008 1366 55.

2029 110 2091 140 310
