2358 2933
250 226 334 256 Nam
370 223 503 264 spiritus
539 223 695 253 iudicabit
727 221 840 258 facile,
880 232 946 262 qua
977 227 1097 260 tenus}

250 267 455 307 largiendum
479 267 531 303 sit,
555 272 587 295 et
610 264 749 295 libenter
772 274 833 294 suo
857 264 983 294 carebit
1005 274 1072 293 mo-

250 311 293 340 do
316 310 513 339 subventum
536 308 578 338 sit
599 307 729 348 inopiae
751 305 872 336 fratris.
904 306 957 336 An
981 306 1072 346 igno-

251 361 306 381 ras
329 351 442 381 deberi
464 351 626 390 proximo,
650 349 737 390 quod
761 347 868 379 velles
891 349 947 379 tibi
981 348 1073 379 fieri?
1096 368 1097 389 3

249 393 295 424 At
325 394 465 424 omnium
495 393 630 423 iniuriae
654 391 787 422 obnoxii
811 392 931 421 erimus
954 391 982 420 si
1004 391 1073 421 vin-

250 436 361 466 dicare
392 446 457 466 non
484 435 584 466 lieet?
627 433 746 466 Recte.
782 433 866 463 Nam
895 432 978 463 haec
1006 434 1073 463 w'ta

250 488 309 508 cru
332 479 396 508 icis
419 484 480 515 est,
503 484 538 507 ut
560 477 696 506 iniuriae
721 476 766 505 sis
791 476 964 505 obnoxius.
1009 474 1074 505 Ra-
1096 482 1097 517 j

248 521 340 561 pient
368 525 484 551 nostra
512 518 604 556 mali„
635 519 662 547 si
692 523 842 558 repetere
866 518 984 548 iudicio
1007 527 1074 547 non

251 562 348 594 licet?
372 563 444 593 Hoc
465 562 677 602 magistratus
701 561 847 591 intererit
870 570 1008 597 cavere‚
1032 569 1073 589 ne
1097 569 1098 585 l

251 606 403 635 damnum
427 605 481 634 det
505 604 586 634 ciffis
610 603 686 639 civi,
710 609 799 632 tuum
823 609 873 632 est
896 604 973 633 boni
997 612 1073 632 con-

251 646 372 683 sulere,
395 646 459 676 hoc
482 656 587 687 genus
610 655 720 676 casus.
757 645 824 675 Sed
848 645 925 686 quid
941 654 1004 685 ego
1023 654 1074 674 ar-

251 695 405 730 gumenta
428 687 783 728 carnailispffldentiae
801 686 926 717 diluere
951 686 1075 717 eonor?

251 741 325 761 cum
348 730 418 761 fieri
441 737 584 771 nequeat
607 740 750 770 unquam
772 735 808 759 ut
829 731 947 770 probet
966 729 1076 770 legem
1097 727 1099 767 ᾖ

251 774 394 804 diw‘nam
417 774 478 804 nisi
503 774 557 814 qui
581 771 760 814 spiritualis
784 778 844 802 est.
891 772 993 809 Quid,
1017 782 1076 801 cur
1097 770 1099 804 l

250 817 456 856 praeceperit
469 815 494 846 C
497 815 620 845 hristus
642 825 707 845 non
728 814 904 855 intelliges,
928 816 959 845 ni
974 813 1076 845 libeat
1098 810 1099 842 l

171 871 184 888 s
250 857 371 888 facere.
417 858 646 898 Imposuerunt
669 858 765 887 etiam
797 857 982 887 huiusmodi
1006 867 1076 886 car-

251 899 346 930 nales
371 901 521 940 argutiae
544 900 720 940 sophistis,
745 909 818 930 cum
841 910 957 940 parum
979 898 1077 929 civile

252 942 418 973 videretur
447 943 588 973 omnium
617 952 698 982 opes
728 942 771 971 ita
802 940 930 982 vulgari
953 947 988 972 ut
1010 951 1077 972 non

251 983 365 1015 liceret
389 984 556 1015 vindicare
580 995 673 1014 suum
697 984 823 1023 cuique.
864 983 1078 1023 Inhumanum

253 1027 349 1057 etiam
371 1027 568 1063 habebatur,
591 1027 720 1067 ignavis
742 1025 862 1055 fructui
877 1035 951 1056 esse
966 1026 1076 1062 otium,
1099 1024 1100 1048 i

252 1069 279 1099 si
303 1067 418 1098 alienis
443 1069 560 1108 opibus
583 1067 646 1098 frui
671 1073 739 1098 tuto
762 1073 910 1107 possent.
951 1067 1035 1097 Hinc
1059 1077 1077 1097 e

250 1111 461 1152 praecepitis
491 1109 635 1141 consilia'
657 1109 745 1140 facta
768 1115 859 1147 sunt,
890 1116 921 1140 et
944 1115 1077 1150 recepta
1099 1107 1101 1135 ἒ

253 1159 304 1184 est
334 1151 603 1193 pestilentissima
632 1153 760 1192 opini0,
790 1162 856 1182 uon
892 1162 993 1192 posse
1022 1162 1076 1182 res
1099 1162 1101 1181 ι

251 1194 402 1236 publicas
448 1196 667 1226 administrari
712 1196 801 1225 iuxta
847 1194 1075 1235 Evangelimn.
1099 1192 1101 1209 ²

253 1238 347 1278 quasi
370 1236 437 1268 tale
462 1237 585 1279 aliquid
608 1238 777 1268 tradiderit
801 1236 964 1275 Christus,
989 1237 1077 1278 quod
1099 1238 1101 1255 ⁵

252 1281 295 1311 ad
318 1279 481 1321 pauculos
504 1286 629 1311 tantum
651 1279 851 1317 monachos,
876 1286 906 1310 et
929 1290 996 1310 non
1019 1289 1076 1320 po·
1098 1296 1101 1322 ἶ

252 1323 316 1352 tius
348 1323 391 1353 ad
419 1323 608 1353 universum
642 1332 747 1363 genus
775 1321 952 1353 humanum
985 1332 1058 1362 per-

252 1365 362 1395 tineat.
428 1365 515 1400 Quid
546 1366 630 1396 enim
665 1371 796 1405 oportet
830 1374 905 1395 esse
934 1374 1076 1395 commu-

251 1408 302 1438 nis
316 1406 513 1448 Evangelio,
538 1408 625 1448 quod
644 1407 796 1438 Christus
818 1408 996 1438 universae
1019 1417 1076 1437 na-

251 1451 391 1487 turae35)
419 1450 603 1490 praedicari
632 1451 736 1481 iussit.
787 1448 893 1480 Diluit
915 1455 1022 1480 autem
1046 1454 1077 1479 et

250 1492 456 1533 Augustinus
465 1493 497 1523 in
510 1492 661 1533 Epistola
684 1492 974 1530 adMarceIlin11n1‚
993 1502 1077 1533 quae

251 1535 284 1565 in
308 1535 422 1565 ordine
433 1534 703 1575 Augustiniarum
717 1534 941 1576 Epistolaran
964 1535 1077 1576 quinta

252 1582 313 1608 est.
361 1576 427 1606 hoc
450 1586 556 1617 genus
579 1577 731 1607 carnales
755 1577 936 1608 calumnias
960 1578 1076 1608 adver·

252 1629 310 1649 sus
340 1617 448 1659 legem
472 1629 537 1659 qua
559 1619 703 1649 xffndicta
725 1620 924 1659 prohibetur.
970 1619 1076 1649 Porro

252 1671 319 1692 non
347 1666 437 1691 vetat
467 1659 597 1691 scelera
626 1662 731 1701 puniri
767 1672 787 1692 a
816 1662 1076 1701 magistratibus.

251 1703 352 1734 Immo
381 1703 413 1733 hi
438 1709 555 1743 gerunt
578 1702 723 1743 gladium
745 1704 788 1733 ad
814 1705 988 1734 terrendos
1010 1713 1077 1733 ma-

251 1745 321 1783 los,
345 1750 379 1775 ut
402 1744 586 1785 Apostolus
609 1745 704 1775 Rom.
728 1745 812 1775 XIII.
833 1747 896 1783 [vs.
920 1746 964 1785 4.]
990 1746 1077 1783 dicit,

252 1788 314 1819 sed
336 1793 424 1818 vetat
447 1798 488 1818 ne
512 1797 573 1818 nos
597 1788 691 1828 priva
717 1788 784 1825 tim,
808 1788 985 1827 cupiditate
1008 1788 1077 1818 vin-

211 1858 216 1863 .
254 1831 373 1867 dictae,
395 1823 489 1861 mut&
508 1829 649 1861 conficia
666 1853 668 1855 -
683 1840 765 1860 mus.
796 1829 1012 1870 Magistratus
1031 1831 1077 1860 in-

254 1878 357 1904 terest
381 1882 519 1910 cavere,
540 1883 583 1903 ne
613 1874 764 1903 danmum
795 1873 933 1912 accipiat
964 1882 1078 1913 respu-

253 1914 351 1946 blica.
375 1915 479 1945 Tuum
503 1921 551 1945 est
574 1916 735 1956 privatam
758 1915 907 1946 iniuriam
929 1914 1017 1945 serre
1040 1925 1079 1945 ac

253 1957 471 1989 dissimulare.
502 1957 669 1989 Fortassis
692 1964 800 1988 autem
823 1957 886 1988 hac
910 1957 951 1988 de
974 1967 1009 1988 re
1033 1958 1079 1988 in-

253 1999 304 2031 fra
327 2001 496 2041 copiosius
520 2000 799 2041 disputabitur-3⁶)

161 491 191 508 20

1096 641 1098 658 l

131 700 172 729 41,
193 700 214 724 n.

163 1123 188 1141 10

168 1333 194 1352 15

113 1385 168 1414 (23.
195 1386 232 1413 a.)

161 1589 190 1607 20

100 2141 146 2173 35)
171 2143 291 2173 naturae]
309 2145 352 2169 Ed.
374 2146 396 2169 7.
417 2147 534 2170 craturae
554 2146 582 2173 (i.
600 2151 627 2170 e.
642 2145 795 2174 creaturae).

99 2185 144 2215 36)
169 2185 211 2210 Ed.
237 2187 258 2210 7.
278 2186 325 2211 hoc
344 2187 398 2211 loco
419 2187 482 2217 (rol.
502 2188 583 2215 XXIX,
603 2195 629 2212 α.
649 2188 691 2212 lin.
711 2189 769 2212 3—
783 2188 822 2212 20.
843 2187 907 2212 conf.
926 2187 968 2211 Ed.
987 2187 1010 2209 2.
1031 2187 1076 2212 fol.

167 2220 215 2249 43,
235 2226 262 2243 a.
284 2220 326 2245 lin.
350 2221 378 2245 16
399 2227 453 2251 sqq.
473 2221 550 2246 Porro
568 2224 705 2252 paupertas
725 2222 788 2251 etc.)
808 2222 900 2246 haecce
920 2221 1021 2246 inserit:

202 2254 342 2284 Paupertas
370 2255 526 2283 Christiana,
544 2261 595 2280 non
615 2256 770 2284 consulitur,
790 2256 837 2280 sed
863 2256 979 2285 exigitur,
1003 2261 1077 2285 prae-

168 2290 249 2317 cepto.
285 2289 326 2314 Est
346 2290 431 2313 autem
451 2295 489 2317 ea,
508 2295 567 2316 non.
585 2290 646 2314 nihil
665 2289 798 2319 possidere
817 2290 864 2315 sed
883 2290 916 2313 ita
935 2290 1076 2319 possidere,

167 2322 194 2345 ut
208 2322 307 2347 alienae
326 2323 363 2347 rei
373 2325 565 2353 procuratorem
584 2326 608 2348 te
627 2329 705 2352 agere
719 2324 823 2352 sentias,
843 2330 892 2348 non
906 2326 974 2348 tuae.
990 2324 1074 2348 Matth.

167 2356 194 2379 V.
231 2356 267 2380 Da
293 2358 361 2381 omni
378 2358 484 2387 petenti.
522 2358 651 2388 EtEphes.
670 2358 707 2382 IV.
744 2357 855 2383 Laboret
873 2357 1003 2388 operando
1021 2364 1075 2382 ma-

168 2389 243 2426 nibus
274 2392 326 2415 suis
346 2392 413 2421 quod
438 2392 533 2416 bonum
553 2394 606 2420 est,
636 2393 663 2416 ut
681 2391 775 2416 habeat
793 2392 861 2416 unde
880 2392 974 2416 tribuat
986 2397 1077 2417 neces-

169 2425 272 2448 srtatem
296 2425 413 2454 pacienti.
452 2427 504 2450 Hoc
527 2427 579 2450 vult
605 2425 628 2449 in
648 2426 783 2454 Evangelio
802 2426 934 2455 dominus,
958 2431 1014 2450 cum
1034 2427 1077 2456 ait,

170 2457 247 2494 Vade,
266 2459 347 2483 vende
367 2460 450 2484 omnia
461 2466 525 2490 quae
544 2459 661 2490 possides
682 2461 707 2483 et
725 2459 757 2483 da
775 2461 939 2490 pauperibus.
969 2460 1077 2485 Volebat

170 2490 241 2515 lllum
268 2493 303 2517 sic
332 2499 390 2518 esse
408 2500 547 2523 pauperem
567 2493 699 2522 Christus,
719 2495 747 2517 ut
764 2494 906 2522 largiretur.
940 2494 1012 2519 Nune
1029 2500 1076 2519 nos

170 2528 346 2555 paupertatem
365 2533 494 2556 vocamus,
513 2528 709 2555 mendicitatem.
745 2527 857 2557 Exigitur
874 2530 1026 2559 paupertas,
1051 2530 1077 2552 et

170 2557 243 2584 labor
261 2561 390 2589 parandae
411 2562 456 2591 rei,
474 2568 525 2586 non
543 2564 638 2591 nostra,
658 2562 705 2586 sed
723 2561 830 2586 fratrum
850 2568 948 2588 caussa.

572 131 594 160 Ι.
619 129 720 161 LOCI
742 128 1018 160 THEOLOGICI:
1040 129 1080 159 B.
1103 128 1243 160 PRIMA
1266 128 1422 160 EORUM
1445 128 1601 160 AETAS.

1097 677 1099 683 k
1120 645 1241 675 homini
1266 646 1313 674 sic
1341 653 1427 674 esse.

1098 704 1099 725 1
1121 697 1281 728 quaerere
1301 686 1514 723 solutionem,
1534 686 1662 717 solutus
1683 697 1717 716 es
1763 688 1803 717 ab
1828 698 1941 728 uxore,

1100 960 1101 965 =
1123 942 1209 972 enim
1220 941 1331 981 implet
1345 951 1486 981 praecep
1509 946 1576 970 tum
1596 941 1714 970 deuon
1726 941 1943 980 moechando,

1099 1074 1101 1099 ἒ
1124 1069 1174 1098 vis
1205 1074 1340 1098 castum.

2037 134 2098 165 126

1162 221 1220 251 Est
1244 228 1352 252 autem
1368 222 1399 251 in
1411 221 1622 262 Evangelicis
1643 221 1745 252 literis
1762 223 1944 262 eonsilium,
2021 237 2033 254 5

1118 265 1216 304 idque
1226 265 1314 304 quod
1323 264 1435 300 sciam,
1452 265 1581 295 unicum
1595 265 1635 295 de
1643 263 1818 295 coelibatu.
1828 267 1869 296 de
1879 276 1943 306 quo

1096 327 1097 337 l
1119 306 1271 337 Christus
1285 308 1340 344 ait,
1353 306 1415 341 Qui
1428 312 1537 346 potest
1553 317 1673 347 capere
1693 308 1811 348 capiat⁷
1826 308 1943 339 Matth.

1120 348 1256 386 XlX.³⁷)
1281 359 1351 389 cap.
1379 351 1440 386 [vs.
1467 349 1529 387 12].
1561 349 1601 379 Et
1626 350 1657 379 in
1681 350 1790 390 priore
1813 349 1940 390 Episto-

1096 390 1150 421 ¹la
1180 392 1221 420 ad
1251 390 1399 421 Corinth.
1431 401 1502 431 cap.
1534 391 1603 421 Vll.
1630 395 1693 430 [vs.
1718 392 1783 431 25]
1808 392 1942 423 Paulus.

1119 433 1170 464 De
1201 433 1381 473 virginibus
1411 440 1624 473 praeceptum
1653 435 1863 466 domininon
1887 435 1943 465 ha-

1119 477 1213 512 beo,¹
1238 475 1410 505 consilium
1434 481 1541 505 autem
1565 476 1619 512 do„
1642 482 1798 517 tanquam
1820 478 1942 507 miseri-

1120 518 1265 548 cordiam
1288 523 1486 547 consecutus
1500 518 1674 555 atlomino,
1698 525 1731 548 ut
1752 520 1810 548 sim
1825 519 1942 551 fidelis,

1119 560 1279 590 Existimo
1303 569 1382 600 ergo
1406 559 1470 588 hoc
1495 561 1615 590 bonum
1639 570 1715 590 esse
1738 567 1873 601 propter
1896 562 1942 592 in-

2012 487 2037 504 10

1096 599 1098 626 '1
1120 608 1261 632 stantem
1284 602 1533 638 necessitatem,
1563 603 1717 642 quoniam
1749 605 1868 634 bonum
1892 611 1943 635 est

1478 643 1644 684 Alligatus
1672 655 1710 674 es
1731 647 1842 682 uxori.
1875 647 1943 678 noli

2014 698 2038 716 15

1122 728 1188 760 noli
1212 739 1372 770 quaerere
1391 738 1527 759 imorem
1546 735 1607 759 etc.
1660 729 1733 759 Non
1759 737 1807 759 est
1834 737 1943 763 autem

1122 772 1211 813 quod
1234 771 1287 802 hic.
1315 772 1482 811 disputes,
1506 777 1614 801 utrum
1638 770 1775 802 consilia
1802 773 1866 803 sint
1891 783 1943 804 su-

1122 815 1251 855 periora
1264 815 1461 854 praecept‘s,
1475 812 1757 844 Scholasticorum
1773 821 1848 844 sunt
1861 817 1944 847 istae

1122 858 1275 896 ineptiae,
1302 857 1356 896 qui
1380 866 1488 896 neque
1508 857 1585 896 quid
1598 862 1818 896 praeceptum,
1837 867 1944 898 neque

1123 900 1199 940 quid
1229 898 1402 929 consilium
1431 905 1535 935 esset,
1568 897 1807 939 intelligebant.
1869 900 1943 931 Non

2006 952 2036 971 20

1123 985 1332 1024 quantumvis
1363 982 1507 1013 coelebs.
1571 982 1710 1016 Quando
1741 992 1807 1012 non
1836 990 1946 1023 potest

1123 1026 1204 1056 fieri.
1223 1032 1258 1055 ut
1280 1036 1346 1055 non
1364 1026 1467 1055 irritet
1486 1025 1763 1064 concupiscentia,
1776 1031 1944 1065 quantum-

1397 1067 1441 1097 At
1470 1073 1648 1107 praecepto
1679 1068 1945 1107 concupiscentia

1123 1110 1287 1151 prohibita
1308 1115 1369 1146 est,
1388 1111 1440 1140 cui
1458 1110 1529 1139 fieri
1548 1115 1658 1150 potest
1680 1115 1715 1140 ut
1733 1110 1869 1149 propius
1895 1120 1945 1140 re-

1123 1153 1286 1193 spondeat
1323 1151 1443 1192 aliquis
1472 1152 1663 1193 coniugum,
1698 1162 1795 1192 quam
1826 1151 1945 1183 alicubi

1124 1195 1279 1236 virgines.
1311 1195 1314 1213 ¹

1252 1279 1312 1310 DE
1335 1277 1653 1309 MONACHORUM
1672 1277 1812 1308 VOTIS.

1166 1348 1251 1383 Quid
1284 1353 1392 1377 autem
1418 1347 1459 1376 de
1481 1345 1718 1376 monachorum
1743 1345 1850 1375 votis?
1879 1344 1948 1375 Pri-

1122 1401 1209 1421 mum
1225 1391 1314 1431 quod
1327 1390 1369 1420 ad
1383 1390 1488 1430 ipsam
1501 1388 1734 1419 votirationem
1742 1389 1876 1425 adtinet,
1892 1398 1948 1418 ne-

1123 1444 1186 1474 que
1194 1433 1352 1474 praecipit
1360 1442 1468 1473 neque
1478 1430 1619 1461 consulit
1630 1430 1804 1470 scriptura,
1812 1436 1846 1460 ut
1859 1430 1949 1470 quid·
2018 1431 2031 1449 ⁵

1122 1476 1209 1516 piam
1221 1476 1433 1506 devoveatur.
1445 1474 1520 1504 Non
1529 1474 1649 1514 probat
1663 1478 1770 1503 autem
1780 1473 1873 1510 deus,
1886 1472 1950 1502 nisi

1123 1528 1208 1560 quae
1223 1516 1276 1548 vel
1285 1518 1442 1559 praecipit
1450 1540 1458 1554 ,
1473 1515 1527 1547 vel
1536 1515 1689 1546 consulit.
1710 1514 1820 1550 Quare
1828 1525 1894 1545 non
1904 1515 1948 1545 vi-

1984 1288 2024 1311 42.
2043 1287 2065 1310 b.

1098 1576 1100 1580 v
1123 1562 1186 1592 deo
1213 1561 1289 1601 quid
1317 1561 1453 1591 accedat
1478 1560 1590 1600 pietati
1615 1568 1676 1599 per
1701 1563 1822 1588 votum.
1874 1557 1949 1587 Non

1124 1604 1278 1643 exigebat
1295 1603 1352 1633 Mo
1365 1604 1454 1634 saica
1479 1601 1534 1632 lex
1559 1601 1674 1631 voveri
1693 1601 1869 1641 quidpiam,
1889 1599 1948 1629 sed
1968 1608 2022 1637 (23.
2043 1608 2077 1636 a.)

1123 1646 1341 1686 pemlittebat.
1386 1643 1605 1686 Evangelium
1623 1653 1697 1674 cum
1715 1643 1747 1673 in
1766 1648 1870 1673 totum
1908 1641 1950 1672 sit
2018 1650 2045 1668 10

1123 1687 1261 1718 libertas
1287 1689 1449 1728 quaedam
1475 1687 1625 1727 spiritus,
1648 1695 1801 1726 prorsum
1820 1686 1951 1726 ignorat

1124 1736 1276 1760 votorum
1295 1731 1494 1760 servitutem.
1530 1728 1573 1758 Et
1591 1734 1748 1768 quantum
1765 1727 1842 1758 mihi
1861 1728 1950 1758 vide-

1124 1779 1193 1809 tur,
1228 1771 1301 1802 sola
1338 1772 1413 1802 fidei
1461 1777 1493 1801 et
1521 1769 1746 1811 Evangelicae
1789 1770 1950 1801 libertatis

1124 1815 1331 1855 ignoratione
1344 1813 1466 1844 factum
1485 1819 1547 1850 est,
1558 1822 1617 1842 cur
1627 1818 1763 1853 recepta
1771 1814 1814 1843 sit
1828 1822 1949 1843 voven-

1125 1858 1157 1888 di
1176 1857 1392 1887 consuetudo.
1418 1858 1462 1893 38)
1513 1855 1584 1885 Nec
1607 1854 1687 1886 nihil
1706 1862 1832 1896 pugnat
1851 1867 1925 1888 cum

1124 1899 1205 1936 fide5
1243 1909 1316 1929 cum
1344 1897 1496 1929 libertate
1525 1898 1658 1938 spiritus
1682 1900 1826 1929 vovendi
1858 1899 1950 1930 ritus.

1124 1941 1254 1972 Docent
1274 1941 1371 1972 etiam
1389 1939 1579 1971 scholastici
1600 1950 1682 1981 opus
1702 1950 1720 1971 e
1733 1947 1811 1972 voto
1829 1942 1951 1973 factum

1123 1990 1295 2025 praestare
1316 1984 1425 2024 operi,
1453 1983 1541 2024 quod
1560 1983 1641 2013 citra
1667 1988 1778 2013 votum
1797 1984 1843 2014 fit.
1890 1984 1948 2015 Im—

1124 2027 1169 2067 pii
1196 2026 1344 2056 homines
1364 2027 1519 2067 pietatem
1537 2026 1578 2056 ab
1600 2026 1756 2066 operibus
1775 2027 1948 2057 aestiman-

1125 2075 1176 2099 tes
1200 2074 1232 2099 et
1256 2078 1323 2099 non
1348 2069 1458 2109 potius
1484 2078 1503 2098 a
1528 2068 1641 2108 spin'tu
1661 2074 1691 2098 et
1711 2068 1786 2099 fide.
1832 2068 1874 2099 Et
1891 2078 1950 2099 cur

1124 2122 1208 2152 prop
1220 2112 1222 2126 ²
1236 2117 1287 2141 ter
1306 2117 1418 2142 votum
1435 2109 1626 2151 praeferluit
1645 2120 1739 2151 opus,
1758 2121 1831 2141 cum
1839 2117 1948 2141 tamen

1126 2164 1187 2185 nec
1212 2154 1379 2195 exigatur,
1404 2163 1467 2184 nec
1492 2152 1684 2184 consulatur
1708 2159 1829 2184 votum.
1881 2152 1947 2183 De-

2023 1903 2048 1920 1⁵

2016 2130 2045 2148 ²0

1228 2324 1527 2354 Exigituretobedientia.
1538 2329 1589 2348 non
1597 2329 1627 2347 ea
1634 2325 1740 2353 tantum,
1749 2329 1798 2354 qua
1806 2324 1898 2353 singuli
1906 2324 2011 2353 singulis
2021 2325 2098 2349 hono-

1191 2365 1245 2384 rem
1271 2358 1363 2383 cedere
1389 2358 1483 2383 debent
1507 2358 1574 2382 iuxta
1594 2358 1740 2388 Apostolum
1764 2358 1849 2383 Roma⁴
1868 2358 1914 2382 XII.
1935 2358 1980 2382 sed
2005 2360 2030 2382 et
2057 2365 2096 2387 ea,

1192 2399 1257 2424 quae
1269 2393 1461 2422 magistratibus
1474 2392 1624 2422 parentibus
1644 2395 1670 2416 et
1692 2392 1899 2422 praeceptoribus
1919 2391 2034 2418 debetur.
2054 2399 2096 2416 cu-

1190 2428 1302 2452 iusmodi
1332 2427 1388 2451 fere
1421 2430 1460 2451 est
1487 2426 1628 2451 monastica
1647 2426 1698 2450 illa.
1755 2426 1835 2450 Stulte
1860 2431 1922 2455 ergo
1952 2426 2051 2455 fingunt
2068 2432 2095 2451 se

1194 2468 1270 2492 supra
1289 2462 1373 2491 legem
1395 2461 1435 2484 dei
1455 2461 1560 2485 consilia
1578 2460 1655 2484 etiam
1675 2460 1789 2490 implere.

1123 2513 1168 2542 37)
1193 2512 1261 2542 xm]
1280 2512 1351 2536 Editt.
1374 2513 1393 2535 1.
1414 2513 1434 2536 2.
1455 2511 1477 2532 7.
1498 2516 1644 2540 perperam:
1664 2511 1722 2535 xxj.

1123 2564 1168 2592 38)
1193 2564 1219 2587 ln
1239 2568 1319 2591 marg.
1337 2561 1379 2586 Ed.
1399 2563 1437 2586 2:
1458 2561 1527 2586 Unde
1547 2564 1613 2586 vota.
