2358 2933
235 106 295 136 775

237 208 313 229 vera
331 198 548 228 conversione
567 195 713 226 inchoari
736 205 855 226 novam
873 195 1100 233 obedientiam,
1123 206 1208 236 quae
1226 193 1230 200 '

235 241 330 271 etiam
355 250 393 270 se
416 239 555 269 ostendit
580 236 688 268 multis
715 235 862 268 honestis
887 237 1088 275 actionibus,
1111 248 1207 279 quae,

235 289 267 314 ut
291 282 373 318 dtxi,
397 279 526 321 placent
549 279 632 310 Deo.
680 278 773 310 Sicut
797 286 828 310 et
854 279 947 310 Rom.
976 280 1022 310 14.
1050 282 1112 316 [vs.
1141 280 1205 318 17.]

236 323 355 355 Paulus
379 324 494 363 inquit:
519 321 667 362 Regnum
684 320 746 352 Dei
766 332 829 353 non
855 328 906 352 est
929 323 1022 353 cibus
1047 330 1076 353 et
1097 328 1206 363 potus,

234 367 294 397 sed
318 366 454 401 iustitia,
480 374 543 405 paz
563 371 594 394 et
615 364 769 401 gaudium
793 365 824 394 iu
848 364 971 404 Spiritu
995 371 1130 402 sancto,
1153 364 1206 405 qui

235 410 264 439 in
288 408 338 438 his
367 407 468 438 servit
493 406 577 443 Deo,
601 396 709 446 placet
728 405 814 443 Deo,
839 413 869 437 et
892 407 1051 446 probatus
1075 413 1125 437 est
1149 406 1206 437 ho-

236 451 382 481 minibus.
430 449 479 479 Ad
504 448 602 479 Hebr.
626 446 684 478 ult.
709 448 774 485 113,
802 448 880 486 16.1:
906 448 1150 480 Beneficentiae
1173 456 1205 480 et

235 491 438 523 liberalitatis
452 489 550 521 nolite
565 488 727 527 oblivisci,
751 501 824 521 nam
839 490 900 522 hae
924 490 1052 522 hostiae
1076 490 1205 531 placent

236 534 317 566 Deo.
363 534 419 565 Sic
442 540 473 564 et
503 533 542 563 de
567 533 636 563 Νοό
660 534 776 564 dicitur
801 532 895 570 {Gen-
915 534 947 565 S.
965 533 1048 572 ⁶21.]:
1081 533 1206 564 Odora-

235 585 286 608 tus
300 585 348 607 est
358 576 449 607 Deus
463 576 598 606 odorem
612 576 833 613 suavitatis-,id
846 573 1097 613 est‚delectatus
1105 575 1206 606 sacri-

237 619 308 650 ficio
332 618 419 655 Noe‘,
448 618 479 648 id
503 624 569 655 est,
600 618 825 651 invocatione.
858 619 1034 659 gratiarum
1064 619 1204 651 actione.

235 661 330 692 laude
363 668 393 691 et
424 661 581 691 doctrina.
627 659 709 691 Mira
739 667 788 690 est
820 669 926 691 autem
956 660 1147 701 metaphora
1174 661 1205 691 in

237 705 336 734 verbo
361 703 527 734 Odorandi
552 708 680 743 sumpta
704 713 723 733 a
746 704 806 733 ritu
831 704 950 735 veteri:
979 703 1053 743 quia
1083 702 1206 734 sacriti-

237 746 309 777 ticia
333 746 502 776 dicebatur
527 744 617 776 Deus
641 746 787 782 odorari,
823 755 894 776 cum
919 745 1072 775 divinitus
1096 746 1206 776 incen-

236 789 404 818 debantur.
419 790 462 819 ³⁹)
510 787 542 817 ld
569 795 637 818 erat
661 786 829 828 singulare
852 787 1087 823 testimonium,
1118 787 1206 827 quod

235 829 401 870 placerent
426 838 455 860 et
480 831 716 869 acciperentur.
756 828 909 860 Ceterum
933 828 1131 870 generaliter
1154 839 1205 859 sa-

236 872 357 903 crificia
382 870 595 902 conferuntur
619 872 785 908 odoribus,
810 878 839 902 et
853 872 1058 902 addebantur
1072 871 1204 908 odores,

236 916 310 955 quia
337 915 444 944 omnia
475 923 574 954 opera
605 914 721 944 decent
747 924 822 945 esse
847 914 946 950 odor,
981 914 1013 944 id
1038 920 1107 950 est,
1141 912 1207 943 late

236 967 351 997 sparsa
370 963 400 986 et
424 957 506 987 bene
529 957 682 998 iragrans
704 955 791 986 fama
814 957 854 986 de
877 955 969 992 Deo,
999 956 1031 986 id
1054 962 1123 993 est,
1154 956 1207 986 de-

237 1001 313 1030 bent
343 997 455 1030 referri
487 998 528 1029 ad
557 997 789 1029 celebrandum
817 997 939 1035 Deum,
973 1005 1007 1029 ut
1037 996 1090 1028 alii
1122 999 1208 1028 bona

237 1042 384 1073 doctrina
408 1048 437 1072 et
462 1042 555 1072 bouis
579 1039 739 1080 exemplis
761 1041 946 1071 invitentur.

401 1167 460 1199 DE
484 1167 666 1203 QUARTA
691 1166 980 1203 QUAESTIONE.
996 1170 1039 1204 ⁹⁰)

258 1255 396 1294 Propter
418 1263 500 1294 quas
525 1263 663 1284 caussas
683 1251 832 1283 facienda
857 1259 931 1283 sunt
957 1253 1043 1283 bona
1066 1252 1186 1292 opera?

322 1337 443 1369 Multae
483 1345 557 1369 sunt
598 1347 747 1368 caussae.
793 1337 1001 1375 Necessitas,
1041 1336 1207 1377 Dignitas,

238 1381 392 1412 Praemia.
430 1379 471 1410 Et
490 1381 627 1421 primum
645 1378 813 1419 multiplex
825 1386 874 1410 est
887 1379 1091 1415 Necessitas,
1116 1379 1207 1409 Man-

237 1425 319 1461 dati,
350 1423 477 1459 Debiti,
508 1422 710 1453 Retinendae
733 1421 839 1458 Fidei,
869 1429 897 1452 et
923 1421 1044 1451 vitandi
1066 1420 1205 1451 Poenas.

240 1466 306 1497 Etsi
330 1466 413 1497 enim
435 1463 523 1496 aliud
546 1471 596 1495 est
618 1464 707 1504 loqui
727 1464 767 1494 de
790 1464 979 1500 coactione,
1011 1470 1120 1493 tamen
1142 1473 1207 1493 ma-

238 1516 291 1539 net
314 1508 474 1539 ordinatio
498 1513 630 1538 aeterna
648 1506 710 1537 Dei
734 1515 762 1537 et
788 1504 1014 1543 immutabilis,
1037 1512 1071 1535 ut
1094 1504 1207 1536 volun-

239 1551 294 1581 tati
324 1550 386 1581 Dei
412 1557 562 1581 creatura
586 1550 801 1590 obtemperet.
848 1548 936 1578 Haec
961 1548 1121 1578 ordinatio
1151 1548 1206 1578 im-

238 1591 399 1624 mutabilis
429 1600 477 1623 est
512 1592 654 1622 mandati
689 1598 717 1622 et
754 1591 852 1621 debiti
887 1590 1089 1627 necessitas,
1123 1591 1205 1620 sicut

238 1633 358 1666 Paulus
382 1635 481 1675 inquit
507 1633 614 1672 [Rom.
637 1634 668 1671 S,
695 1634 775 1671 121:
800 1632 977 1663 Debitores
1001 1642 1114 1664 sumus
1132 1632 1206 1669 Dei,

237 1688 301 1708 uon
326 1678 443 1708 carnis.
489 1676 528 1707 Et
551 1675 702 1707 Christus
725 1676 826 1716 inquit
853 1674 935 1713 [loh.
954 1675 1004 1712 13,
1027 1674 1109 1713 34.]:
1134 1674 1207 1705 Hoc

237 1729 285 1751 est
311 1720 494 1750 mandatum
518 1729 640 1756 meum,
665 1726 697 1749 ut
723 1717 863 1759 diligatis
888 1728 948 1748 vos
972 1718 1121 1748 invicem.
1165 1716 1206 1747 Et

241 1763 265 1792 l.
286 1761 401 1792 Thess.
421 1762 451 1792 4.
476 1763 538 1799 [vs.
557 1762 601 1800 3.]
626 1761 716 1792 Haec
740 1767 789 1791 est
814 1759 968 1790 voluntas
991 1759 1066 1796 Dei,
1085 1760 1205 1790 sancti-

238 1805 343 1835 ticatio
352 1811 473 1841 vestra,
480 1804 646 1835 abstinere
658 1814 677 1833 a
689 1804 900 1839 scortatione,
908 1802 1080 1843 possidere
1093 1812 1205 1833 unum-

238 1857 399 1888 quemque
413 1857 472 1876 vas
487 1857 591 1883 sumn,
614 1846 646 1876 id
659 1852 720 1883 est,
747 1855 879 1885 corpus,
902 1846 932 1875 in
947 1844 1205 1875 sanctificatione

238 1898 265 1919 et
289 1888 431 1925 honore,
456 1899 518 1919 non
542 1889 575 1918 in
594 1888 765 1920 affectibus
790 1887 949 1924 libidinis,
973 1888 1058 1917 sicut
1082 1886 1205 1917 Gentes

238 1933 370 1973 ignarae
393 1931 469 1968 Dei,
503 1937 533 1961 et
564 1941 629 1960 non
657 1931 770 1961 iniuria
798 1928 933 1960 afficere
956 1936 987 1960 et
1012 1927 1206 1960 defraudare

236 1973 369 2004 fratrem
396 1974 428 2003 in
452 1973 607 2014 negotiis,
636 1974 709 2013 quia
739 1972 858 2002 vindex
888 1978 936 2002 est
963 1971 1054 2002 Deus
1086 1972 1126 2002 de
1156 1971 1205 2002 his

238 2017 396 2047 omnibus.
443 2016 516 2046 Non
547 2017 630 2046 enim
653 2016 785 2046 vocavit
808 2024 868 2045 nos
893 2014 985 2044 Deus
1008 2014 1050 2044 ad
1072 2015 1206 2044 immun-

238 2059 361 2094 ditiem,
397 2059 454 2088 sed
489 2059 530 2088 ad
567 2058 869 2089 sanctificationem.
927 2056 1002 2087 ideo
1037 2057 1090 2096 qui
1124 2055 1206 2087 haec

239 2102 425 2137 contemnit,
448 2111 513 2131 non
537 2100 698 2130 hominem
722 2105 909 2135 contemnit,
934 2099 991 2129 sed
1011 2098 1129 2135 Deum,
1153 2098 1207 2139 qui

238 2143 291 2173 dat
315 2142 468 2182 spiritum
492 2150 640 2173 sanctum
664 2152 758 2174 suum
782 2142 888 2172 vobis.

321 2185 510 2216 Necessitas
541 2185 729 2216 retinendae
758 2183 833 2214 fidei
861 2191 928 2220 est,
965 2184 1041 2224 quia
1065 2184 1205 2223 Spiritus

237 2234 370 2257 sanctus
392 2227 561 2267 expellitur
585 2234 616 2258 et
637 2227 844 2267 perturbatur
858 2228 916 2267 ⁹¹),
940 2236 1013 2256 cum
1036 2226 1206 2256 admittun-

238 2277 288 2299 tur
313 2276 442 2308 peccata
473 2276 586 2300 contra
611 2269 853 2300 conscientiam.
902 2267 992 2298 Sicut
1017 2267 1106 2299 clare
1129 2267 1205 2298 dici-

238 2400 282 2426 59)
309 2397 525 2428 incendebantur.]
548 2398 617 2422 Ediu.
633 2399 652 2422 l.
671 2400 694 2421 3.
714 2397 915 2421 incenderentur.

237 2448 283 2477 90)
311 2447 346 2471 ΗΕ
366 2447 480 2476 Qt'ARTt
502 2447 703 2478 Qt'AESTIONEJ
726 2448 797 2472 Editt.
821 2449 840 2471 t.
856 2449 879 2472 3.
900 2447 1016 2476 Qt‘ARTA
1035 2445 1187 2476 ut'AEs'rlo.

238 2500 282 2525 ¹91)
310 2498 478 2553 pergurbatur]
502 2498 570 2522 [diu.
593 2499 630 2519 2³2.
652 2499 691 2520 24.
713 2499 752 2520 28.
773 2498 812 2520 29,
834 2498 963 2524 31—:53.‚
985 2498 1043 2526 opp.
1063 2498 1083 2519 1.
1106 2497 1128 2518 2.
1148 2501 1206 2520 con-

305 2537 345 2555 tur
363 2534 419 2555 atur

855 101 965 134 Pflu..
989 101 1092 134 MEL.
1116 101 1300 134 SCRIPTA
1326 101 1599 136 DOGMA'rch.

2168 108 2229 141 ⁷76

1251 203 1302 226 tur
1327 196 1355 227 1.
1380 196 1468 227 loan.
1492 196 1522 228 3.
1547 200 1610 234 [vs.
1636 196 1681 235 7.]
1703 197 1809 228 Nemo
1833 198 1972 239 decipiat
1990 209 2071 230 vos:
2091 200 2225 242 quisa—

1250 238 1292 269 cit
1317 246 1497 279 peccatum,
1521 249 1560 270 ex
1584 238 1728 270 Diabolo
1752 246 1813 271 est.
1858 238 1897 271 Et
1920 240 2013 272 Rom.
2026 241 2058 273 8.
2077 245 2143 280 [vs.
2156 243 2223 282 »13st

1250 280 1286 312 Si
1307 282 1455 312 actiones
1481 281 1590 312 carnis
1613 281 1730 321 spiritu
1752 281 2006 321 mortificatum,
2031 284 2174 320 vivetist
2197 287 2223 316 si

1250 323 1431 354 secundum
1461 334 1592 354 carnem
1629 323 1764 361 vivetis,
1799 324 1988 361 moriemini.
2042 325 2083 356 Et
2116 329 2224 358 excuti

1251 365 1347 396 fidem
1381 376 1440 406 pet·
1469 365 1556 396 mala
1591 375 1691 406 opera
1722 371 1860 398 testatur
1888 367 1952 399 hoc
1981 367 2103 398 dictum
2132 367 2225 400 Pauli

1252 407 1279 438 l.
1303 407 1384 438 Tim.
1407 407 1437 438 5.
1463 411 1526 445 le.
1549 407 1592 445 84
1628 408 1663 439 Si
1692 408 1766 449 quis
1789 418 1925 440 suorum
1954 415 1985 440 et
2007 411 2145 442 maxime
2167 411 2224 442 do-

1251 450 1462 481 mesticorum
1485 459 1596 481 curam
1626 460 1691 481 non
1720 449 1837 488 habet,
1873 450 1969 483 fidem
1991 453 2168 493 abnegavit
2191 460 2223 485 et

1250 498 1299 522 est
1325 490 1445 523 infideli
1470 493 1622 524 deterior.
1668 492 1761 523 ltem:
1791 493 1890 524 Fides
1913 503 1990 525 esse
2012 504 2079 524 non
2093 496 2137 529 ⁹²)
2166 506 2223 536 po·

1249 540 1313 564 test
1337 534 1369 565 in
1391 533 1460 572 his,
1484 535 1538 576 qui
1561 533 1732 576 indulgent
1753 536 1864 576 pravis
1888 536 2138 576 cupiditatibus,
2163 547 2223 569 nec

1251 582 1349 616 agunt
1373 578 1620 616 poenitentiam,
1644 578 1719 617 quia
1741 577 1900 617 scriptum
1923 584 1989 608 est:
2012 577 2077 608 Ubi
2099 577 2223 610 habita-

1251 619 1295 649 bit
1307 617 1491 650 Dominus?
1513 620 1545 649 in
1564 620 1679 660 spiritu
1700 620 1841 650 contrito
1865 626 1896 650 et
1919 626 2078 651 tremente
2100 630 2222 657 sermo-

1250 670 1310 690 nes
1333 670 1436 691 meos.
1482 660 1578 698 Item,
1610 671 1683 692 cum
1712 662 1793 692 tides
1817 661 1933 693 afferat
1956 672 2072 702 pacem
2095 664 2223 694 consci—

1251 703 1372 739 entiae,
1408 713 1472 733 non
1501 709 1610 743 potest
1632 703 1730 734 simul
1755 714 1830 735 esse
1854 714 1926 735 cum
1955 705 2126 745 proposito
2148 706 2222 736 reti-

1251 751 1347 775 nente
1370 743 1533 781 delictum,
1557 746 1645 785 quod
1658 747 1852 777 condemnat
1866 747 2112 777 conscientiam.
2146 747 2222 778 ldeo

1251 785 1372 817 Paulus
1386 787 1488 827 inquit
1512 786 1618 823 [Rom.
1635 787 1685 825 14,
1697 788 1779 826 234:
1804 789 1919 825 Omne,
1936 789 2023 829 quod
2036 798 2100 818 non
2114 795 2164 819 est
2175 791 2222 828 ⁹⁸)

1250 839 1289 859 ex
1315 828 1390 865 fide,
1413 835 1585 869 peccatum
1608 836 1668 859 est.

1335 870 1489 901 Excussit
1505 871 1603 901 iffitur
1616 871 1724 902 David
1743 872 1839 902 fidem
1852 878 1884 902 et
1897 872 2052 912 Spiritum
2063 880 2222 910 sanctum,

1251 924 1323 943 cum
1347 917 1477 953 raperet
1499 895 1635 944 alterius
1659 915 1844 956 coniugem,
1865 920 1898 944 et
1920 915 2049 954 quidem
2070 914 2222 955 multipli-

1251 956 1330 985 citer
1349 955 1503 995 Spiritum
1526 962 1676 986 sanctum
1693 956 1905 996 perturbavit,
1927 957 2064 995 primum
2077 957 2108 987 in
2122 957 2222 988 corde

1250 1007 1323 1034 suc,
1347 997 1433 1028 unde
1454 996 1571 1037 pulsus
1594 1004 1644 1028 est
1668 998 1699 1028 in
1723 997 1895 1035 adulterio,
1919 999 2036 1029 deinde
2058 999 2089 1029 in
2111 997 2222 1030 multis

1250 1040 1374 1070 sanctis
1383 1062 1391 1077 ,
1425 1050 1563 1081 quorum
1596 1039 1669 1071 aliis
1703 1039 1896 1072 scandalum
1924 1039 2031 1072 attulit
2065 1039 2221 1078 dolorem,

1249 1080 1321 1112 aliis
1344 1081 1403 1113 fuit
1426 1083 1560 1113 occasio
1585 1083 1682 1113 exitii.
1714 1082 1794 1113 Item
1816 1084 1848 1113 in
1870 1083 2060 1114 miserrimis
2083 1081 2223 1114 mulieri-

1251 1125 1328 1161 bus,
1353 1125 1383 1155 vi
1408 1125 1565 1164 stupratis
1592 1126 1634 1155 ab
1657 1123 1900 1165 Absolone,⁹⁴)
1930 1132 1960 1156 et
1984 1126 2054 1156 eius
2078 1126 2223 1166 manipu-

1249 1165 1387 1197 laribus.

1335 1209 1530 1240 Necessitas
1550 1210 1673 1240 vitandi
1697 1219 1822 1250 poenas
1846 1210 1986 1240 debebat
2005 1210 2134 1250 quidem
2156 1211 2223 1241 ani-

1250 1261 1322 1282 mos
1350 1261 1501 1288 movere,
1536 1261 1610 1282 cum
1638 1258 1737 1282 totam
1766 1252 1877 1283 mundi
1899 1251 2069 1282 historiam
2091 1250 2222 1292 plenam

1249 1293 1509 1324 tristissimorum
1540 1299 1714 1325 eventuum
1737 1294 1924 1325 videamus.
1956 1294 2010 1334 qui
2033 1299 2124 1324 certe
2146 1300 2223 1324 sunt

1249 1345 1376 1375 poenae
1404 1341 1626 1376 peccatorum.
1673 1336 1741 1367 Sed
1770 1341 1861 1367 tanta
1881 1337 2024 1367 caecitas
2047 1342 2098 1366 est
2120 1335 2222 1366 homi-

1250 1388 1336 1415 num,
1361 1383 1394 1408 ut
1418 1388 1499 1409 casu
1522 1377 1698 1419 plerosque
1720 1379 1871 1409 accidere
1895 1378 2091 1409 existiment.
2132 1377 2221 1409 Haec

1249 1421 1389 1450 amentia
1411 1418 1555 1451 tollenda
1584 1427 1652 1450 est:
1681 1419 1833 1451 Sciamus
1856 1429 1970 1451 omnes
1992 1421 2103 1450 tristes
2125 1422 2222 1450 even-

1249 1469 1302 1493 tus
1332 1462 1492 1493 humanos
1520 1472 1597 1493 vere
1620 1472 1696 1493 esse
1713 1472 1856 1502 poenas,
1885 1473 1958 1493 cum
1979 1462 2072 1502 primi
2095 1460 2220 1502 lapsus,

1250 1511 1316 1535 timi
1345 1503 1483 1535 aliorum
1511 1509 1739 1544 peccatorum3
1768 1505 1853 1535 sicut
1874 1503 1965 1535 Psal.
1990 1503 2042 1535 38.
2067 1506 2131 1542 [vs.
2156 1503 2222 1542 12]

1249 1548 1367 1587 inquit:
1398 1546 1538 1587 Propter
1566 1547 1751 1587 iniquitates
1776 1547 1914 1587 corripis
1936 1547 2111 1577 hominem.
2154 1546 2221 1576 lmo

1250 1599 1322 1620 cum
1345 1590 1528 1630 praesentia
1553 1590 1659 1620 omnia
1679 1590 1744 1620 sint
1766 1595 2006 1625 momentanea,
2028 1594 2220 1629 praesentes

1250 1641 1378 1672 poenae
1388 1642 1454 1662 non
1468 1632 1670 1672 respondent
1687 1632 1755 1662 irae
1766 1631 1829 1662 Dei
1841 1637 2006 1669 aeternae,
2014 1631 2072 1662 sed
2086 1637 2161 1661 sunt
2173 1636 2221 1661 te-

1248 1675 1400 1705 stimonia
1427 1674 1536 1705 iudicii
1565 1674 1702 1705 venturi.
1754 1673 1846 1705 Deus
1876 1684 1938 1704 nos
1969 1672 2222 1704 commonefacit

1248 1723 1374 1747 restare
1397 1717 1550 1747 iudicium
1565 1715 1664 1754 aliud,
1688 1717 1720 1746 in
1744 1726 1808 1757 quo
1832 1726 1898 1747 non
1921 1716 1961 1747 de
1984 1715 2220 1746 momentaneis

1249 1765 1279 1790 et
1302 1759 1512 1799 pereuntibus
1536 1759 1636 1789 rebus
1659 1765 1787 1800 agetur,
1810 1759 1868 1789 sed
1893 1758 1934 1789 de
1953 1758 2105 1789 aeternis.
2148 1756 2220 1787 Hoc

1248 1802 1401 1832 iudicium
1431 1810 1562 1841 semper
1583 1801 1623 1831 in.
1639 1807 1823 1841 conspectu
1847 1810 1924 1831 esse
1946 1801 2061 1836 debet,
2092 1799 2134 1829 de
2155 1799 2219 1829 hoc

1248 1844 1364 1875 iudicio
1389 1853 1451 1874 nos
1474 1843 1565 1883 ipsos
1590 1843 1841 1879 admoneamus,
1876 1844 2003 1883 quoties
2027 1847 2218 1882 praesentes

1249 1896 1373 1926 poenas
1398 1886 1555 1916 videmus.

1334 1929 1384 1958 Ac
1413 1928 1602 1968 repudietur
1632 1926 1687 1958 illa
1717 1926 1835 1968 frigida
1863 1926 2046 1964 cavillatio,
2104 1936 2146 1956 ua
2168 1936 2219 1956 re-

1248 1969 1493 2010 prehenduntur
1520 1968 1691 2000 benefacta
1721 1975 1808 1999 metu
1835 1978 1973 2009 poenae.
2018 1967 2096 1999 Faci
2110 1968 2138 1998 is
2167 1974 2218 1998 est

1248 2014 1419 2053 responsio
1442 2012 1517 2052 piis,
1542 2011 1596 2052 qui
1619 2012 1725 2042 sciunt
1748 2011 1893 2042 eiusdem
1909 2009 1989 2041 facti
2006 2009 2125 2041 multas
2141 2019 2219 2040 esse

1249 2065 1387 2086 caussas
1411 2060 1443 2085 et
1465 2054 1642 2084 ordinatas.
1689 2053 1801 2084 Sciunt
1822 2054 1931 2093 potius
1953 2058 2088 2094 propter
2111 2051 2218 2083 Deum

1248 2104 1337 2128 recte
1346 2096 1530 2128 faciendum
1539 2106 1624 2133 esse,
1633 2106 1730 2136 quam
1739 2102 1872 2136 propter
1879 2105 2016 2136 poenas.
2036 2095 2103 2126 Sed
2110 2095 2218 2125 sciunt

1248 2140 1311 2170 hoc
1342 2149 1473 2180 quoque
1496 2138 1602 2169 Deum
1632 2136 1716 2168 velle
1741 2138 1877 2179 agnosci
1900 2136 2100 2168 voluntatem
2123 2145 2216 2168 suam

1248 2189 1278 2212 et
1296 2182 1377 2212 iram
1400 2182 1431 2212 in
1454 2181 1579 2221 poenis,
1603 2179 1689 2211 velle
1713 2180 1811 2211 metui
1833 2189 1959 2220 poenas
1975 2185 2169 2220 praesentes
2184 2185 2216 2208 et

1246 2223 1384 2255 futuras.
1429 2223 1469 2253 Et
1499 2233 1612 2253 omnes
1641 2232 1766 2262 poenae
1787 2221 1855 2253 late
1875 2228 2004 2262 patent,
2033 2231 2133 2262 saepe
2179 2231 2215 2251 u-

1248 2267 1378 2296 niuntur
1405 2271 1543 2306 peccata
1570 2265 1734 2305 peccatiS,
1765 2270 1795 2295 et
1817 2263 2024 2305 implicantur
2045 2262 2135 2294 multi
2181 2272 2216 2292 o-

1247 2309 1357 2341 mines
1379 2308 1524 2348 peccatis
1553 2314 1584 2338 et
1613 2305 1860 2338 calamitatibus.
1906 2306 2029 2336 Horum
2058 2304 2216 2336 malorum

1248 2427 1293 2455 92)
1319 2433 1376 2451 esse
1395 2427 1456 2456 non]
1475 2426 1547 2451 Editt.
1568 2427 1607 2449 22.
1624 2427 1664 2450 24.
1677 2427 1716 2450 28.
1731 2427 1770 2450 29.
1787 2426 1903 2453 31-33.,
1923 2427 1983 2456 opp.
2007 2427 2027 2448 l.
2047 2425 2069 2448 2.
2089 2430 2138 2449 non
2156 2429 2215 2448 esse

1248 2478 1293 2508 93)
1319 2480 1359 2502 est
1376 2477 1456 2502 abest
1472 2477 1508 2502 ab
1525 2477 1597 2502 Editt.
1618 2478 1656 2500 22.
1678 2478 1717 2500 24.
1738 2477 1778 2500 28.
1797 2477 1836 2500 29,

1225 2555 1228 2560 .
1248 2528 1294 2555 94)
1322 2527 1465 2558 Αὓεοὶοηε,]
1486 2527 1559 2552 Ediu.
1581 2529 1601 2551 1.
1621 2529 1644 2553 3.
1663 2528 1795 2553 Absatone.
