2358 2933
107 119 171 150 749

107 218 139 243 et
172 210 388 241 sanctificatio
423 216 455 240 et
485 210 673 250 redemptio.
719 210 812 241 Sicut
835 210 992 249 scripturn
1016 215 1082 239 est:

107 254 169 289 Qui
194 253 364 294 gloriatur,
388 253 419 282 in
443 252 586 283 Domino
611 251 779 293 glorietur
812 252 904 282 Haec
924 257 973 282 est
998 252 1083 282 enim

106 295 253 337 perfecta
276 302 307 325 et
325 296 455 336 integra
479 293 632 335 gloriatio
657 295 689 324 in
712 294 797 331 Deo,
821 294 952 334 quando
977 303 1083 334 neque

105 344 240 379 propter
258 338 412 367 iustitiam
435 347 529 367 suam
553 338 724 377 quisquam
749 336 890 373 effertur,
910 336 969 366 sed
981 346 1082 376 agno-

107 381 168 411 scit
191 390 268 410 sese
291 380 438 420 indigere
462 389 542 409 vera
564 380 702 416 iustitia,
737 378 801 408 fide
824 383 932 408 autem
955 378 1028 408 sola
1051 379 1082 408 in

107 422 272 453 Christum
294 422 475 452 iustificari.

190 464 342 505 Denique
376 473 429 494 res
462 465 533 503 ipsa
569 463 805 493 consideretur.
851 460 969 492 Melius
1000 462 1083 492 enim

104 506 240 547 intelligi
274 517 339 537 vox
373 505 546 547 Evangelii
579 510 688 546 potest.
720 505 752 534 in
785 505 950 544 praesenti
983 503 1083 541 lucta,

106 559 201 590 quam
236 559 309 580 cum
343 550 439 579 otiosi
475 555 505 579 et
529 548 636 578 securi
661 553 815 588 tanquam
838 556 878 577 ex
901 545 1083 587 longinquo

106 593 166 622 has
190 592 427 632 disputationes
450 591 609 621 audimus.
656 588 761 623 Quam
795 590 851 619 tibi
880 589 941 629 ipsi
964 599 1083 629 propo-

105 644 165 665 nes
189 633 461 670 consolationem,
485 643 557 663 cum
581 641 671 662 mens
696 641 771 662 vere
791 631 940 661 obruitur
958 640 1082 671 pavore

104 683 135 707 et
159 682 247 707 metu
270 677 338 706 irae
357 675 440 705 Dete
464 684 572 705 nonne
594 674 627 703 in
651 683 689 704 ea
714 674 981 704 consternatione
1005 684 1082 704 con—

104 719 293 760 fugiendum
318 718 376 748 erit
400 718 442 747 ad
466 717 680 747 Mediatorem
705 716 891 746 Christum?
938 721 969 746 et.
993 717 1082 756 cogi-

103 761 247 797 tandum,
271 759 378 790 Crede
400 765 535 799 propter
558 759 644 789 hanc
667 760 830 789 victimam
853 759 908 789 tibi
942 759 1081 799 ignosci.

104 803 197 834 Sicut
220 803 341 843 ubique
364 802 452 832 iubet
476 799 691 842 Evangeliuin
715 802 863 838 credere,
898 801 985 841 quod
1008 811 1082 841 pro-

104 850 177 885 pter
199 850 336 885 peccata
360 850 477 875 nostra
501 843 586 874 iilius
606 843 668 874 Dei
692 850 840 874 mortuus
865 844 917 880 sit,
940 849 973 873 ut
987 843 1081 874 Rom.

103 888 134 917 4.
159 890 224 926 [vs.
248 887 313 924 254
338 887 465 917 dicitur.
500 886 718 927 Cogitandnm
743 893 774 917 et
796 886 871 924 hoe,
896 885 960 916 Per
984 884 1083 916 filium

104 935 155 960 est
177 939 336 960 accessus
359 929 400 959 ad
414 929 531 966 Deum,
556 928 648 959 Rom.
672 929 702 959 5.
728 932 789 966 lVS.
804 930 847 967 2.]
873 927 977 958 Porro
1000 928 1083 958 haec

104 971 199 1009 fides,
222 982 285 1012 qua
308 977 340 1001 te
363 972 411 1002 sic
436 970 640 1007 consolaris,
662 970 749 1001 haud
773 972 869 1001 dubie
892 976 941 1001 est
965 970 1083 1001 fiducia

104 1015 324 1055 acquiescens
360 1015 390 1043 in
425 1013 491 1043 filio
515 1014 588 1044 Dei.
635 1014 734 1044 Certe
768 1024 835 1043 non
864 1014 912 1043 sic
937 1014 1083 1053 cogitan-

105 1057 180 1087 dum
204 1057 280 1087 erit:
321 1056 386 1086 lain
410 1055 509 1097 diligo
532 1055 651 1087 Deum.
675 1057 738 1086 iam
761 1055 867 1086 habeo
891 1056 1028 1086 virtutes
1052 1060 1083 1085 et

105 1099 235 1131 merita.
265 1099 338 1129 ideo
361 1098 454 1128 Deus
478 1108 529 1128 me
554 1099 685 1139 recipiet
740 1098 830 1140 Ergo
853 1097 973 1128 luctam
998 1097 1083 1128 hanc

105 1147 136 1172 et
160 1140 417 1172 consolationem
441 1142 604 1171 intuentes
629 1140 847 1181 intelligemus
867 1141 1009 1170 existere
1027 1150 1082 1180 pa-

104 1193 204 1214 vores
240 1190 270 1213 et
301 1184 381 1224 erigi
415 1184 541 1213 animos
576 1183 695 1213 fiducia
719 1184 863 1213 intuente
888 1181 986 1212 filium
1009 1182 1082 1218 Dei,

104 1227 355 1266 quibuscunque
379 1226 489 1255 verbis
514 1225 622 1265 eloqui
652 1224 735 1255 haec
758 1224 970 1255 voluerimus.
1017 1225 1083 1255 Sed

104 1268 288 1307 Prophetae
322 1273 352 1298 et
376 1266 527 1307 Apostoli
564 1272 696 1298 utuntur
726 1268 756 1297 in
792 1267 855 1297 hac
889 1277 923 1297 re
952 1268 1082 1297 nomine

104 1310 202 1341 Fidei.
970 1327 977 1353 '-

189 1352 313 1383 Eodem
336 1352 433 1382 modo
456 1352 498 1392 pii
523 1361 636 1382 omnes
656 1352 878 1392 quotidianam
902 1352 1082 1382 1111003110-

103 1405 177 1426 nem
212 1404 305 1426 suam
342 1395 572 1431 considerent,
609 1395 738 1435 quoties
773 1395 890 1434 incipis
925 1395 1081 1425 invocare

102 1437 228 1474 Deum,
263 1437 423 1476 obstrepit
447 1437 502 1466 tibi
527 1436 695 1477 multiplex
727 1437 903 1478 indignitas
927 1443 995 1475 1113,
1018 1447 1081 1467 018-

103 1481 165 1510 11115
190 1484 262 1510 11135
286 1489 404 1519 preces
429 1489 493 1509 0011
517 1479 650 1509 admitti.
691 1479 750 1509 Hic
774 1481 939 1520 quaeritur
963 1490 1081 1510 conso-

104 1521 180 1552 latio
204 1521 324 1562 aliqua,
350 1522 531 1562 quaenam?
563 1521 660 1552 Certe
683 1532 748 1552 non
773 1523 911 1563 cogitas,
936 1523 1002 1553 lam
1024 1522 1080 1552 ha-

104 1565 165 1595 beo
190 1564 344 1601 virtutes,
374 1574 511 1604 quarum
535 1564 675 1604 dignitas
700 1570 842 1595 meretur
866 1565 966 1605 recipi
990 1575 1080 1595 meas

102 1617 235 1646 preces,
277 1607 336 1637 sed
371 1607 502 1647 quaeris
536 1606 750 1637 Mediatorem
786 1608 880 1637 nobis
915 1608 1080 1643 donatum,

103 1650 231 1690 cogitas
266 1648 355 1679 illam
390 1659 504 1679 vocem
541 1648 657 1684 [Matth
694 1649 744 1685 11,
768 1650 850 1687 ⁶284:
897 1650 1015 1681 Venite
1039 1651 1080 1680 ad

102 1702 165 1729 ine.
202 1702 326 1729 01111185,
356 1692 408 1732 qui
445 1690 602 1721 laboratis
627 1698 658 1722 et
683 1694 807 1722 onerati
835 1694 926 1730 estis,
961 1698 992 1723 et
1017 1703 1079 1734 ego

102 1734 246 1764 reficiam
268 1744 339 1765 voss
387 1733 464 1763 118111
490 1733 570 1770 11011.
598 1734 646 1771 14,
673 1734 752 1772 13.1τ
796 1735 955 1776 Quicquid
980 1736 1079 1775 petie-

102 1777 172 1807 ritis
207 1776 336 1807 Patrem
371 1777 401 1805 in
438 1777 567 1806 nomine
602 1787 687 1814 meo,
723 1778 811 1807 dabit
847 1779 953 1808 vobis.
1000 1778 1079 1808 Item

103 1819 201 1849 Hebr.
238 1820 265 1850 7.
299 1822 360 1856 [vs.
384 1818 450 1855 ⁶25.]
498 1819 637 1859 Semper
670 1820 802 1857 vivens,
840 1827 871 1851 ut
896 1819 1079 1860 interpellet

101 1872 160 1901 pro
186 1862 244 1892 eis.
291 1860 407 1891 Credis
442 1861 540 1901 igitur
568 1861 703 1901 placere
727 1862 800 1893 Deo
825 1863 1079 1900 invocationem,

101 1909 133 1934 81
166 1905 267 1944 recipi
300 1909 436 1944 propter
458 1903 546 1934 hunc
570 1904 763 1935 Pontificem
786 1916 850 1935 una
873 1905 1080 1946 interpellan-

100 1951 174 1976 tem.
222 1946 293 1976 Hoc
328 1947 481 1983 credere,
518 1951 607 1977 certe
642 1953 693 1977 est
727 1947 845 1978 fiducia
881 1949 1012 1989 erigens
1048 1954 1080 1978 et

101 1987 278 2019 consolans
302 1989 453 2019 animum.
500 1988 550 2019 De
573 1989 636 2019 hac
660 1999 706 2026 re,
731 1990 771 2019 de
793 1989 855 2021 hac
880 1990 1079 2021 consolatio-

100 2041 140 2061 ne
164 2032 366 2068 dimicamus,
400 2031 650 2072 quibuscunque
677 2033 784 2063 verbis
807 2034 851 2063 uti
876 2032 928 2063 alii
953 2032 1078 2069 volunt,

102 2084 168 2103 rem
194 2074 334 2104 retinere
370 2074 528 2112 cupimus.
576 2075 658 2104 Nam
682 2076 735 2116 qui
771 2076 986 2111 dissentiunt,
1011 2085 1078 2106 rem

101 2115 203 2156 ipsam
226 2116 379 2152 obruunt,
403 2116 514 2145 iubent
539 2126 668 2156 semper
690 2118 858 2155 dubitare,
894 2125 924 2148 et
948 2120 1077 2160 quidem

100 2158 262 2199 sepeliunt
297 2156 474 2195 Christum,
509 2159 584 2198 quia
618 2169 756 2199 prorsus
791 2171 855 2190 non
881 2161 997 2192 docent
1022 2171 1077 2201 pe-

101 2201 229 2232 tendam
263 2202 304 2231 ab
340 2210 379 2230 eo
415 2199 692 2238 consolationem,
715 2213 780 2233 non
804 2204 915 2234 iubent
938 2205 983 2234 uti
1007 2205 1076 2234 eins

101 2243 272 2274 beneficio.
319 2242 402 2277 Quia
436 2243 462 2272 si
498 2242 581 2273 fides
615 2254 681 2274 non
716 2251 767 2275 est
802 2245 921 2276 fiducia
946 2247 1076 2277 intuens

100 2285 266 2316 Christum
301 2291 332 2315 et
362 2286 582 2325 acquiescens
607 2292 743 2326 propter
766 2287 950 2326 Christum,
987 2294 1076 2320 certe

99 2338 164 2358 non
198 2326 400 2368 applicamus
436 2329 530 2358 nobis
562 2329 632 2359 81115
657 2329 866 2368 1180811011011,
890 2341 997 2372 neque
1016 2333 1076 2362 uti-

99 2382 170 2401 mur
203 2371 273 2401 eius
303 2370 474 2400 beneficio.
521 2371 670 2401 Necesse
693 2378 741 2402 est
754 2373 797 2405 ⁵⁷)
822 2374 918 2413 igitur
942 2374 1006 2404 fide
1029 2375 1076 2404 in-

99 2412 199 2455 telligi
225 2412 374 2443 fiduciam
398 2411 615 2453 applicantem
628 2414 723 2444 nobis
737 2415 929 2446 beneficium
943 2415 1076 2447 Christi.

98 2547 144 2578 57)
164 2550 203 2572 est
222 2548 355 2574 omittunt
374 2549 446 2574 Editt.
467 2550 506 2572 18.
526 2550 566 2572 22.
586 2550 658 2579 (err.
680 2551 811 2581 typam.)

589 117 611 147 1.
631 117 730 148 Loci
751 116 1025 148 THEOLOGICI:
1049 117 1091 148 D.

1111 116 1270 147 TERTIA
1289 115 1445 146 EORUM
1465 114 1619 146 AETAS.
2045 115 2109 145 7250

1103 213 1106 251 ᾗ
1212 210 1323 244 Quare
1347 219 1419 241 cum
1444 210 1571 246 dicitur,
1585 208 1664 239 Fide
1687 207 1913 244 iiistiiicainur,
1937 217 2003 237 non
2016 207 2105 238 aliud

1103 254 1106 267 ¹
1126 252 1258 289 dicitur,
1293 263 1389 293 quam
1423 252 1511 292 quod
1534 256 1670 291 propter
1694 249 1793 280 filium
1818 249 1881 280 Dei
1905 250 2105 290 accipiamus

1126 295 1354 324 remissionem
1388 299 1598 334 peccatorum
1632 299 1663 323 et
1698 297 1886 332 reputemur
1920 292 2007 323 iusti.
2064 291 2105 322 Et

1126 336 1200 376 quia
1236 342 1367 377 oportet
1400 336 1601 376 apprehendi
1635 335 1700 365 hoc
1736 333 1946 372 beneficium,
1987 335 2106 365 dicitur

1127 377 1200 415 fide,
1224 379 1256 409 id
1279 384 1339 416 est,
1363 378 1484 409 fiducia
1506 378 1752 408 misericordiae
1774 377 1958 417 promissae
1967 382 2106 417 propter

1127 419 1303 452 Christum.
1349 419 1552 462 lntelligatur
1585 430 1664 460 ergo
1688 420 1870 460 propositio
1895 418 2106 457 correlative,

1126 462 1204 493 Fide
1228 474 1341 493 sumus
1364 464 1451 500 iusti,
1474 464 1504 493 id
1529 468 1591 499 est,
1614 472 1673 502 per
1696 462 1953 492 inisericordiam
1971 467 2106 502 propter

1127 504 1226 535 tilium
1266 505 1328 536 Dei
1366 515 1478 535 sumus
1518 505 1594 535 iusti
1635 514 1694 535 seu
1735 506 1873 544 accepti.
1929 505 2015 535 Nota
2056 510 2105 535 est

1126 548 1258 581 enim50')
1279 554 1395 578 natura
1418 547 1629 578 relativorum
1652 547 1836 582 nominunu
1881 547 1921 577 Et
1945 552 1979 577 ut
2003 557 2106 584 amor,

1125 589 1220 619 timor
1243 596 1273 620 et
1298 589 1361 620 alia
1381 590 1541 630 quaedam
1571 588 1745 620 affectuum
1768 590 1900 619 nomina
1924 595 2000 620 sunt
2024 588 2105 619 rela—

1126 632 1192 661 tiva
1228 633 1409 663 secundum
1444 632 1523 668 dici,
1554 632 1598 661 ita
1630 638 1661 662 et
1689 631 1818 661 fiducia.
1864 631 1934 662 Nec
1958 630 2104 662 insulsas

1127 673 1399 714 reprehensiones
1424 675 1629 705 indoctorum
1652 673 1705 704 liic
1729 674 1937 714 pertimesco.

1212 716 1252 747 Et
1274 717 1361 758 quod
1386 717 1541 747 obiiciunt
1565 717 1706 757 quidam,
1731 716 1805 746 huic
1828 716 1968 747 fiduciae
1991 717 2104 747 adiun-

1127 764 1211 789 ctam
1235 769 1310 790 esse
1335 758 1552 796 dilectionem,
1576 770 1641 789 non
1667 769 1824 800 repugno.
1872 759 1938 789 Sed
1963 769 2036 790 cum
2061 759 2105 788 di-

1128 802 1243 837 cimus,
1276 802 1355 832 Fide
1390 802 1619 839 iustificainur,
1654 807 1877 832 monstramus
1912 800 2014 831 filium
2041 801 2104 832 Dei

1127 845 1293 874 sedentem
1313 845 1355 874 ad
1379 845 1523 875 dextram
1538 843 1657 881 Patris,
1680 843 1941 884 interpellantem
1964 854 2023 884 pro
2047 854 2105 874 no-

1128 888 1187 916 bis.
1234 887 1372 927 Propter
1407 886 1494 917 hunc
1529 888 1665 917 dicimus
1700 887 1795 918 nobis
1821 888 1934 917 donari
1958 887 2105 917 reconci-

1126 928 1303 965 liationem,
1339 928 1539 960 detrahimus
1574 930 1722 960 meritum
1746 928 2024 960 reconciliationis
2049 940 2105 959 110-

1126 972 1203 1001 stris
1227 973 1410 1009 virtutibus,
1433 982 1646 1012 quaecunque
1669 973 1799 1003 adsunt.
1824 972 1864 1002 Et
1886 978 1993 1003 tamen
2018 977 2106 1012 post-

1127 1025 1165 1044 ea
1199 1025 1259 1045 suo
1295 1013 1369 1045 loco
1405 1015 1537 1051 dicitur,
1568 1014 1786 1045 Dilectionem
1811 1021 1841 1045 et
1865 1013 1946 1045 alias
1970 1015 2105 1045 11110185

1126 1058 1157 1086 111
1182 1058 1303 1087 renatis
1328 1057 1468 1087 existere
1492 1063 1653 1096 oportere.

1213 1099 1264 1129 Ae
1288 1100 1318 1129 in
1342 1109 1479 1135 summa,
1503 1110 1575 1129 cum
1599 1109 1796 1130 accusamur
1819 1100 1849 1129 in
1864 1098 1928 1129 1100
1941 1100 2104 1140 dogmate,

1128 1142 1215 1181 quod
1241 1142 1389 1179 uicimus,
1414 1142 1492 1171 Fide
1516 1141 1686 1172 iustificari
1699 1142 1874 1179 hominem,
1892 1147 2015 1171 tantum
2031 1143 2104 1171 ideo

1128 1193 1339 1214 accusamur.
1375 1184 1461 1224 quod
1493 1184 1647 1221 dicimus,
1681 1194 1743 1213 nos
1763 1189 1897 1224 propter
1921 1183 2020 1214 filium
2044 1184 2104 1214 Dei

1128 1227 1278 1266 accipere
1302 1225 1616 1263 reconciliationem,
1640 1237 1705 1256 non
1729 1232 1863 1267 propter
1886 1233 2035 1257 nostram
2060 1227 2105 1257 di-

1127 1268 1294 1308 gnitatem,
1319 1273 1349 1298 et
1375 1269 1462 1309 qnod
1481 1268 1546 1298 hoc
1570 1269 1768 1299 credendum
1793 1270 1845 1306 sit,
1869 1279 1928 1299 seu
1942 1270 2029 1310 qnod
2042 1269 2104 1300 hac

1127 1310 1190 1341 fide
1227 1309 1279 1340 vel
1314 1310 1435 1341 fiducia
1458 1310 1766 1351 apprehendendum
1791 1312 1832 1341 511
1857 1312 2049 1342 beneficium
2074 1317 2105 1343 81

1126 1354 1354 1393 opponendum
1395 1354 1544 1384 meritum
1586 1353 1709 1385 Christi
1750 1360 1886 1394 peccato
1921 1360 2038 1385 nostro
2074 1361 2105 1386 et

1126 1396 1323 1426 damnationi
1359 1402 1507 1434 nostrae,
1542 1403 1572 1427 et
1603 1398 1691 1438 quod
1713 1398 1745 1427 in
1769 1395 1830 1428 hac
1856 1396 1920 1427 fide
1943 1408 2003 1428 seu
2026 1397 2105 1428 fidu-

1126 1439 1174 1468 cia
1209 1439 1353 1469 intuente
1382 1438 1481 1469 filiuni
1506 1439 1567 1470 Dei
1591 1439 1685 1470 Deus
1708 1440 1913 1470 invocandus
1937 1441 1988 1471 sit.
2035 1440 2105 1471 Has

1125 1486 1233 1511 autem
1268 1483 1448 1512 sententias
1483 1492 1560 1512 esse
1593 1483 1698 1523 ipsam
1727 1482 1898 1523 Evangelii
1934 1494 2050 1515 vocem
2074 1491 2103 1515 et

1101 1535 1104 1573 Ι
1125 1528 1316 1563 perpetuum
1340 1534 1437 1555 verae
1456 1523 1628 1555 Ecclesiae
1653 1535 1862 1563 consensum,
1887 1527 2104 1558 certissimum

1126 1571 1185 1595 est.
1232 1566 1301 1596 Nec
1337 1567 1447 1597 dubito
1483 1568 1589 1598 bonos
1621 1573 1650 1598 et
1679 1569 1752 1608 pios
1781 1578 1982 1608 agnoscere,
2018 1569 2104 1600 hanc

1125 1607 1376 1648 explicationem
1413 1619 1489 1640 vere
1518 1620 1593 1640 esse
1617 1609 1707 1641 Pauli
1733 1611 1931 1649 doctrinam,
1966 1622 2104 1653 eamque

1125 1656 1219 1692 grata
1250 1657 1356 1682 mente
1391 1651 1552 1692 amplecti.
1600 1652 1650 1683 Ac
1675 1654 1715 1684 de
1738 1659 1805 1684 tota
1828 1665 1863 1684 re
1886 1665 2034 1695 provoco
2058 1656 2100 1685 ad

1125 1704 1326 1724 consensum
1350 1694 1532 1732 Ecclesiae,
1555 1696 1586 1726 id
1611 1702 1676 1732 est,
1701 1697 1878 1736 peritorum
1903 1703 1934 1728 et
1956 1698 2099 1737 piorum:

1124 1736 1203 1765 Eius
1237 1736 1407 1767 Ecclesiae
1441 1738 1658 1768 testimonium
1694 1740 1924 1780 gravissimum
1953 1740 2103 1770 8558111-

1124 1779 1208 1809 dico.

1211 1821 1306 1856 Quod
1341 1828 1447 1853 autem
1478 1822 1532 1853 alii
1567 1823 1656 1854 multi
1693 1825 1823 1855 rabiose
1858 1825 2038 1856 reclamant
2072 1833 2101 1856 et

1124 1865 1337 1902 contendunt,
1350 1864 1513 1896 vocabulo
1523 1866 1612 1896 Fidei
1625 1865 1703 1896 nihil
1717 1868 1777 1898 nisi
1788 1869 1936 1898 notitiam
1945 1867 2102 1899 historiae

1123 1906 1315 1947 significari,
1330 1914 1359 1937 et
1375 1915 1537 1948 quaerunt
1549 1909 1692 1939 infinitas
1707 1909 2101 1946 cavillationes.memine-

1123 1949 1184 1979 11111
1198 1949 1239 1989 pii
1265 1960 1378 1980 vocem
1403 1950 1507 1989 Pauli,
1532 1952 1584 1991 qui
1608 1953 1709 1992 inquit
1725 1952 1833 1991 [Rom.
1847 1953 1973 1992 9‚3l.]:
1998 1953 2100 1984 lsrael

1124 1992 1282 2022 sectando
1317 1992 1440 2033 Legem
1468 1995 1609 2025 iustitiae
1639 1996 1680 2025 ad
1705 1995 1829 2036 Legem
1862 1997 2004 2027 iustitiae
2034 2007 2098 2027 non

1123 2035 1279 2073 pervenit.
1327 2034 1419 2065 Ratio
1444 2035 1587 2067 humana
1609 2036 1758 2079 intelligit
1780 2039 1933 2069 iustitiam
1953 2049 2098 2079 operum.

1122 2077 1206 2107 hanc.
1231 2077 1365 2107 miratur
1388 2089 1496 2116 1111301,
1523 2085 1553 2110 81
1584 2079 1655 2117 illa,
1680 2091 1762 2121 quae
1798 2081 1837 2111 de
1871 2082 1993 2112 iustitia
2023 2081 2098 2113 fidei

1122 2120 1283 2149 dicuntur.
1320 2121 1393 2160 qnia
1429 2127 1503 2151 sunt
1539 2121 1645 2153 aliena
1669 2133 1688 2153 a
1711 2122 1852 2163 politicis
1877 2124 2098 2163 opinionibus,

1120 2163 1242 2193 acerbe
1276 2162 1362 2193 odit!
1399 2164 1465 2194 Sed
1490 2174 1550 2194 nos
1576 2166 1739 2203 sciamus,
1773 2176 1866 2196 suum
1890 2165 1998 2198 locum
2022 2177 2099 2198 esse

1120 2205 1261 2235 iustitiae
1286 2215 1431 2245 operum,
1455 2205 1554 2248 longe
1577 2218 1656 2238 vero
1679 2207 1741 2238 alia
1766 2207 1991 2240 consolatione
2014 2220 2098 2250 opus

1121 2257 1197 2278 esse
1221 2247 1251 2277 in
1277 2249 1466 2288 quaerenda
1488 2249 1766 2281 reconciliatione.

1208 2289 1298 2319 Haec
1322 2290 1361 2320 de
1386 2290 1548 2322 vocabulo
1562 2292 1651 2323 Fidei
1670 2293 1812 2323 breviter
1825 2294 1989 2332 recensui,
2013 2305 2097 2334 quae

1120 2331 1198 2362 nihil
1223 2331 1344 2363 habent
1367 2332 1591 2374 perplexitatis
1615 2340 1668 2366 aut
1683 2335 1879 2376 sophistices
1895 2342 1927 2367 et
1941 2337 1981 2367 ad
2000 2336 2097 2378 phra-

1120 2375 1171 2405 sin
1196 2374 1391 2406 Hebraicam
1415 2387 1492 2406 vere
1516 2384 1710 2418 congruunt.
1745 2378 1794 2409 Sit
1818 2379 1915 2419 igitur
1937 2379 2019 2410 11380
2044 2381 2097 2410 de-

1121 2417 1241 2447 finitio:
1277 2417 1373 2448 Fides
1399 2424 1447 2449 est
1472 2421 1624 2451 assentiri
1648 2421 1803 2452 universo
1829 2423 1930 2452 verbo
1954 2421 2016 2452 Dei
2041 2433 2096 2452 00-

1096 2563 1099 2582 l
1120 2555 1165 2584 58)
1187 2557 1225 2578 est
1244 2555 1324 2585 enini]
1346 2556 1417 2580 Editt-
1441 2557 1529 2581 1-10,
1554 2558 1590 2579 12.
1610 2558 1676 2582 enim
1695 2560 1733 2583 est
