2358 2933
221 92 284 123 963
846 91 958 122 Pffll..
981 91 1082 122 MEL.
1113 91 1296 124 SCRIPTA
1317 92 1590 124 DOGMATICA.
2150 96 2215 129 964

226 184 436 223 acquiescere
466 183 496 212 in
520 181 603 212 Dco.
650 183 722 216 Quo
751 181 826 221 plus
850 189 897 212 est
925 183 1134 213 dubitationis
1157 193 1197 213 ac
1245 185 1306 214 bus
1335 186 1545 224 temporibus.
1591 186 1729 220 Quoties
1753 187 1824 223 tibi,
1858 187 1986 227 quoties
2007 187 2100 224 mihi,
2135 199 2214 229 quo-

225 223 442 256 dissidentiac,
467 234 504 253 co
529 223 602 264 plns
626 225 783 254 scutimus
808 224 1011 254 cruciatuum
1035 226 1064 254 in
1089 225 1199 254 corde.
1244 227 1305 255 ties
1329 226 1458 256 cuilibet
1484 233 1630 257 nostrum
1654 227 1746 258 Deus
1769 229 1918 268 quamvis
1940 229 2140 268 trepidanter
2163 241 2214 261 ro-

227 267 284 296 Est
323 274 427 297 antcm
463 266 494 295 in
527 265 600 295 aliis
630 267 809 303 111-1161111111,
843 266 873 295 111
907 264 981 296 aliis
1016 265 1200 306 languidior
1244 274 1351 307 gatus,
1385 269 1443 298 scd
1477 275 1612 309 rogatus
1636 276 1742 300 tamen
1767 269 1888 310 depulit
1913 276 1966 300 aut
1987 271 2146 310 mitigavit
2167 273 2213 303 in-

228 308 319 337 tidcs.
367 307 442 337 Erat
478 308 597 336 111-116115
623 315 650 337 et
672 310 763 337 tirma
789 308 869 336 tides
894 309 923 337 in
950 308 1123 338 Cananaea
1147 318 1200 347 pe-
1219 322 1221 353 ]
1243 310 1350 349 gentia
1375 309 1472 340 mala!
1506 311 1579 341 lN'on
1603 312 1687 341 enim
1712 312 1931 342 existimemus
1950 322 2031 343 casu
2053 314 2215 344 accidisse

227 357 314 380 tento
339 360 397 389 pro
424 348 504 378 tilia:
530 349 607 379 ltem
633 351 662 379 in
682 350 892 379 t‘cumrione.
922 348 1200 391 Eratlangnidior
1219 356 1222 392 ι
1243 349 1478 389 liberationem,
1502 359 1535 383 ut
1560 351 1678 393 alioqui
1703 354 1786 383 inter
1808 353 1956 384 homines
1980 354 2133 385 usitatum
2153 361 2214 393 est,

227 393 257 421 in
293 399 384 430 putre
419 390 574 421 afferente
610 391 724 422 tilium.
758 392 895 431 primum
928 392 971 422 ad
1004 390 1221 432 Apostolos,!
1244 394 1390 433 ingratos
1413 401 1489 433 post
1512 401 1681 434 acceptum
1707 394 1910 432 beneficium,
1930 395 2098 436 negligere
2111 398 2214 438 opitu-

227 441 340 472 postea
365 433 405 462 ad
431 432 607 464 stu-istum.
622 433 725 463 Marc.
749 434 779 464 9.
804 434 905 472 inquit
929 434 1014 463 enim
1039 434 1198 471 {tusam-1:
1218 447 1221 491 f
1243 433 1379 472 latores,
1412 446 1431 465 a
1465 437 1583 476 quibus
1617 437 1717 467 adiuti
1740 443 1825 467 sunt.
1870 437 1949 468 Mihi
1974 439 2044 468 scio
2067 438 2128 469 Dei
2151 449 2214 480 ope

224 476 258 505 Si
283 475 357 514 quid
381 482 488 514 potes,
512 474 688 514 opitulare:
707 474 747 505 Et
772 481 887 515 postea
911 474 1087 506 lacrimans
1099 486 1200 516 agno-
1219 492 1221 511 1
1243 475 1416 517 aliquoties
1440 488 1576 519 magnas
1601 477 1804 508 calamitates
1827 480 1991 520 mitigatas
2015 489 2102 510 esse.

225 517 283 546 scit
317 515 570 547 nubet-illitatcm
607 518 680 547 fidei
709 524 739 547 et
763 518 839 557 petit
866 528 902 547 sc
925 517 1110 547 confirmari
1135 521 1199 555 [vs.
1219 523 1221 560 ξ
1329 520 1452 549 Omnes
1474 521 1572 560 igitur
1591 519 1802 550 liberationes
1825 530 1886 551 seu
1908 520 2044 557 alienaS,
2068 531 2149 562 quas
2168 521 2213 553 le-

223 558 435 595 23.1:t‘redo,
448 558 599 590 Domine.
616 560 673 589 sed
688 570 780 599 opem
792 558 875 589 serto
891 558 1199 590 mcaediffidentiae.
1219 567 1220 600 1
1243 561 1360 601 gitnus,
1395 571 1453 591 seu
1477 568 1626 599 nostras,
1662 573 1744 602 quas
1767 564 1951 602 experimur
1973 563 2047 603 ipsi,
2070 564 2213 596 sciamus

309 599 487 631 Discanms
523 609 550 631 ct
582 612 642 632 nos
666 612 849 642 agnoscere
873 603 1104 642 trepidationes
1129 604 1220 634 cor-t
1243 602 1392 642 exempla
1415 604 1667 643 promissionum
1692 605 1871 635 divinarum
1895 615 1983 641 esse,
2017 611 2049 635 et
2072 615 2214 637 commo—

225 643 274 672 dis
299 640 453 683 fugientis
476 642 602 680 Deum,
631 644 756 674 etiamsi
779 650 827 674 est
853 643 1007 685 languida
1034 644 1128 681 fides,
1152 650 1220 681 ta»,
1243 642 1363 674 nesacti
1388 652 1453 675 tum
1477 646 1750 684 promissionibus
1775 653 1840 676 tum
1866 646 2024 687 exemplis
2048 647 2214 679 discamus

223 694 295 714 men
326 694 457 723 semper
481 693 574 724 caput
601 693 786 723 teneamus,
811 697 875 716 non
896 697 972 717 csse
996 687 1103 716 irritas
1127 692 1219 726 pre-¹
1243 687 1398 717 invocare
1423 686 1547 723 Deum,
1581 695 1693 727 petere
1722 695 1754 718 et
1777 695 1950 728 expectare
1972 688 2146 727 auxilium,
2181 696 2214 721 et

221 736 298 761 ces,
333 737 399 756 non
434 736 511 757 esse
545 726 656 758 inutile
680 739 841 765 murmur,
876 729 958 759 sicut
984 728 1136 768 Epicurei
1169 723 1219 765 et}
1242 728 1326 758 fides
1349 738 1408 758 5611
1433 728 1549 759 fiducia
1573 729 1727 769 paulatim
1751 730 1803 760 flat
1824 730 1956 768 firmior,
1969 732 2158 771 acquiescat
2168 733 2212 768 ⁹3)

221 768 411 798 Academici
439 769 630 800 existimant.
677 769 850 811 Erigamus
878 771 1004 801 animos
1028 771 1197 810 cogitatio·
1218 769 1219 811 ζ
1243 780 1300 800 cor
1322 780 1382 809 spe
1405 776 1434 800 et
1459 772 1687 810 expectatione
1710 771 1819 803 311ῑί111
1839 773 1947 802 divini.
1978 773 2213 804 Sicdiscamus

221 820 260 839 ne
285 817 329 839 tot
356 812 621 849 promissionum,
646 819 674 841 et
701 822 808 842 rerum
832 813 1018 843 discrimina
1047 813 1198 843 conside·
1241 822 1304 842 usu
1337 811 1423 843 hunc
1453 822 1601 843 versum:
1648 813 1733 843 lacta
1758 815 1789 843 in
1813 814 1919 844 Deum
1939 824 2035 844 curas
2058 820 2150 851 tuas,
2182 821 2214 846 et.

221 863 342 882 remus.
389 853 538 883 Sciamus
573 855 759 884 nominatim
789 855 961 894 petendam
985 864 1059 884 esse
1083 865 1198 885 recon-
1241 855 1312 893 ipse
1336 861 1367 884 te
1390 855 1587 884 sustentabit
1610 861 1639 885 et
1663 865 1728 885 non
1752 856 1841 885 dabit
1863 862 2054 895 perpetuam
2078 855 2213 887 fluctua-

220 894 416 925 ciliationem
451 901 481 924 et
517 896 715 926 credendum
745 906 816 926 eam
839 897 960 936 accipi,
994 906 1054 926 nec
1076 896 1197 926 adden·
1241 896 1361 926 tionem
1395 897 1491 927 iusto.
1546 896 1612 926 Dat
1644 896 1736 928 Deus
1771 896 1955 936 corporalia
1990 899 2094 934 bona,
2128 898 2214 929 sicut

220 938 295 967 dam
332 948 408 967 esse
433 938 670 975 conditioneitt,
701 939 727 967 si
751 937 870 977 placet.
916 938 1088 979 Expressit
1113 939 1197 968 enim
1217 940 1219 959 '1
1240 937 1326 968 113116
1349 938 1460 973 vitam,
1495 944 1530 969 ut
1552 948 1683 979 semper
1705 940 1736 969 in
1760 940 1856 969 terris
1879 938 1989 980 aliqua
2011 939 2073 970 Dei
2096 939 2213 971 Eccle-

221 979 314 1009 Deus
339 977 540 1009 voluntatem
564 990 669 1016 suam,
694 990 732 1009 ac
758 981 915 1020 praecipit
928 981 1118 1010 nominatim
1131 981 1197 1020 peti
1241 980 1288 1010 sia
1312 986 1453 1017 maneat,
1477 986 1510 1010 ut
1534 981 1599 1011 sint
1623 982 1776 1011 doctores
1799 987 1831 1011 et
1852 980 2019 1022 discipuli,
2042 990 2084 1012 ne
2107 978 2213 1012 delea-

221 1020 531 1052 reconciliationem.
577 1022 647 1051 Nec
671 1023 904 1052 conturbemus
929 1023 990 1062 ipsi
1013 1032 1074 1052 nos
1099 1032 1217 1062 quae-¹
1241 1028 1293 1052 tur
1323 1022 1488 1060 doctrina,
1518 1032 1559 1053 ne
1585 1021 1701 1053 literae
1723 1024 1896 1053 intereant.
1941 1024 1977 1053 Si
1999 1033 2075 1054 mox
2098 1032 2213 1054 omnes

218 1064 381 1095 stionibus
414 1064 454 1093 de
481 1064 796 1104 praedestinatione,
827 1074 909 1104 quas
933 1075 1033 1104 supra
1059 1065 1122 1094 dixi
1147 1074 1197 1094 se·
1241 1063 1393 1104 Apostoli
1427 1063 1591 1095 interfecti
1625 1072 1755 1102 essent,
1790 1065 1862 1105 quis
1892 1064 2145 1096 circumtulisset
2173 1075 2214 1096 ac

218 1107 389 1147 ponendas
425 1116 519 1141 esse3
534 1108 578 1137 ξω)
618 1106 688 1136 Nos
713 1108 797 1137 enim
821 1107 862 1136 de
885 1105 1054 1137 voluntate
1072 1106 1135 1137 Dei
1158 1116 1197 1136 ex
1242 1106 1420 1146 sparsisset
1443 1107 1474 1136 in
1497 1107 1617 1136 mundo
1641 1106 1877 1148 Evangelium?
1912 1107 1980 1137 Dat
2002 1108 2100 1148 igitur
2122 1107 2214 1138 Deus

219 1149 322 1180 verbo
348 1158 508 1188 expresso
533 1148 677 1179 iudicare
701 1149 870 1179 debemus.
1240 1158 1334 1178 suum
1359 1148 1475 1188 cuique
1499 1149 1627 1178 doctori
1651 1148 1859 1186 curriculum,
1883 1155 1915 1179 et
1927 1150 2052 1180 interim
2071 1148 2216 1181 defendit

304 1190 432 1221 Deinde
457 1197 486 1220 et
511 1191 551 1220 de
571 1189 802 1230 corporalibus
826 1191 989 1221 aerumnis
1009 1191 1197 1220 nominatim
1242 1190 1311 1220 eius
1337 1200 1469 1230 corpuS,
1491 1192 1626 1230 praebet
1650 1190 1859 1228 domicilium,
1877 1190 2032 1231 politiam,
2050 1190 2213 1229 scholam,

217 1240 367 1274 petamus
402 1239 455 1263 aut
490 1231 717 1263 liberationem
756 1239 810 1263 aut
844 1234 1089 1273 mitigationem.
1135 1232 1196 1262 Hic
1240 1233 1380 1268 victum,
1403 1238 1437 1262 ut
1461 1238 1572 1262 servat
1595 1234 1702 1263 navim
1726 1232 1818 1264 Pauli
1843 1234 2019 1272 tantisper,
2053 1233 2161 1264 donec
2182 1234 2215 1264 in

217 1277 305 1306 enim
330 1275 515 1306 obedientia
540 1281 655 1304 nostra
680 1276 869 1306 necessaria
894 1281 963 1311 est,
998 1276 1026 1305 si
1046 1284 1116 1304 eam
1140 1273 1197 1304 ssa·
1241 1284 1280 1304 ea
1303 1272 1426 1304 Paulus
1449 1274 1491 1304 ad
1514 1280 1642 1314 portum
1666 1275 1764 1305 venit.
1800 1274 1946 1305 Caussas
1970 1276 2066 1316 igitur
2090 1276 2214 1316 cogite-

219 1320 297 1360 gitet
323 1317 427 1348 Deus.
474 1317 543 1347 Nec
578 1323 685 1347 tamen
720 1318 809 1347 irrita
833 1324 882 1347 est
912 1317 1077 1357 precatio,
1100 1317 1197 1356 impe·
1240 1326 1312 1346 mus
1345 1325 1458 1352 veras,
1493 1323 1627 1355 propter
1657 1327 1740 1357 quas
1763 1317 1881 1346 dantur
1904 1317 1991 1347 bona
2019 1315 2214 1356 corporalia,

220 1369 280 1392 trat
307 1361 391 1390 enim
423 1359 473 1391 vel
498 1358 569 1389 aliis
595 1358 644 1389 tel
668 1360 721 1389 tibi
745 1358 971 1389 liberationem
995 1364 1050 1389 aut
1072 1359 1198 1398 mitiga·
1241 1364 1275 1388 ut
1299 1358 1413 1387 ordine
1437 1363 1468 1387 et
1491 1359 1578 1388 serio
1602 1368 1641 1388 ea
1664 1364 1812 1398 petamus
1833 1364 1984 1398 tanquam
2007 1357 2070 1388 Dei
2093 1358 2214 1389 benefi-

219 1405 352 1434 tionem.
398 1402 563 1432 Laurentii
587 1402 732 1441 pret-atio
756 1402 786 1431 in
811 1400 969 1431 craticula
992 1411 1057 1431 non
1081 1407 1129 1430 est
1157 1401 1198 1429 ir-
1241 1401 1291 1430 cia
1315 1399 1488 1429 Ecclesiae
1512 1401 1713 1429 necessaria.

220 1447 297 1478 rita.
330 1445 457 1475 etiamsi
486 1450 631 1484 praestat
659 1443 895 1478 obedientiam3
940 1442 1023 1472 Nam
1048 1443 1108 1472 etsi
1132 1452 1198 1472 non
1326 1441 1488 1471 Exercent
1524 1442 1617 1471 etiam
1652 1441 1747 1471 fidem
1777 1442 1861 1471 duae
1889 1441 2153 1472 circumstantiae
2182 1441 2215 1472 in

219 1487 389 1524 liberatur,
413 1494 520 1517 tamen
540 1486 685 1525 precatio
710 1486 857 1525 impetrat
880 1485 983 1515 maius
1008 1485 1116 1515 robur.
1149 1484 1198 1513 10-
1241 1484 1401 1523 petendo:
1439 1483 1559 1513 Modus
1595 1489 1626 1512 et
1649 1482 1799 1523 Tempus.
1846 1482 1982 1524 Moyses
2006 1482 2085 1513 nibil
2107 1483 2214 1513 minus

219 1529 358 1566 nathas,
389 1530 450 1559 etsi
481 1529 521 1558 ab
551 1527 701 1557 hostibus
731 1526 941 1563 interficitur,
976 1537 1049 1557 cum
1072 1532 1197 1566 patrem
1242 1526 1375 1566 cogitat,
1400 1535 1497 1565 quam
1520 1534 1557 1555 se
1581 1525 1798 1565 quadraginta
1820 1526 1914 1555 annis
1938 1535 2010 1555 cum
2033 1523 2214 1556 1301311101-

219 1572 383 1602 abiectum
420 1577 449 1601 et
480 1568 640 1600 infelicem
664 1570 825 1609 sequitur,
856 1575 962 1599 tamen
985 1578 1051 1599 non
1075 1568 1198 1598 frustra
1241 1568 1376 1598 titudine
1410 1569 1443 1597 in
1477 1567 1576 1597 tantis
1609 1567 1772 1597 aerumnis
1802 1567 1832 1597 in
1865 1568 1996 1597 deserto
2019 1572 2214 1607 vagaturum

219 1625 280 1655 pro
311 1614 458 1644 exercitu
488 1619 518 1643 et
551 1622 627 1642 sese
657 1617 820 1652 precatur.
864 1611 977 1641 Vincit
1006 1611 1136 1641 1311116111
1160 1620 1198 1640 63
1241 1619 1332 1646 6556,
1363 1610 1422 1639 5611
1456 1616 1566 1648 sperat
1600 1608 1756 1639 fortassis
1786 1610 1880 1640 unius
1903 1609 2025 1639 mensis
2048 1609 2108 1638 iter
2130 1607 2213 1639 fore.

218 1668 310 1696 pars,
336 1667 432 1697 quam
458 1656 527 1695 ipse
551 1655 753 1694 superiorem
777 1663 852 1684 esse
874 1653 979 1693 magis
999 1653 1144 1692 optabat,
1167 1657 1197 1682 et
1242 1652 1297 1682 Sic
1331 1650 1470 1691 plurima
1505 1650 1654 1691 exempla
1689 1651 1807 1682 docent
1833 1651 1939 1681 Deum
1972 1649 2037 1681 alio
2060 1650 2157 1681 modo
2181 1656 2214 1681 et

222 1705 427 1729 sustentatur
450 1698 520 1738 ipse
543 1707 663 1727 arcana
687 1694 928 1727 consolatione.
1241 1693 1306 1724 alio
1330 1699 1475 1733 tempore
1498 1692 1650 1730 liberare,
1673 1703 1770 1733 quam
1789 1699 1823 1723 ut
1846 1703 1908 1723 nos
1932 1694 1963 1723 in
1986 1691 2050 1723 hac
2069 1690 2212 1723 imbecil-

307 1741 380 1771 Non
406 1741 505 1778 igitur
517 1739 739 1769 existimemus
757 1737 818 1768 has
831 1738 1004 1778 petitiones
1020 1734 1196 1776 corporali·
1240 1735 1329 1766 litate
1362 1742 1476 1766 nostra
1509 1734 1563 1765 vel
1586 1736 1768 1776 cogitamus
1791 1734 1843 1765 vel
1867 1740 2027 1775 optamus·
2072 1733 2213 1765 Exercet

223 1795 275 1815 um
301 1774 532 1813 beneficiorum
558 1781 663 1811 irritas
687 1790 777 1817 esse,
808 1781 883 1821 quia
905 1789 970 1809 non
994 1789 1124 1819 semper
1147 1787 1198 1808 re·
1241 1778 1323 1808 enim
1348 1787 1422 1814 nos,
1445 1784 1478 1807 ut
1503 1777 1567 1807 fide
1589 1778 1630 1807 ab
1654 1778 1727 1817 ipso
1750 1778 1963 1816 pendeamus,
1980 1786 2046 1806 non
2059 1786 2213 1817 regamur

223 1826 385 1866 spondent
410 1830 560 1860 eventus,
579 1830 613 1853 ut
636 1833 697 1853 nos
721 1828 882 1863 optamus.
909 1821 972 1856 Qui
996 1827 1103 1851 tamen
1125 1830 1198 1850 sae·
1241 1821 1364 1850 nostris
1397 1820 1614 1859 opinionibus-
1660 1819 1735 1849 ldeo
1758 1820 1789 1849 in
1814 1818 1903 1849 Psal.
1926 1820 1954 1849 4.
1981 1820 2042 1855 [vs.
2064 1819 2110 1856 4.]
2134 1818 2211 1848 11161-

222 1878 263 1909 pe
287 1867 501 1907 respondent,
525 1867 614 1896 ut⁹7)
637 1865 728 1905 Agar
752 1865 903 1903 impetrat
915 1862 980 1893 filio
1000 1869 1127 1903 potum3
1151 1861 1197 1892 la·
1242 1868 1307 1892 tur:
1344 1861 1493 1892 Mirificat
1516 1860 1608 1892 Deus
1631 1867 1781 1891 sanctum
1803 1871 1908 1898 suum,
1930 1861 1963 1891 id
1985 1866 2047 1896 est,
2066 1870 2132 1891 non
2153 1859 2211 1890 hu-

225 1911 287 1941 cob
318 1911 466 1948 impetrat
496 1907 718 1938 defensionem
748 1907 779 1936 in
807 1907 939 1943 itinere,
973 1915 1015 1936 ne
1043 1906 1084 1935 ab
1108 1904 1198 1935 Esau
1241 1905 1344 1934 manis
1378 1903 1524 1934 consiliis
1558 1902 1673 1934 liberat
1694 1902 1797 1940 Deus,
1832 1903 1890 1933 sed
1912 1903 2068 1933 mirandis
2090 1902 2208 1939 11101115,

225 1952 326 1983 fratre
351 1952 568 1991 opprimatur:
592 1949 727 1990 Moyses
751 1950 901 1988 impetrat
914 1948 1084 1978 victoriam
1098 1956 1197 1976 orans
1241 1956 1325 1986 quos
1358 1957 1425 1976 non
1453 1951 1561 1985 potest
1584 1945 1723 1975 humana
1746 1946 1828 1974 ratio
1851 1944 2051 1984 prospicere.
2096 1944 2154 1974 Sic
2176 1950 2208 1974 et

224 2004 284 2035 pro
321 1994 467 2024 exercitu
499 1990 700 2032 proeliante,
733 1991 891 2031 impositis
925 1988 1068 2020 brachiis
1098 1999 1198 2023 saxo3
1240 1988 1324 2029 Eph.
1348 1988 1378 2018 3.
1404 1991 1465 2025 [vs-
1488 1988 1554 2026 ⁶20]
1584 1987 1713 2024 dicitur,
1736 1986 1842 2016 Deum
1863 1985 1974 2016 facere
1995 1995 2113 2025 posse,
2148 1986 2207 2016 sed

225 2037 341 2067 11311113
366 2034 486 2066 sterilis
511 2040 616 2064 mater
639 2031 799 2063 Samuelis
828 2034 975 2072 impetrat
997 2031 1197 2062 foecundita-
1241 2040 1341 2070 supra
1365 2041 1460 2070 quam
1482 2030 1621 2070 petimus
1643 2035 1698 2059 aut
1721 2028 1943 2069 intelligimus.
1988 2027 2029 2057 Et
2052 2028 2093 2058 tle
2116 2037 2208 2058 mora

225 2086 305 2113 tem:r
341 2077 506 2117 iosaphat,
529 2076 699 2106 Ezechias.
724 2075 944 2106 Maccabaeus
979 2082 1009 2105 et
1033 2072 1085 2104 alii
1109 2071 1199 2103 multi
1241 2082 1341 2112 saepe
1372 2073 1505 2109 dicitur,
1535 2077 1570 2101 ut
1591 2071 1673 2101 Luc.
1700 2071 1748 2101 18.
1773 2073 1836 2110 [vs.
1861 2071 1904 2108 7.]
1933 2071 1966 2100 in
1995 2069 2144 2110 exemplo
2168 2070 2208 2100 de

225 2122 377 2161 precibus
407 2121 578 2159 impetrant
613 2118 791 2153 victorias3
820 2117 983 2147 Ninivitae
1015 2117 1198 2156 impetrant,
1241 2115 1347 2145 iudice
1376 2115 1470 2155 segni
1503 2118 1534 2144 et
1568 2114 1673 2143 vidua.
1719 2112 1760 2143 Et
1783 2113 1921 2143 Abacuc
1943 2112 1974 2142 ⁶2.
1998 2115 2059 2149 [vs.
2082 2112 2127 2149 3.]
2173 2111 2208 2142 Si

227 2174 267 2194 ne
299 2163 413 2193 cixitas
438 2160 594 2191 deleatur.
639 2160 673 2190 ln
696 2159 843 2191 historiis
866 2157 1076 2199 Evangelicis
1099 2157 1198 2198 pluri·
1241 2168 1365 2187 moram
1387 2155 1513 2192 fecerit,
1537 2161 1671 2195 expecta
1695 2165 1779 2192 eum,
1803 2155 1878 2195 quia
1900 2155 2035 2185 veniens
2058 2154 2166 2184 veniet
2177 2159 2209 2184 et

227 2216 276 2236 ma
301 2211 374 2235 511111
399 2202 556 2243 exempla.
1241 2209 1308 2229 non
1326 2199 1478 2229 tardabit.

313 2247 365 2277 Ad
388 2246 449 2276 has
476 2245 629 2276 historias
653 2245 867 2285 adiungamus
891 2244 1098 2284 quotidianas
1120 2241 1200 2272 libe·
1326 2241 1400 2272 Non
1429 2241 1526 2281 igitur
1555 2246 1701 2270 nostrum
1725 2245 1774 2270 est
1797 2238 2025 2278 praescribere
2046 2237 2119 2268 Deo
2142 2247 2208 2268 mo-

228 2290 382 2325 rationes,
406 2298 490 2329 quae
509 2288 720 2327 impetrantur
732 2286 904 2318 Ecclesiae
926 2286 1081 2326 precibus
1100 2284 1200 2315 omni·
1243 2283 1318 2314 dum
1352 2289 1383 2313 et
1418 2288 1562 2322 tempus,
1596 2282 1654 2312 5611
1677 2281 1758 2312 11366
1780 2281 1885 2321 ipsius
1909 2279 2047 2310 consilio
2069 2289 2208 2320 prorsus

1244 2325 1501 2355 commendanda
1524 2331 1609 2361 511111.
1632 2330 1665 2354 ut
1687 2323 1773 2355 oculi
1796 2323 1898 2353 nostri
1921 2323 2048 2352 interim
2066 2331 2132 2352 non
2154 2331 2208 2351 res

1244 2377 1284 2397 ac
1317 2374 1472 2403 eventus,
1505 2367 1563 2396 sed
1586 2366 1692 2396 Deum
1714 2367 1914 2401 intueantur,
1938 2370 1969 2394 et
1991 2364 2209 2394 accendamur

228 2425 274 2452 96)
295 2430 370 2453 supra
399 2424 448 2447 dixi
476 2423 638 2452 seponendas
666 2423 750 2452 essm]
775 2422 847 2447 Editt.
879 2422 901 2444 1.
922 2421 944 2445 3.
963 2426 1040 2451 supra
1059 2420 1201 2447 reiecimus‚

297 2458 380 2488 [conf.
400 2462 456 2487 pag.
478 2457 553 2486 7604.

230 2509 275 2536 97]
296 2512 322 2533 ut
341 2508 473 2533 omittunt
491 2507 562 2531 Editt.
587 2506 691 2530 16—18.
711 2507 820 2531 20—22.
840 2506 879 2528 24.
899 2505 1015 2534 28-34‚
1034 2505 1094 2534 opp.
1114 2505 1135 2527 1.
1154 2504 1177 2525 2.
1246 2503 1292 2531 98)
1312 2501 1465 2532 acquiescat]
1487 2501 1559 2526 Editt.
1579 2501 1684 2526 15—18.
1705 2500 1812 2524 20-22.
1831 2499 1973 2530 acquiescet
