2358 2933
112 112 172 146 661

111 210 219 250 spicit.
264 206 368 239 Multa
401 206 485 237 enim
517 207 668 236 accidunt
701 205 821 236 homini
849 205 1085 236 inextricabilia
1105 217 1109 241 i
1129 206 1261 238 Allevat
1297 207 1459 238 Dominus
1494 218 1624 247 onmes,
1648 209 1703 250 qui
1726 216 1893 240 corruunt.

112 251 253 282 humano
284 247 438 285 consilio,
473 258 557 289 quae
578 258 644 278 non
669 254 793 279 tantum
815 257 834 277 a
856 248 952 277 nobis
976 249 1085 279 oriun-

113 300 180 332 tur,
213 299 248 324 ut
275 303 348 322 cum
370 291 479 321 David
502 289 636 331 pellitur
657 291 690 320 in
714 289 844 320 exilium
867 288 995 320 scelere
1018 290 1085 321 filii.

112 337 189 367 leem
211 334 301 366 multi
324 339 400 364 sunt
422 343 554 364 errores
576 332 707 363 humani
730 333 763 363 in
782 331 1029 369 deliberatione,
1052 338 1085 363 ut

112 379 239 418 61111133)
271 377 373 407 iosias
403 382 493 416 putat
523 385 560 405 se
583 381 672 406 recte
695 374 824 414 facere,
852 374 941 414 quod
963 373 1086 404 bellum

108 420 206 451 infert
229 419 405 460 Aegyptio.
964 459 970 466 .
1054 460 1061 466 1

196 462 247 492 De
275 462 327 492 his
362 459 516 501 periculis
546 460 782 490 concionantur
810 457 910 488 multa
941 459 1027 489 dicta
1053 469 1085 489 111

109 504 301 546 ProphetiS,
335 510 369 534 ut
394 504 506 533 lerem.
538 502 586 532 10.
613 505 675 538 [vs.
699 500 763 538 {234
810 500 903 540 Scio,
933 500 1085 539 Domine,

109 548 195 589 quod
230 557 296 577 nou
330 552 380 577 est
413 544 552 575 hominis
586 545 639 573 via
670 544 757 580 eius,
793 549 825 573 et
854 544 914 573 viri
944 544 1085 584 dirigere

109 600 247 632 gressus
270 599 362 620 suos.
408 588 503 618 Viam
526 585 676 627 intelligit
699 586 923 622 vocationem,
958 586 998 615 (16
1021 596 1085 626 qua

106 631 314 663 manifestum
343 637 391 661 est
415 637 480 660 non
503 638 605 669 posse
627 628 772 668 prospici
797 628 904 658 onmia
926 627 1084 668 pericula,

108 681 138 705 et
162 680 300 705 eventus
324 684 363 704 ac
387 681 567 702 successus
591 680 657 701 non
677 680 753 700 esse
764 672 810 711 ³⁴)
834 671 866 700 in
889 677 1005 700 nostra
1028 681 1085 710 po-

107 723 235 747 testate.
298 716 446 746 Vocatur
469 714 617 754 Moyses,
651 719 687 744 ut.
722 713 819 743 ducat
853 711 1010 753 populum
1044 723 1085 743 ex

105 759 277 800 Aegvpto,
313 759 373 788 sed
405 766 611 798 nequaquam
646 756 818 796 praevidet
841 757 983 792 1010535)
1007 765 1085 795 qua-

104 794 256 843 draginta
284 811 388 832 annos
417 801 449 830 in
479 798 563 829 locis
593 799 732 828 desertis
762 803 887 827 tantam
910 797 1085 828 multitudi-

104 854 178 875 nem
201 850 393 885 vagaturam
417 852 503 879 esse,
527 842 581 871 ubi
605 841 741 871 deerant
755 842 801 881 36)
837 850 942 880 aquae
965 846 995 871 et
1019 839 1084 870 fru-

104 893 259 923 mentum,
284 892 313 916 et
337 890 472 926 propter
494 889 631 924 peccata
654 881 765 923 populi
788 888 819 913 et
842 889 978 923 propter
999 883 1084 913 sedi-

104 930 211 959 tiones
240 928 511 970 gubernationem
535 925 606 956 fore
629 926 819 966 inquietam,
844 930 876 954 et
900 926 1024 955 sciebat
1048 935 1085 955 se

103 982 283 1002 successus
314 981 379 1000 non
410 970 532 1000 habere
556 970 587 998 in
610 968 778 1003 manibus,
814 968 873 997 sed
896 978 915 998 a
938 967 1010 997 Deo
1036 978 1084 997 re-

104 1015 230 1055 gendos
255 1024 341 1043 esse.
389 1013 465 1043 Ideo
490 1012 591 1052 inquit
612 1010 766 1040 Ieremias
791 1011 862 1047 110,
881 1010 961 1047 23.],
985 1009 1082 1040 Viam

102 1056 242 1086 hominis
268 1066 332 1086 non
356 1065 432 1085 esse
455 1055 488 1084 in
511 1059 626 1084 nostra
650 1059 835 1094 potestate,
869 1053 901 1082 id
925 1057 992 1087 est,
1027 1063 1083 1082 vo-

103 1099 264 1129 cationem
296 1108 361 1128 non
394 1107 496 1137 posse
519 1096 590 1137 regi
614 1102 739 1125 tantum
762 1094 911 1125 humanis
936 1094 1083 1125 consiliis

103 1151 161 1171 seu
184 1141 326 1172 humana
345 1139 524 1181 diligentia,
546 1148 609 1168 nec
632 1137 759 1168 felicem
778 1147 854 1168 esse
874 1138 1083 1179 gubernatio-

103 1194 188 1216 nem.
212 1185 273 1214 nisi
298 1183 389 1214 Deus
414 1183 555 1212 adiuvet.

177 1218 244 1257 'Sic
267 1233 297 1256 et
321 1226 469 1266 Baptista
493 1223 593 1264 inquit
617 1221 744 1260 [loh.3,
764 1222 849 1260 27.]:
875 1222 950 1252 Non
972 1227 1081 1263 potest

102 1269 163 1299 sibi
196 1268 293 1299 homo
328 1269 500 1308 quicquam
525 1275 669 1302 sumere,
703 1265 765 1295 nisi
790 1266 900 1296 datum
923 1266 966 1295 sit
990 1265 1019 1295 ei
1042 1265 1083 1295 de

101 1310 207 1342 coelo·
252 1310 413 1341 Ezechias
451 1315 501 1341 est
531 1307 610 1339 felix
635 1308 666 1338 in
690 1309 941 1348 gubernatione,
966 1308 1042 1348 quia
1065 1317 1084 1337 a

101 1353 175 1384 Deo
199 1354 382 1384 adiuvatur.
434 1351 548 1383 Ache-s
571 1360 638 1381 non
661 1356 712 1380 est
734 1350 822 1387 fel'rx’,
845 1351 921 1391 quia
943 1361 1009 1381 non
1028 1350 1084 1380 ad-

100 1396 230 1427 iuvatur
266 1407 284 1426 a
308 1395 393 1426 Deo.
434 1395 599 1426 Antonius·
623 1392 692 1424 vult
712 1392 806 1424 solus
831 1394 999 1430 dominari,
1023 1393 1083 1422 sed

101 1449 167 1469 non
192 1445 261 1469 erat
285 1439 313 1469 ei
338 1440 447 1469 datum
472 1438 511 1467 de
536 1435 647 1473 coelo,
676 1437 735 1466 sed
759 1437 898 1466 dabatur
916 1436 1082 1478 Augusto.

101 1481 192 1512 Haec
217 1482 304 1512 dicta
328 1492 393 1511 non
418 1479 537 1510 tollunt
556 1479 740 1509 libertatem
764 1477 958 1513 voluntatis,
995 1478 1083 1519 quod

101 1524 142 1554 ad
173 1523 368 1554 electionem
402 1524 515 1553 attinet
546 1521 672 1558 1111115,
707 1532 791 1562 quae
813 1522 967 1562 praevisa
991 1528 1082 1556 sunt3

100 1567 160 1597 sed
187 1565 368 1607 loquuntur
398 1566 438 1596 de
468 1565 604 1595 obiectis
639 1570 731 1594 extra
754 1574 816 1593 nos
841 1571 871 1593 et
896 1565 936 1594 de
960 1565 1081 1594 eventi-

101 1611 177 1646 bus,
224 1610 264 1639 ad
306 1618 390 1650 quos
433 1614 633 1638 concurrunt
674 1605 757 1637 aliae
791 1605 903 1647 plures
939 1617 1080 1637 caussae

98 1657 230 1692 praeter
263 1657 408 1682 nostram
441 1649 658 1686 voluntatem,
693 1656 726 1679 ut
760 1648 832 1680 sola
857 1649 1001 1690 Pompeii
1024 1661 1081 1680 vo-

99 1693 210 1725 luntas
231 1704 297 1725 non
321 1699 430 1734 potest
455 1703 531 1724 esse
556 1702 675 1724 caussa
698 1694 867 1723 victoriae.

187 1737 379 1777 Quanquam
402 1737 502 1777 igitur
526 1742 575 1766 est
599 1734 709 1776 aliqua
732 1734 869 1766 libertas
894 1737 925 1765 in
949 1734 1080 1766 electio-

99 1790 156 1817 ne,
185 1786 292 1810 tamen
322 1780 449 1809 interim
478 1785 508 1809 et
538 1778 620 1809 haec
643 1779 870 1818 impedimenta
893 1780 1080 1809 considere-

98 1832 190 1860 muS,
224 1829 258 1853 ut
288 1823 454 1853 discamus
479 1822 642 1862 deponere
666 1822 771 1851 nostri
794 1822 947 1852 fiduciam
971 1827 1001 1851 et
1025 1832 1079 1862 pe-

98 1872 168 1896 tere
201 1864 355 1896 auxilium
386 1874 406 1894 a
428 1864 513 1895 Deo.
558 1863 665 1894 Valde
698 1862 801 1894 multa
835 1865 988 1895 accidunt
1022 1864 1079 1894 ho-

98 1908 173 1938 mini
204 1906 441 1938 inextricabilia
475 1906 624 1937 humanis
661 1906 819 1937 consiliis.
864 1907 917 1938 De
951 1907 1002 1937 his
1033 1908 1079 1938 di-

99 1960 230 1982 scamus
253 1951 478 1991 precationem
502 1950 669 1991 losaphat,
692 1950 722 1980 2.
736 1948 910 1980 Parakan.
936 1953 998 1987 [vs.
1014 1950 1078 1989 12]

98 1992 180 2024 Cum
209 1994 417 2034 ignoramus,
452 1993 528 2034 quid
558 1992 743 2023 faciendum
771 1993 828 2029 sit,
864 1992 952 2023 oculi
974 1994 1079 2024 nostri

98 2036 139 2066 ad
162 2042 205 2074 te,
228 2036 382 2073 Domine,
407 2036 596 2075 respiciunt.
642 2035 683 2065 Et
703 2035 854 2066 Christus
879 2037 952 2066 ideo
975 2037 1078 2077 inquit

99 2077 183 2117 [1011.
209 2079 260 2115 14,
286 2078 366 2116 lS.]:
390 2078 463 2108 Non
488 2077 668 2119 relinquam
691 2088 752 2109 vos
777 2079 953 2119 orphanos.
998 2079 1078 2109 ltem

99 2124 160 2158 [vs.
189 2121 253 2159 16.]
278 2121 374 2151 Dabo
398 2121 494 2151 vobis
518 2121 674 2161 Spiritum
696 2121 899 2162 paracletum
924 2127 986 2152 616.
1010 2123 1077 2152 Ad-

97 2170 149 2194 est
171 2164 264 2194 Deus
299 2169 330 2193 et
365 2162 602 2194 inextricabilia
626 2165 755 2204 expedit
780 2171 811 2195 et
834 2171 929 2195 sanat
953 2171 1077 2200 errata;

97 2207 182 2237 sicut
204 2207 309 2247 inquit
325 2204 479 2236 Psalmus
504 2207 684 2245 [144,lS.]:
708 2206 817 2247 Prope
841 2214 891 2239 est
915 2208 1076 2239 Dominus

97 2249 327 2280 invocantibus
352 2258 424 2279 eum
448 2250 478 2279 in
502 2250 650 2280 veritate.
695 2249 773 2281 Item
806 2252 895 2289 [ibid.
921 2261 970 2282 vs.
997 2252 1076 2289 141:

97 2366 142 2398 33)
161 2373 218 2426 zum
238 2368 317 2425 qbegt
334 2368 370 2393 ab
388 2368 460 2393 Editt.
483 2369 520 2392 18.
542 2369 582 2392 20.
603 2369 643 2392 22.
664 2370 702 2392 24.
724 2371 754 2393 28
769 2384 800 2387 —
814 2371 864 2397 34..
880 2372 951 2402 corp.
973 2374 983 2395 1
999 2386 1031 2389 —-
1047 2373 1078 2403 8,,

184 2408 225 2432 pp.
261 2420 266 2425 .
305 2420 311 2425 .

96 2451 142 2483 34)
161 2453 231 2483 esse]
250 2453 324 2478 Editt.
343 2453 384 2477 22.
404 2454 454 2484 24„
473 2455 532 2485 opp.
555 2456 576 2477 1.
597 2457 621 2478 2.
642 2457 683 2480 est

96 2502 142 2533 35)
163 2503 238 2535 totos]
260 2504 333 2529 Editt.
352 2505 392 2528 22.
413 2505 453 2528 24.
474 2507 526 2530 toto

97 2553 142 2584 36)
162 2554 280 2586 deerant]
300 2555 371 2580 Editt.
395 2557 432 2580 18.
453 2556 494 2580 20.
515 2557 633 2584 25-27.,
653 2558 723 2588 Coi-p.
748 2560 765 2581 l.
787 2560 808 2583 2.
829 2560 852 2583 4.
874 2560 983 2585 deerunt

579 113 602 143 l.
625 111 726 143 LOCl
749 110 1022 144 THEOLOGch:
1057 113 1099 144 D.
1123 113 1282 145 TERTIA
1305 113 1461 145 EORUM
1486 114 1640 146 AETAS.

2047 118 2108 148 662

1939 212 2017 243 ltem
2042 213 2107 249 iPs.

1129 248 1189 286 36,
1216 250 1278 287 5.]:
1312 249 1513 281 Commenda
1535 250 1678 282 Domino
1712 253 1796 282 viam
1830 258 1937 291 tuam,
1973 260 2002 284 et
2039 255 2109 295 ipse

1129 290 1237 322 saciet.

1214 333 1256 363 Et
1278 332 1400 364 Paulus
1423 334 1525 375 inquit
1550 334 1701 376 [Philipp.
1724 336 1755 374 2,
1782 337 1862 375 134:
1908 338 2020 377 Deus,
2055 341 2108 380 qui

1130 374 1248 413 efficit,
1282 382 1318 406 ut
1340 374 1466 414 velitis,
1503 375 1623 408 efficiet
1646 379 1758 416 etiam,
1792 386 1826 410 ut
1849 380 2044 420 perficiatis,
2076 389 2106 412 ut

1129 418 1190 458 ipsi
1236 424 1331 458 grata
1362 417 1452 448 fiant.
1524 419 1614 450 Haec
1648 420 1823 452 admonitio
1858 429 1888 453 et
1925 423 2108 455 consolatio

1129 469 1260 499 semper
1283 460 1398 491 animis
1421 460 1619 492 inculcanda
1643 468 1714 492 est:
1740 463 1785 493 Es
1804 466 2027 507 magistratuS,
2050 478 2108 508 gu-

1129 503 1250 531 bernas
1283 501 1471 533 Ecclesiam
1504 510 1559 534 aut
1594 505 1809 544 iuventutem,
1853 514 1907 538 aut
1942 507 2106 541 familiam.

1128 545 1336 584 praevidebis
1374 545 1535 585 quaedam
1569 552 1599 576 et
1634 546 1717 578 haec
1752 555 1843 579 recte
1866 548 2106 582 administrabis

1128 586 1284 616 mediocri
1308 587 1487 629 diligentia,
1511 589 1571 618 sed
1595 590 1692 626 scito,
1715 591 1746 620 in
1771 601 1810 621 eo
1835 593 1908 632 ipso
1926 603 2107 625 successus

1131 629 1236 658 bonos
1256 636 1429 660 secuturos
1454 640 1541 667 esse,
1565 632 1593 661 si
1617 638 1649 661 te
1672 632 1768 663 Deus
1792 635 1937 673 adiuvet,
1971 642 2006 667 ut
2030 637 2107 668 dici-

1129 676 1180 701 tur
1205 671 1275 709 [Ps.
1292 672 1437 710 126,1.]:
1461 673 1531 703 Nisi
1555 673 1718 706 Dominus
1743 677 1964 708 aedificaverit
1976 679 2106 710 domum

1129 719 1191 743 etc.
1236 713 1374 746 Praeter
1408 714 1490 746 haec
1524 717 1620 747 etiam
1654 716 1755 748 multa
1787 719 1935 759 pericula
1957 722 2107 752 accident

1128 756 1317 796 improvisa,
1340 768 1424 798 quae
1446 768 1513 788 non
1534 760 1657 799 poteris
1681 760 1861 796 discutere,
1885 762 1968 794 haec
1991 774 2009 794 a
2034 763 2106 794 Deo

1129 798 1247 829 discuti
1269 805 1380 839 petas3
1405 800 1551 831 Incident
1574 807 1605 832 et
1628 808 1738 834 errata
1761 806 1933 844 quaedam,
1953 806 2035 837 haee
2055 816 2106 837 sa-

1128 842 1199 871 nari
1228 848 1343 881 petas,
1377 849 1412 874 ut
1440 844 1587 874 mirando
1617 846 1715 876 modo
1739 849 1880 878 correxit
1904 847 1996 880 Deus
2019 859 2106 880 erra—

1128 889 1194 913 tum
1228 884 1338 915 lonae.
1384 885 1474 917 Haec
1508 888 1737 928 impedimenta
1770 888 1929 921 libertatis
1964 893 2107 932 quotidie

1128 927 1324 966 experimur.

1213 970 1280 999 Sed
1315 971 1388 1001 ideo
1424 972 1464 1001 de
1498 971 1560 1002 hac
1593 975 1788 1013 quaestione
1817 975 2006 1009 confusiora
2030 986 2104 1009 sunt

1128 1011 1256 1047 iudicia,
1280 1014 1355 1053 quia
1378 1013 1526 1044 homines
1551 1025 1669 1056 magna
1694 1028 1733 1047 ex
1755 1025 1848 1057 parte
1860 1024 2013 1060 tanquam
2027 1022 2105 1052 ebrii

1127 1053 1199 1083 sine
1223 1054 1412 1096 disciplina,
1448 1058 1518 1087 sinc
1541 1056 1726 1098 diligentia,
1749 1061 1820 1090 sine
1840 1061 1916 1092 ullis
1940 1064 2104 1095 exercitiis

1127 1095 1203 1126 fidei
1237 1103 1267 1126 et
1302 1099 1519 1129 invocationis
1553 1101 1677 1131 vivunt.
1723 1101 1819 1133 Tales
1843 1106 2006 1144 quomodo
2029 1117 2104 1146 pos-

1128 1144 1206 1168 sunt
1247 1139 1435 1171 discernere
1475 1143 1599 1184 gradus
1632 1145 1797 1175 actionum
1831 1152 1885 1176 aut
1920 1148 2105 1179 discrimina

1127 1180 1335 1212 obiectorum
1345 1183 1360 1213 ‘3

1213 1223 1307 1255 Pauli
1337 1231 1403 1263 est,
1434 1237 1475 1257 ne
1509 1236 1661 1259 accersat
1685 1230 1797 1260 sciens
1821 1233 2025 1273 corruptelas
2049 1237 2103 1265 do-

1128 1266 1254 1296 ctrinae
1275 1277 1336 1308 per
1357 1270 1623 1309 ambitionem37)
1646 1271 1700 1302 vel
1723 1274 1901 1305 avaritiam.
1935 1275 2025 1308 Haec
2048 1277 2104 1307 ali-

1127 1318 1192 1348 quo
1227 1311 1325 1340 modo
1361 1318 1436 1342 sunt
1464 1313 1495 1342 in
1519 1319 1686 1353 potestate
1709 1315 1790 1346 61115.
1837 1317 1904 1348 Sed
1926 1324 1961 1348 ut
1984 1320 2023 1349 sit
2048 1331 2103 1350 vo-

1128 1352 1213 1381 catio
1248 1351 1327 1383 felix
1361 1359 1393 1383 et
1428 1353 1557 1395 efficax,
1581 1355 1686 1387 solius
1710 1357 1772 1388 Dei
1795 1360 1916 1390 donum
1938 1368 1999 1391 est.
2046 1362 2103 1392 Est

1127 1399 1158 1423 et
1181 1393 1245 1423 hoc
1259 1395 1322 1426 Dei
1346 1396 1477 1435 donum,
1500 1408 1541 1428 ne
1563 1399 1699 1440 ignarus
1723 1400 1776 1431 vel
1790 1412 1903 1433 errore
1921 1403 2104 1444 implicetur

1127 1437 1323 1477 corruptelis
1358 1439 1526 1471 doctrinae
1559 1448 1614 1472 aut
1649 1441 1720 1473 aliis
1750 1445 1852 1482 vitiis,
1887 1446 1960 1476 ideo
1984 1457 2103 1487 magna

1127 1488 1205 1509 cura
1229 1487 1311 1518 orat,
1334 1492 1371 1512 se
1394 1492 1413 1512 a
1436 1482 1511 1513 Deo
1534 1485 1603 1524 regi
1628 1490 1658 1514 et
1682 1486 1795 1517 iuvari.
2050 1486 2053 1487 ⁷

1212 1522 1308 1554 Nunc
1343 1525 1447 1555 dicam
1481 1526 1522 1556 de
1556 1528 1642 1557 dicto
1675 1527 1903 1561 Ecclesiastiei
1938 1532 2101 1571 115,14.]:

1126 1564 1218 1595 Deus
1250 1565 1380 1607 reliquit
1408 1566 1570 1599 hominem
1594 1570 1625 1599 in
1649 1581 1745 1602 manu
1769 1572 1897 1603 consilii
1921 1575 1980 1604 sui.
2027 1575 2102 1605 Am-

1123 1606 1270 1647 plissima
1293 1609 1366 1641 lans
1391 1616 1455 1649 est,
1479 1612 1508 1641 si
1531 1614 1657 1653 61111135)
1681 1612 1789 1655 aliqua
1812 1616 2034 1647 moderatione
2057 1618 2101 1647 in-

1124 1650 1301 1693 telligatur.
1348 1652 1444 1683 Certe
1479 1665 1564 1685 nunc
1597 1656 1629 1685 in
1663 1655 1727 1687 hac
1754 1663 1890 1689 naturae
1917 1658 2102 1690 infirmitate

1124 1693 1223 1724 multa
1247 1701 1322 1725 sunt
1345 1696 1573 1736 impedimenta
1595 1697 1765 1729 libertatis.

1211 1737 1355 1768 Primum
1389 1745 1526 1770 naturae
1550 1741 1732 1781 corruptio,
1766 1749 1900 1784 propter
1923 1754 2020 1785 quam
2045 1756 2100 1776 no-

1123 1782 1191 1811 titia
1217 1781 1257 1811 de
1280 1780 1371 1818 Deo,
1400 1783 1432 1812 in
1462 1783 1625 1814 mentibus
1655 1786 1777 1815 nostris
1801 1787 1946 1817 obscura
1968 1794 2036 1819 est.
2071 1795 2101 1819 et

1123 1822 1276 1854 voluntas
1301 1830 1332 1853 et
1357 1834 1414 1855 cor
1437 1835 1456 1855 a
1480 1824 1553 1855 Deo
1577 1827 1742 1865 aberrant,
1764 1838 1825 1858 nec
1848 1828 1971 1860 habent
1991 1840 2101 1861 acrem

1124 1876 1257 1897 sensum
1279 1867 1405 1898 timoris
1418 1867 1492 1905 Dei,
1516 1878 1578 1899 nec
1601 1869 1716 1900 ardent
1739 1870 1859 1902 fiducia
1878 1877 1910 1902 et
1928 1871 2100 1904 dilectione

1124 1909 1197 1946 Dei,
1222 1915 1252 1939 et
1276 1911 1445 1950 rapiuntur
1467 1909 1575 1941 multis
1600 1913 1726 1943 vitiosis
1749 1914 1903 1944 motibus

1208 1952 1395 1983 Secundum
1436 1954 1697 1994 impedimentum
1737 1962 1789 1986 est
1822 1956 2003 1995 Diabolus,
2047 1961 2099 2000 qui

1121 1994 1268 2025 horribili
1293 1996 1366 2026 odio
1392 1995 1514 2027 Christi
1538 1998 1649 2028 obiicit
1674 2000 1879 2039 occasiones,
1905 2001 2021 2041 quibus
2045 2003 2099 2031 im—

1121 2036 1219 2078 plicat
1243 2037 1393 2069 homines
1418 2041 1516 2070 variis
1539 2039 1668 2081 laqueis
1692 2047 1723 2071 et
1746 2043 1903 2082 peccatis,
1927 2049 1960 2073 et
1983 2045 2099 2075 admis-

1120 2091 1175 2109 sas
1200 2080 1348 2111 flammas
1373 2083 1584 2123 cupiditatum
1608 2089 1721 2125 auget,
1751 2090 1787 2115 ut
1808 2085 1841 2115 in
1860 2083 1959 2123 Cain,
1989 2086 2098 2117 Saule.

1121 2123 1197 2153 luda
1222 2129 1254 2153 et
1278 2122 1360 2154 aliis.

1206 2166 1349 2197 Tertium
1381 2168 1646 2208 impedimentum
1669 2176 1720 2199 est
1750 2171 1781 2199 in
1811 2169 1874 2201 hac
1903 2172 1990 2202 vitae
2021 2182 2098 2202 con-

1120 2207 1249 2239 fusione
1279 2209 1382 2240 moles
1414 2211 1485 2251 ipsa
1508 2213 1715 2253 negotiorum
1749 2218 1781 2243 et.
1801 2212 2039 2253 periculorum,
2067 2216 2097 2244 in

1121 2253 1239 2293 quibus
1273 2253 1418 2293 quotidie
1452 2252 1552 2284 multa
1586 2255 1764 2295 improvisa
1799 2262 1830 2286 et
1862 2256 2099 2288 inextricabilia

1098 2301 1251 2335 ,praeter
1285 2297 1469 2336 opinionem
1503 2296 1669 2327 hominum
1703 2297 1898 2336 offeruntur,
1932 2305 1968 2330 ut
1989 2299 2098 2330 David

1121 2348 1186 2368 non
1221 2339 1380 2378 praevidit
1415 2340 1606 2370 seditionem
1641 2339 1707 2370 filii.

1754 2340 1794 2371 Et
1827 2340 1930 2383 vulgo
1965 2342 2096 2373 dicitur:

1120 2380 1249 2419 Nescis,
1273 2382 1350 2422 quid
1373 2393 1494 2423 vesper
1515 2393 1610 2413 serus
1633 2383 1742 2414 vehat.

1097 2484 1100 2515 i
1121 2476 1166 2505 37)
1187 2477 1315 2501 doctrinae
1343 2482 1389 2506 per
1418 2478 1594 2508 ambitionem]
1614 2478 1687 2503 Editt.
1712 2479 1735 2502 2.
1756 2478 1778 2501 6.
1800 2479 1822 2500 7.
1843 2478 1866 2502 9.
1887 2479 2029 2505 doctrinae.
2058 2480 2096 2503 vel

1189 2511 1352 2535 ambitionem

1095 2543 1100 2585 l
1121 2562 1166 2590 38)
1186 2562 1254 2593 cum]
1275 2562 1347 2587 Editt.
1368 2563 1390 2585 2.
1410 2562 1434 2585 6.
1454 2563 1476 2585 7.
1497 2563 1521 2586 9.
1541 2563 1594 2588 sine

1893 2597 1938 2620 ⁴2³
