2358 2933
176 138 215 169 19

798 126 907 158 PHlL.
931 123 1033 156 MEL.
1056 119 1241 154 SCRIPTA
1262 116 1535 151 DOGMATICA.

2125 113 2169 146 20

330 228 414 257 Adae
443 226 647 265 posteritatem
674 223 730 251 nisi
757 221 863 259 lapsus
890 219 1001 248 suisset
1025 216 1134 245 Adam.
1186 213 1247 242 lam
1270 216 1469 252 posteaquam
1488 211 1515 239 is
1541 209 1648 247 lapsus
1668 212 1717 238 est
1731 212 1756 243 3)
1776 210 2016 237 auersatuSlest
2063 208 2122 238 6,a.

327 272 404 300 deus
428 269 575 298 hominem
596 271 627 295 ut
646 275 703 294 uon
723 265 762 292 sit
781 272 928 301 praeseus
943 262 970 294 ι))
989 260 1168 298 guberuator
1187 257 1234 286 dei
1248 256 1372 294 spiritus
1393 253 1589 283 nascentibus
1606 255 1641 285 c).
1688 248 1770 287 (Jlla
1789 251 1919 279 carentia
1931 250 2014 288 spiri-

327 318 377 342 tus
396 312 465 340 lacit
484 320 540 339 nos
560 318 669 348 pronos
689 307 727 335 ad
746 305 955 344 peccandum.)
968 303 995 340 d)
1039 302 1092 330 Sic
1110 301 1207 329 anima
1225 298 1292 327 luce
1312 301 1342 327 et
1360 298 1420 326 vita
1439 294 1565 324 caelesti
1584 302 1690 322 carens
1707 296 1883 322 excaecatur
1895 296 1925 321 et
1941 302 2015 321 sese

328 356 454 384 maximo
474 363 573 381 amore
593 349 798 387 complectitur
810 350 832 384 ¹)
848 349 882 384 e).
928 345 1006 374 Fieri
1031 345 1109 373 enim
1134 342 1238 380 nequit
1263 341 1333 379 quin
1359 350 1395 368 se
1410 340 1436 375 s)
1454 338 1582 366 maxime
1600 339 1680 365 amet
1698 339 1832 365 creatura
1849 344 1938 373 quarn
1957 344 2015 363 non

328 397 479 434 absorpsit
500 405 581 423 artior
599 393 658 421 dei.
674 397 700 428 ὃ.)

744 466 893 496 Primus
913 464 1085 493 asl'ectus
1105 461 1271 491 hominis
1291 461 1420 499 gratia
1439 458 1558 487 vacui.
1576 457 1602 495 ¹¹)

413 530 492 567 Ergo
512 530 624 568 primus
644 527 771 556 affectus
787 530 812 563 ¹)
832 529 861 554 et
880 534 1018 553 summus
1037 527 1159 551 naturae
1178 521 1309 549 hominis
1329 522 1378 547 est
1398 519 1490 546 Amor
1507 517 1555 545 sui
1577 517 1605 545 A
1624 526 1683 555 quo
1713 517 1823 555 rapitur
1847 518 1880 544 ut
1898 513 1973 542 velit
1991 517 2021 542 et

329 573 468 612 speretk)
494 582 528 600 ea
555 576 666 600 tantum
687 570 775 604 Quae
800 578 876 597 suae
900 571 1022 596 naturae
1047 566 1125 593 bona
1151 562 1281 592 Iucunda
1309 561 1408 590 dulcia
1434 560 1568 589 Honesta
1589 559 1609 596 ¹)
1635 558 1771 587 videntur
1799 558 1880 586 Odio
1912 556 2021 585 habeat

329 622 357 644 et
378 615 513 644 formidet
528 616 555 651 ¹2)
575 623 609 642 ea
634 623 711 651 quae
732 615 851 640 naturae
870 610 1068 638 aduersautur
1090 611 1122 636 ut
1145 610 1267 634 mortem
1287 604 1326 634 Et
1339 604 1534 639 auerseturffl)
1554 611 1621 630 eum
1641 602 1691 639 qui
1716 605 1796 630 arcet
1822 601 1859 628 ab
1883 600 1923 638 ijs
1943 608 2021 636 quae

329 660 409 697 cupit
429 659 489 686 Aut
508 666 585 694 quae
604 656 745 694 praecipit
771 664 806 682 ea
831 653 930 692 expeti
944 654 972 689 ¹¹)
1002 660 1080 689 quae
1106 648 1276 687 displicent.
1289 650 1317 683 u)
1342 646 1419 675 Hinc
1442 646 1541 674 odium
1567 645 1615 673 dei
1635 643 1745 673 Odium
1769 643 1848 681 legis
1875 642 1965 670 oritur
1983 640 2021 669 de

329 702 439 739 quibus
459 699 580 736 intrav).

415 759 639 788 Secundum.
660 757 763 786 Esse
778 758 804 793 q)
824 758 1020 794 peccatum
1040 750 1228 790 originale
1248 748 1349 778 ludaei
1369 752 1478 787 negant
1502 747 1657 785 Negarunt
1675 750 1705 776 et
1723 745 1890 784 Pelagiani.
1909 747 1931 782 r)
1962 743 2021 773 Ho-

330 813 390 832 rum
410 803 590 830 seutentiam
614 799 723 828 refellit
739 801 762 835 ³)
781 798 972 836 Augustinus
1000 795 1038 824 de
1063 798 1252 833 peccatorum
1280 792 1393 820 meritis
1413 794 1442 819 et
1461 791 1611 828 baptismo
1630 788 1821 828 paruulorum
1847 788 1961 816 erudite
1991 790 2023 815 ut

330 846 426 873 omnia
446 850 502 873 etc.
524 848 544 881 ¹)

429 910 454 941 ¹¹¹)
475 904 565 932 Loci
598 902 808 930 Testautes
835 902 1036 938 peccatum
1063 896 1171 933 origi.
1217 893 1264 923 Ex
1289 903 1367 921 nouo
1394 890 1748 927 105111111011101113)1“01·0
1767 894 1848 919 sunt.
1893 889 1943 918 Ad
1961 888 2021 917 Ro.

330 951 390 976 [ito.
412 951 470 983 lvs.
496 948 574 982 12¹3]
603 945 686 973 Sicut
707 954 759 982 per
778 952 865 970 vnum
886 941 1036 970 hominem
1055 941 1210 977 peccatum
1231 937 1258 965 iu
1279 935 1420 964 muudum
1440 934 1553 972 iutroijt
1572 937 1601 962 et
1619 943 1672 971 per
1694 936 1850 971 peccatum
1871 931 1955 959 Mors
1980 929 2024 959 lta

329 991 355 1018 in
377 999 481 1017 «nunes
503 988 640 1016 homiues
660 996 739 1014 mors
759 985 874 1014 transiit
885 986 913 1021 ⁴)
932 983 1002 1021 quia
1021 991 1126 1011 omues
1145 982 1355 1018 peccauerunt.
1374 977 1415 1006 Et
1426 986 1531 1006 rursus
1552 976 1662 1005 ibidem
1683 977 1741 1011 [vs.
1765 977 1812 1003 15.
1824 977 1845 1011 z]
1864 973 1965 1002 Vnius
1975 973 2023 1001 de-

328 1033 399 1060 licto
420 1031 502 1059 multi
524 1031 628 1059 mortui
647 1033 727 1058 sunt.
772 1028 821 1056 Ad
841 1026 1006 1063 Coloss.⁶)
1028 1028 1055 1054 1.
1077 1027 1136 1061 [vs.
1160 1025 1208 1051 10.
1219 1025 1240 1059 z]
1256 1023 1261 1038 ⁵
1279 1020 1339 1049 Per
1357 1030 1424 1049 011111
1443 1019 1556 1058 placuit
1575 1017 1759 1046 reconciliari
1779 1016 1887 1044 omnia.
1934 1014 2025 1050 Quod

329 1076 356 1104 si
376 1073 556 1102 reconciliati
577 1082 684 1101 sumus
704 1081 774 1109 ergo
794 1074 882 1099 autea
900 1069 1030 1098 damnati
1048 1067 1170 1096 suimus.
1191 1064 1240 1093 Ad
1260 1063 1359 1093 Galat.
1377 1065 1403 1100 ⁶)
1424 1066 1452 1091 3.
1474 1065 1534 1099 [vs.
1559 1063 1641 1097 13.:]
1666 1058 1808 1088 Christus
1821 1060 1846 1095 ⁷)
1866 1067 1923 1086 nos
1943 1057 2024 1085 rede-

328 1118 381 1146 mit
398 1117 437 1145 de
455 1116 615 1144 maledicto
635 1115 724 1152 legis.
745 1123 815 1151 ergo
834 1112 986 1141 maledicti
1005 1111 1128 1139 fuimus.
1153 1107 1310 1146 Ephes.s)
1339 1108 1366 1135 2.
1389 1109 1447 1143 [vs.
1469 1107 1531 1142 3.:]
1555 1103 1595 1133 Et
1618 1111 1736 1131 eramus
1766 1105 1870 1130 natura
1889 1100 1942 1139 filij
1965 1101 2024 1128 irae

328 1162 404 1189 sicut
426 1160 527 1188 ceteri.

426 1221 452 1256 v)
472 1218 560 1247 Loci
580 1226 623 1245 ex
641 1220 737 1245 vete.
757 1215 892 1244 Testa.
913 1212 1038 1242 Psalmo
1059 1214 1108 1241 50.
1131 1214 1189 1249 [vs.
1212 1212 1239 1239 6.
1261 1209 1300 1238 al.
1322 1212 1372 1243 51,
1395 1211 1454 1246 ἴα]
1472 1208 1555 1237 Ecce
1575 1209 1602 1237 in
1623 1209 1831 1247 iniquitatibus
1856 1209 2020 1249 conceptus

329 1273 396 1292 sum
416 1266 444 1290 et
465 1263 492 1290 in
512 1260 647 1299 peccatis
668 1259 805 1297 concepit
824 1267 871 1285 me
890 1260 984 1285 mater
1002 1265 1078 1283 mea.
1125 1254 1194 1289 Quo
1214 1264 1304 1282 versu
1323 1252 1412 1292 plane
1430 1251 1531 1280 Dauid
1546 1252 1572 1287 ⁹)
1599 1252 1749 1289 significat
1779 1257 1814 1280 s'e
1833 1257 2021 1290 peccatorem

219 1321 294 1334 ωσι...
331 1310 430 1334 natum
443 1314 527 1332 esse.
552 1303 628 1331 (len.
649 1304 688 1338 ¹⁰)
704 1303 767 1338 1-2.[
778 1310 824 1329 vs.
839 1302 898 1336 3.:]
919 1297 949 1327 ln
964 1299 1080 1327 semine
1092 1297 1364 1326 tuobenedicentur
1382 1305 1488 1324 onmes
1501 1295 1695 1332 cognationes
1708 1298 1803 1323 terrae
1827 1304 1897 1333 ergo
1917 1304 2021 1324 omnes

209 1347 236 1358 *U
258 1346 469 1377 ¹¹''²¹¹'³homines
489 1346 640 1374 maledicti
660 1344 780 1372 suimus.
827 1342 984 1380 Siquidem
1004 1341 1078 1369 llaec
1102 1340 1264 1378 promissio
1295 1339 1348 1367 suit
1379 1337 1599 1366 benedictionis
1630 1346 1760 1365 necesse
1786 1341 1849 1366 erat
1879 1337 1908 1366 id
1933 1337 2021 1366 bene-

327 1392 385 1420 dici
411 1389 492 1429 quod
517 1389 571 1417 suit
600 1392 689 1415 autea
715 1385 918 1414 maledictum.
969 1383 1051 1412 Vide
1080 1383 1204 1411 tercium
1236 1391 1300 1420 cap.
1331 1385 1450 1410 actuum
1470 1379 1685 1418 apostolorum.

414 1450 518 1484 Quae
539 1449 597 1476 vis
618 1446 772 1485 peccati
793 1442 1068 1482 originalisnv)
1091 1442 1193 1470 Viuax
1212 1441 1359 1479 quaedam
1379 1441 1499 1478 energia
1530 1444 1579 1469 est
1605 1440 1643 1468 ad
1662 1439 1847 1478 peccandum
1867 1439 2021 1478 originalis

327 1502 402 1523 noxa
418 1498 444 1529 λ)
464 1493 548 1520 Sicut
569 1491 597 1518 in
617 1491 684 1527 igne
704 1491 753 1516 est
771 1488 860 1515 viuax
879 1487 925 1514 vis
945 1485 984 1513 ad
1003 1484 1253 1513 inflammandum.
1290 1483 1337 1512 Ea
1355 1483 1475 1521 energia
1488 1492 1608 1521 semper
1627 1486 1747 1520 vegetat
1766 1491 1870 1511 01111105
1891 1482 2021 1511 hominis

326 1538 406 1565 vires
427 1535 463 1563 ad
483 1533 667 1573 peccandum
687 1530 729 1559 Ita
749 1534 781 1559 ut
799 1530 888 1558 homo
909 1538 1029 1566 semper
1048 1531 1169 1556 aestuet
1188 1526 1275 1554 malis
1296 1526 1466 1555 affectibus.
1512 1526 1614 1563 Atque
1635 1525 1666 1552 id
1685 1528 1733 1552 est
1752 1524 1833 1561 quod
1846 1524 1961 1552 Paulus
1982 1526 2023 1554 ait

327 1579 458 1617 septimo
478 1584 663 1605 romanorum
683 1583 748 1611 cap.
771 1576 829 1609 [vs.
851 1574 910 1609 ἷκε]
941 1570 1080 1599 Affectus
1099 1573 1288 1607 peccatorum
1310 1569 1450 1606 vigebant
1469 1577 1525 1595 seu
1545 1567 1696 1595 habebant
1721 1567 1780 1594 vim
1807 1566 1961 1594 efficacem
1992 1567 2022 1595 in

286 1625 295 1632 ”
326 1622 466 1650 membris
486 1620 598 1648 nostris
618 1617 654 1645 ad
675 1615 909 1645 fructificandum
928 1614 1024 1642 morti.
1058 1613 1159 1650 Atque
1179 1613 1219 1640 ita
1238 1615 1287 1639 est
1305 1614 1408 1639 natura
1428 1610 1556 1638 humana
1575 1609 1713 1636 damnata
1731 1611 1764 1636 ut
1783 1618 1943 1646 numquam
1963 1618 2021 1637 non

301 1656 367 1693 1ιὶ511
387 1663 536 1702 peccati-'uz
555 1662 714 1697 Nunquam
735 1669 791 1686 non
812 1657 926 1685 ferueat
945 1656 1059 1684 insanis
1080 1655 1249 1683 affectibus.
1296 1652 1393 1687 Quam
1414 1651 1632 1679 damnationem
1652 1650 1963 1688 significatldominus
1993 1651 2021 1679 in
2061 1653 2082 1681 ⁶.

276 1707 442 1743 ,a'ssffGeuesi
459 1707 498 1742 ¹2}
516 1705 565 1732 vbi
586 1704 626 1731 ait
651 1702 783 1739 serpenti
805 1704 882 1738 [cap.
909 1702 937 1727 3.
958 1709 1004 1726 15.
1029 1699 1110 1734 15.;]
1130 1696 1169 1725 Et
1195 1700 1225 1725 tu
1247 1695 1439 1724 insidiaberis
1460 1693 1600 1721 calcaneo
1621 1694 1698 1721 eius.
1732 1693 1780 1720 vbi
1801 1692 1952 1721 homiuum
1972 1703 2020 1731 ge-

1021 1808 1136 1833 CODICIS
1154 1806 1333 1831 DIYERSITAS.

402 1877 427 1905 1)
447 1874 587 1904 complectit
652 1873 680 1899 2)
699 1870 817 1895 formidat
884 1870 912 1897 3)
931 1869 963 1898 hy
1032 1868 1061 1897 4)
1080 1869 1178 1896 transyt
1201 1863 1285 1889 Talia
1305 1865 1432 1897 saepius.
1493 1865 1522 1893 5)
1542 1865 1618 1889 Collo.
1679 1865 1707 1893 6)
1725 1847 1811 1894 gauffi.
1874 1864 1901 1892 7)
1921 1863 2017 1888 cristus

332 1928 360 1955 8)
379 1926 466 1956 Ephes'
522 1926 550 1952 9>
568 1923 660 1952 Dauid]
680 1922 721 1945 dd'
798 1922 840 1949 11))
861 1902 908 1944 Gff
962 1919 1004 1949 11)
1024 1916 1108 1942 Haec
1135 1918 1164 1941 in
1186 1917 1324 1950 maryine
1338 1917 1455 1948 purtim
1476 1915 1753 1947 e.1·!er1·oripar!z·m
1772 1911 1914 1945 inferiori
1938 1912 2020 1938 eslii-

331 1959 444 1984 bentnr.
520 1960 561 1985 12)
580 1964 621 1986 gn.
658 1955 712 1980 Sic
726 1953 910 1987 plerumque.

925 2038 1070 2063 EDITIONIS
1088 2037 1235 2062 PRINCIPIS
1253 2036 1423 2062 DlSSENsUS.

401 2104 429 2131 a)
448 2102 468 2126 is
487 2102 574 2132 lapsus
595 2100 645 2130 est]
664 2099 767 2129 deliquit
786 2098 872 2123 Adam.
909 2098 937 2127 b)
953 2098 985 2122 sit
1003 2097 1138 2128 praesens]
1158 2096 1224 2121 adsit
1243 2096 1266 2120 ei
1311 2096 1336 2125 c)
1355 2095 1529 2125 nasceiitihus]
1548 2101 1605 2118 om.
1660 2093 1689 2123 d)
1707 2091 1886 2117 parenthesi
1904 2091 2021 2117 inclusa

332 2144 390 2161 om.
428 2137 454 2167 e)
470 2136 509 2160 Sic
528 2136 613 2159 anima
627 2154 632 2158 .
646 2133 873 2163 ..complectitum
892 2133 928 2156 Ita
947 2132 981 2161 fit,
1001 2134 1027 2156 ut
1046 2132 1132 2156 anima
1150 2132 1214 2159 luce,
1233 2131 1332 2159 vitaque
1352 2130 1456 2154 coelesti
1470 2135 1558 2154 carens
1571 2131 1712 2155 excecetur,
1731 2132 1757 2152 et
1770 2134 1827 2152 sese
1842 2127 2022 2152 ardentissime

332 2175 412 2195 amet.
433 2168 500 2193 add.
522 2175 568 2193 sua
587 2171 736 2199 quaerat...
755 2167 915 2197 prauitatem.
946 2164 1007 2189 Vici.
1022 2163 1076 2197 fol.
1098 2167 1137 2196 13,
1157 2163 1183 2188 b.
1204 2166 1228 2189 3.
1243 2162 1336 2196 -s‘oL
1360 2165 1397 2191 14.
1417 2171 1445 2187 ιι.
1466 2164 1489 2187 2.
1533 2163 1557 2189 t')
1576 2162 1616 2192 se]
1635 2168 1693 2187 sese
1742 2163 1771 2191 g)
1791 2161 1849 2191 dei]
1869 2160 1937 2185 ‹1ch-
1957 2162 2023 2186 Fieri

333 2205 416 2234 nequit
501 2206 671 2232 contemptum
691 2207 777 2226 rerum
796 2200 971 2230 spiritualium.
995 2198 1057 2223 rid.
1075 2196 1126 2231 fol.
1147 2200 1185 2228 14,
1204 2206 1230 2223 a.
1249 2200 1264 2223 4
1277 2199 1360 2222 -17,
1395 2198 1423 2226 h)
1443 2197 1579 2222 Primus...
1599 2196 1689 2226 vacui]
1709 2203 1766 2220 οιιι.
1804 2196 1823 2225 i]
1843 2196 1907 2225 Ergo
1926 2196 2021 2225 primus

333 2237 452 2268 affectus]
470 2238 568 2262 Primus
587 2238 670 2266 itaque
690 2235 807 2260 adfectus
843 2235 872 2263 k)
890 2237 915 2259 et
933 2234 1030 2264 speret]
1050 2234 1227 2263 desideretque
1264 2233 1285 2261 l)
1302 2231 1425 2261 Honesta]
1444 2231 1554 2260 gloriosa
1589 2231 1627 2259 m)
1647 2230 1860 2255 aduersantur...
1876 2228 2022 2259 auersetur]

333 2273 443 2297 aduersa
461 2271 587 2296 uidentur.
607 2274 790 2300 auerseturque
860 2270 890 2297 n)
916 2268 1010 2298 expeti]
1030 2269 1136 2297 sectari,
1158 2273 1189 2291 ea
1215 2267 1301 2297 quaeri
1371 2267 1398 2295 0)
1422 2264 1579 2295 displicent]
1600 2262 1668 2287 add.
1694 2264 1758 2288 Proh
1792 2269 1855 2293 quae
1890 2263 2019 2287 hominum

334 2305 594 2336 incomprehensibilis
620 2304 722 2328 miseria
750 2306 796 2328 est.
866 2304 895 2332 p)
914 2303 974 2327 Hinc
1056 2302 1140 2332 infra]
1159 2301 1220 2326 ilinc
1245 2302 1269 2325 in
1294 2301 1395 2325 homine
1420 2300 1460 2323 dei
1486 2302 1510 2324 et
1534 2299 1598 2328 legis
1623 2298 1722 2323 diuinae
1742 2298 1828 2322 odium
1853 2298 1939 2322 oritur.
1965 2297 2022 2321 hinc

333 2340 442 2365 homini.
461 2344 486 2363 ut
511 2345 570 2363 mox
588 2339 663 2362 latius
683 2337 873 2367 explicabimus.
892 2337 957 2366 ignis
977 2342 1130 2361 consumens
1148 2335 1212 2360 deus
1232 2337 1277 2360 est.
1328 2335 1356 2364 q)
1376 2333 1528 2358 Secundum.
1547 2333 1618 2362 Esse]
1637 2333 1665 2357 ΙΙΙ
1685 2333 1730 2362 (in
1750 2331 1860 2364 mar-9.)
1879 2331 1939 2355 Esse
1959 2336 2021 2355 uero

333 2380 358 2403 r)
383 2374 507 2399 ludaei...
535 2372 686 2402 pelagiani]
717 2371 844 2400 Pelagiani
872 2376 981 2400 negasse
1008 2370 1132 2395 feruntur.
1202 2370 1227 2398 5)
1246 2369 1339 2394 Horum
1365 2368 1516 2393 senteutiam
1542 2367 1646 2396 refellit]
1671 2372 1776 2397 quorum
1804 2367 1896 2395 dogma
1921 2365 2021 2389 reuellit

335 2412 356 2438 t)
376 2408 406 2432 de
427 2409 625 2437 peccatorum...
638 2406 695 2435 etc]
712 2406 806 2435 aliquot
826 2405 995 2429 uoluminibus
1015 2404 1120 2430 erudite.
1138 2402 1178 2428 Et
1192 2401 1259 2427 adel.
1278 2403 1340 2428 Nam
1360 2403 1384 2427 iu
1402 2402 1449 2426 hac
1467 2420 1503 2429 ...
1522 2401 1664 2426 uideantur.
1689 2399 1750 2425 Via.
1767 2398 1820 2432 fol.
1843 2399 1881 2428 14.
1901 2396 1927 2421 b.
1947 2399 2022 2423 6-9.

335 2443 363 2471 11)
382 2440 468 2474 Seqq.
489 2441 596 2466 Loci...
622 2441 686 2465 sicut
713 2439 802 2468 ceteri]
820 2440 870 2464 Nos
890 2439 1052 2464 subiiciemus
1071 2439 1140 2463 locos
1219 2436 1420 2461 uiuificabuntur.
1461 2433 1524 2460 Vid.
1542 2433 1595 2467 fol.
1618 2437 1655 2461 14.
1676 2433 1702 2459 b.
1727 2435 1750 2459 9.
1768 2447 1800 2451 —
1820 2433 1862 2457 fol.
1884 2433 1922 2462 15,
1936 2439 1963 2456 a.
1984 2433 2022 2458 19.

333 2479 360 2506 v)
380 2474 467 2507 Seqq.
495 2475 552 2500 Loci
637 2476 739 2499 actuum
756 2473 941 2503 apostolorum]
966 2473 1018 2497 Huc
1035 2473 1193 2503 pertinet
1218 2477 1250 2496 ex
1268 2471 1374 2501 spiritu?
1432 2467 1492 2495 Viri.
1514 2468 1567 2501 sol.
1592 2471 1628 2499 15,
1648 2477 1676 2493 a.
1699 2469 1735 2493 19.
1754 2482 1787 2485 —
1805 2467 1848 2492 fol.
1876 2467 1914 2495 15,
1938 2464 1962 2491 b.
1984 2467 2022 2491 14.

334 2512 371 2540 w)
390 2510 458 2539 Quae
536 2508 688 2538 originalis]
712 2508 751 2533 llll
772 2507 816 2536 (in
835 2508 947 2540 marg.)
966 2507 1013 2531 VlS
1032 2507 1156 2532 PECCATI
1174 2508 1198 2530 et
1217 2505 1323 2530 tructus.
1341 2502 1401 2528 Sed
1420 2504 1510 2527 etiam
1530 2502 1598 2528 add.
1636 2504 1787 2528 Minore...
1806 2501 1927 2525 dicemus.
1956 2497 2020 2524 Vid.

333 2544 386 2577 fol.
414 2544 452 2569 15.
476 2541 502 2566 b.
532 2544 636 2567 16—23.
706 2543 735 2572 x)
754 2542 786 2566 ad
805 2542 961 2572 peccandum
981 2541 1112 2570 originalis
1130 2540 1215 2570 noxa]
1233 2541 1364 2570 peccatum
1383 2538 1513 2568 originale,
1533 2536 1592 2562 Sed
1611 2544 1688 2569 seqq.
1710 2534 1762 2565 (ad
1778 2532 1831 2566 fol.
1852 2536 1876 2562 7.
1896 2532 1922 2557 b.
1944 2532 2020 2558 med.

333 2578 477 2611 pleraque
490 2585 564 2602 noua
584 2578 668 2600 sunt:
685 2576 755 2601 nulla
774 2582 825 2601 non
842 2577 914 2606 parte
926 2575 1011 2600 nostri.
1043 2594 1064 2600 ..
1082 2575 1108 2599 in
1125 2575 1213 2604 legum
1231 2574 1329 2598 ratione
1349 2572 1470 2597 dicemus.
1510 2570 1573 2596 Vid.
1591 2569 1644 2603 fol.
1663 2571 1700 2601 15,
1720 2567 1744 2595 b.
1763 2566 2022 2600 24.—fol.17.a.8.

2075 1020 2099 1049 6,
2111 1019 2133 1043 b.
