2358 2933
166 95 245 128 1017

164 186 307 219 Diabolo
331 186 485 224 hortanti,
509 192 544 217 ut
562 192 678 217 contra
695 186 759 217 Dei
784 187 971 217 mandatum
985 188 1030 225 132)
1055 185 1143 217 face-

163 236 231 266 ret;
265 230 314 261 Ita
342 234 482 270 peccant
509 239 641 266 omnes,
675 229 731 270 qui
760 230 986 269 obtemperant
1013 227 1143 270 legibus

163 278 220 304 aut
243 272 370 309 edictis,
394 281 478 311 quae
501 272 612 302 iubent
633 271 745 303 facere
765 277 880 302 contra
898 271 1051 301 mandata
1069 270 1143 308 Dei,

165 315 236 346 sive
259 314 354 355 leges
382 312 457 345 illae
486 315 528 345 ab
551 313 726 354 Episcopis
755 313 826 344 sive
853 323 873 343 a
895 311 1044 353 Regibus
1074 314 1144 343 sive

164 355 238 388 aliis
260 357 510 398 Magistratibus
534 357 605 387 sive
628 367 648 387 a
670 354 822 387 Diabolis
848 356 1040 395 propositae
1068 356 1143 385 sint.

165 399 255 430 Vera
266 403 319 430 est
330 399 416 429 enim
430 408 497 430 vox
511 397 748 440 Apostolorum
772 397 859 435 [Act.
872 397 904 434 5,
927 397 1013 435 29.]:
1038 398 1144 438 Opor-

165 448 211 472 tet
233 441 307 472 Deo
330 442 438 482 magis
462 442 614 478 obedire,
644 450 741 481 quam
767 438 965 470 hominibus.
1032 439 1144 480 ltaque

166 494 240 515 cum
258 493 317 514 rex
331 482 555 525 Babylonieus
575 484 671 514 iussit
690 491 823 512 auream
841 487 984 512 statuam
1003 482 1143 519 adorari,

159 535 307 557 ,necesse
329 525 388 556 fuit
410 537 477 557 non
500 527 746 565 obtemperare,
771 530 802 554 et
825 533 945 564 magna
968 524 1043 555 fidei
1067 536 1144 555 con-

164 569 286 599 stantia
313 570 506 605 ostendere,
537 577 622 609 quae
649 568 691 597 sit
719 576 799 597 vera
822 565 885 597 Dei
912 566 1080 603 adoratio,
1110 573 1143 598 ut

162 617 234 642 tres
257 609 427 642 lsrae'litae
450 609 608 647 fecerunt,
631 615 667 640 ut
689 614 802 639 narrat
820 607 950 639 Daniel.
990 609 1038 639 lta
1055 609 1144 649 Apo-

163 652 242 683 stoli
276 659 392 684 eontra
424 653 611 684 mandatum
650 652 766 682 summi
803 651 990 682 sacerdotis
1025 652 1145 682 docent

165 695 382 736 Evangelium
411 695 484 726 Aet.
509 695 540 724 5.
572 701 603 725 et
632 692 742 734 palam
771 699 932 724 testantur
961 693 1144 724 anteferen-

164 737 241 768 dum
263 747 340 768 esse
363 737 426 768 Dei
448 738 647 768 mandatum.

252 796 314 827 Hic
336 797 379 837 pii
402 795 497 838 leges
515 795 711 827 Pontificum
735 801 765 826 et
783 795 913 837 Regum
936 795 1044 826 edicta
1068 805 1145 826 con-

166 840 329 876 siderent,
360 849 445 879 quae
475 839 587 870 iubent
614 837 726 868 facere
757 843 874 868 contra
895 838 1049 868 mandata
1071 837 1145 868 Dei.

166 881 296 913 Passim
321 881 429 912 edicta
451 882 547 922 impia
568 886 808 922 proponuntur,
833 890 875 910 ne
893 890 1006 920 puram
1028 880 1146 910 doctri-

166 934 242 955 nam
264 922 438 964 Evangelii
461 924 587 961 audiat,
615 922 724 965 legat,
755 923 860 953 discat
883 921 1036 963 populus.
1083 921 1146 953 Co-

167 971 287 1009 guntur
315 967 509 998 sacerdotes
537 967 660 997 usitato
690 975 781 995 more
815 965 856 995 ad
884 963 1146 1005 profanationem

168 1007 377 1049 multiplicem
401 1007 534 1038 Coenae
556 1007 690 1039 Domini
719 1008 750 1037 in
773 1006 888 1037 Missa.
935 1007 1147 1037 Pertinaciter

167 1052 324 1082 retinetur
336 1051 502 1082 invocatio
515 1056 727 1087 mortuorum,
749 1048 941 1089 prohibetur
958 1050 1147 1090 coniugium

166 1093 412 1129 sacerdotibus,
437 1103 511 1123 eum
534 1099 644 1124 tamen
667 1101 733 1122 non
757 1101 870 1122 omnes
895 1092 959 1121 sint
978 1091 1086 1122 idonei
1105 1092 1146 1121 ad

167 1135 378 1172 coelibatum,
402 1140 433 1166 et
446 1135 540 1166 Deus
564 1135 752 1176 coniugium
776 1133 956 1174 praecipiat
983 1135 1147 1170 omnibus,

168 1179 223 1219 qui
246 1177 393 1208 coelibes
416 1188 482 1208 non
505 1179 619 1208 vivunt
638 1178 709 1207 sine
728 1175 839 1216 aliqua
856 1175 944 1212 labe,
966 1180 1002 1205 ut
1022 1176 1050 1205 1.
1070 1175 1145 1206 Cor.

168 1221 198 1250 7.
219 1224 280 1258 [vs.
290 1221 336 1259 2.]
357 1219 447 1251 clare
466 1221 599 1250 diciturz
619 1218 782 1249 Vitandae
797 1218 1008 1247 scortationis
1026 1228 1147 1248 caussa

168 1264 395 1303 unusquisque
420 1262 537 1292 habeat
562 1271 697 1292 uxorem
721 1270 830 1296 suam,
861 1259 918 1289 Διιὶ
946 1258 976 1289 δὲ
1000 1260 1051 1295 st),-
1074 1272 1146 1301 πορ-

167 1309 246 1340 νείας
257 1305 379 1339 ἕκαστος
391 1304 440 1342 τὴν
451 1305 554 1334 ἑαυτοῦ
565 1307 687 1341 γυναῖκα
699 1305 798 1341 ἐχέτω.
822 1300 862 1331 Et
875 1306 991 1342 postea
1009 1305 1074 1340 [vs.
1085 1302 1145 1342 9.]:

166 1347 303 1388 κρεῖσσόν
325 1349 387 1377 ἔστι
409 1348 540 1385 γαμῆσαι
561 1345 578 1384 ἢ
600 1347 781 1386 πυροῦσθαι.

254 1402 320 1432 13111
344 1402 464 1443 cogita,
488 1407 609 1442 quanta
631 1400 802 1434 multitudo
825 1402 990 1433 hominum
1021 1401 1072 1431 his
1102 1402 1148 1431 in-

169 1445 263 1476 iustis
282 1442 413 1474 leo-ibus
433 1453 596 1484 oppressa
614 1449 774 1483 teneatur,
794 1446 848 1486 qui
867 1446 1023 1476 invocare
1040 1443 1147 1474 Deum

168 1493 302 1528 propter
316 1468 418 1517 labes
443 1485 666 1517 conscientiae
689 1496 755 1517 non
779 1494 920 1528 possunt
948 1492 979 1517 et
1002 1485 1148 1516 avellun-

168 1536 221 1561 tur
243 1540 263 1560 a
285 1528 359 1560 Deo
391 1539 432 1559 ac
461 1535 560 1560 ruunt
588 1529 620 1558 in
649 1534 819 1561 aeternum
850 1530 990 1560 exitium.
1037 1528 1147 1558 Horri-

170 1570 275 1603 biliter
302 1578 442 1612 peccant
471 1570 647 1601 Pontifices
678 1578 709 1602 et
738 1572 867 1612 Reges,
900 1582 974 1602 cum
1004 1571 1148 1601 condunt

169 1613 261 1656 leges
294 1614 509 1655 impedientes
544 1623 655 1644 veram
688 1613 751 1645 Dei
785 1615 1044 1650 invocationem,
1084 1612 1147 1643 1100

169 1662 233 1694 est,
270 1667 345 1688 cum
366 1655 490 1697 aliquid
512 1657 717 1696 praecipiunt
739 1657 828 1694 fieri,
857 1657 944 1698 quod
972 1656 1044 1686 sine
1073 1655 1147 1686 labe

170 1700 393 1730 conscientiae
417 1709 483 1729 non
505 1704 615 1739 potest
638 1699 717 1730 fieri.

255 1754 349 1785 Sicut
377 1760 485 1784 autem
509 1753 601 1784 Heva
630 1756 781 1795 peccavit
811 1756 1044 1794 obtemperans
1074 1754 1148 1784 voci

170 1795 312 1834 Diaboli,
336 1797 385 1827 sic
404 1802 544 1836 peccant
562 1796 692 1837 reliqui,
717 1808 791 1828 eum
809 1798 925 1838 impias
944 1796 1039 1838 leges
1058 1802 1148 1827 ante-

169 1838 278 1870 ferunt
300 1839 454 1869 mandato
474 1839 536 1869 Dei
561 1845 592 1869 et
615 1840 724 1870 sinunt
744 1841 807 1870 sibi
828 1841 937 1871 excuti
956 1850 1066 1870 veram
1085 1838 1149 1869 Dei

170 1882 421 1913 invocationem.

256 1924 362 1954 Nemo
396 1925 651 1965 magnitudinem
685 1931 917 1965 peccatorum,
952 1934 1036 1966 quae
1065 1923 1148 1955 11300

171 1967 356 1997 tristissima
386 1967 529 1997 servitus
563 1966 673 2004 affert,
707 1968 788 1998 satis
824 1966 997 2008 deplorare
1026 1973 1149 2007 potest,

170 2011 234 2040 imo
253 2007 346 2040 nulla
365 2015 417 2039 est
435 2015 526 2040 tanta
544 2008 709 2040 hominum
728 2011 899 2049 sapientia,
924 2020 1008 2051 quae
1027 2010 1149 2050 magni-

171 2052 315 2083 tudinem
336 2050 454 2082 horum
478 2050 639 2083 malorum
662 2052 743 2082 satis
766 2051 933 2093 intelligat.
979 2052 1066 2083 lacet
1093 2062 1149 2092 op-

171 2104 289 2134 pressa
310 2104 431 2136 magna
452 2104 531 2135 pars
554 2095 624 2125 eius
647 2093 772 2134 populi,
797 2096 851 2135 qui
874 2101 1013 2126 vocatur
1034 2093 1149 2126 Eccle-

171 2137 235 2174 sia,
269 2137 450 2178 tyrannicis
484 2135 632 2178 legibuS,
668 2147 752 2181 quae
785 2137 953 2168 stabiliunt
986 2137 1149 2168 idolorum

171 2178 290 2217 cultus,
309 2189 452 2217 erroreS,
472 2179 615 2210 nefarias
633 2179 784 2211 libidines
801 2186 834 2211 et
848 2181 1026 2221 impediunt
1038 2190 1149 2211 veram

170 2220 234 2252 Dei
251 2223 501 2253 invocationem.
542 2221 584 2253 Et
601 2221 664 2253 bae
682 2221 775 2264 leges
794 2221 1013 2254 defenduntur
1031 2233 1150 2263 magna

172 2263 365 2296 crudelitate
388 2264 635 2306 suppliciorum.
670 2265 906 2296 Interficiuntur
924 2265 1072 2296 homines
1092 2265 1149 2296 ho—

171 2308 255 2338 nesti
288 2313 321 2339 et
352 2308 396 2348 pii
429 2307 576 2348 plurimi,
612 2318 685 2339 cum
713 2307 855 2349 aliquam
883 2309 1013 2349 impiam
1042 2307 1148 2349 legem

172 2349 306 2381 violant.
358 2349 454 2382 Multi
486 2351 531 2391 pii
566 2350 757 2381 sacerdotes
792 2358 925 2392 propter
959 2351 1147 2392 coniugium

173 2497 217 2526 ¹32)
238 2498 323 2521 contra
343 2497 387 2521 Dei
405 2496 565 2525 mandatum]
602 2496 673 2520 Editt.
699 2496 738 2518 22.
759 2496 798 2519 24.
820 2496 936 2524 28-34„

242 2531 301 2560 opp.
322 2531 342 2555 l.
362 2530 383 2552 2.
404 2532 490 2555 contra
511 2530 659 2554 mandatum
678 2530 722 2555 Dei

973 2497 1044 2526 Corn.
1066 2497 1149 2526 ‘2-8.,

637 92 659 123 l.
682 93 784 125 LOCl
806 92 1085 125 THEOLOGlCl:
1110 90 1151 123 D.
1174 90 1333 124 TERTIA
1356 91 1512 123 EORUM
1536 90 1690 122 AETAS.

2084 90 2164 122 1018

1188 185 1366 217 crudeliter
1388 186 1495 216 necati
1519 192 1606 222 sunt,
1631 195 1704 216 011111
1723 184 1814 215 1111113
1833 185 2002 215 barbaries
2022 194 2164 225 unquam

1186 234 1322 269 propter
1345 226 1484 258 similem
1508 237 1661 258 caussam
1684 226 1832 258 homines
1858 227 2027 257 occiderit.

1273 270 1345 301 Etsi
1368 276 1476 301 autem
1500 269 1721 300 vociferantur
1743 270 1803 300 viri
1826 269 1961 310 politici,
1987 267 2097 300 nullas
2120 269 2164 300 10-

1188 323 1264 354 gum
1286 314 1486 343 mutationes
1506 313 1738 343 concedendas
1759 322 1845 348 esse,
1869 322 1910 342 ne
1935 317 2093 352 sequatur
2113 321 2165 342 ex-

1187 363 1325 386 tremum
1360 354 1519 385 malorum
1553 355 1679 394 άναρχία
1713 361 1745 385 et
1778 360 1896 394 postea
1928 353 2166 384 labefactentur

1189 398 1346 438 dogmata
1372 397 1562 427 necessaria
1594 403 1624 427 et
1652 396 1746 438 leges
1778 397 1922 434 divinae,
1953 402 1984 427 et
2012 397 2165 427 obiiciunt

1188 446 1283 470 vetus
1306 447 1529 480 praeceptum,
1555 440 1642 479 quod
1666 440 1782 470 recitat
1804 439 2004 470 Aristoteles
2027 440 2059 469 in
2084 437 2167 469 Poli—

1188 483 1278 519 ticis,
1306 482 1346 520 ptr)
1375 483 1510 522 παρορᾶν
1539 481 1571 511 τὸ
1599 481 1681 520 παρὰ
1711 481 1836 522 μικρόν,
1866 482 1941 511 Non
1970 480 2168 523 negligenda

1187 534 1291 565 parva
1314 525 1418 561 initia,
1442 524 1559 564 quibus
1582 523 1738 564 paulatim
1761 524 1839 554 fiunt
1864 525 2095 560 accessiones3
2123 531 2169 556 ta-

1189 577 1263 597 men
1291 565 1348 596 illa
1381 572 1515 596 aeterna
1551 572 1582 596 et
1616 565 1824 596 immutabilis
1853 566 1922 596 Lex
1956 565 2167 598 anteferenda

1189 616 1239 640 est
1264 608 1412 646 [Deuter-
1437 608 1468 645 6,
1493 608 1554 646 54:
1589 607 1720 648 Diligas
1744 608 1920 639 Dominum
1943 609 2050 639 Deum
2078 615 2168 640 tuum

1189 662 1229 682 ex
1247 657 1316 681 toto
1337 651 1437 681 corde
1457 657 1524 681 tuo.
1556 650 1635 681 ltem
1656 650 1774 688 [Levit.
1791 650 1840 688 19,
1855 651 1916 689 4.]:
1941 651 2057 692 Fugite
2071 652 2168 682 idola.

1190 694 1301 728 Quare
1322 703 1464 724 necesse
1488 698 1537 723 est
1561 699 1590 723 et
1606 694 1650 726 ⁹3)
1680 694 1712 723 in
1742 693 1892 724 docendo
1916 700 2031 724 taxare
2052 695 2169 735 impias

1188 735 1281 776 leges
1305 741 1337 766 et
1360 741 1476 766 contra
1499 745 1610 766 earum
1634 736 1741 766 edicta
1752 738 1796 769 ⁹⁴)
1829 737 2058 775 obtemperare
2083 747 2169 767 man-

1190 779 1266 808 dato
1281 780 1326 818 95)
1351 777 1423 808 Dei.

1274 820 1349 851 Non
1368 821 1433 850 iam
1453 821 1493 850 de
1511 822 1669 851 servitute
1690 830 1865 861 corporum
1888 827 1943 852 aut
1955 831 2065 852 rerum
2083 823 2168 855 dico.

1189 861 1333 893 tei-amus
1359 861 1573 900 calamitates,
1600 873 1682 903 quas
1705 862 1907 904 negligentia
1931 870 1985 895 aut
2008 865 2170 904 asperitas

1190 906 1274 945 parit
1296 906 1327 935 in
1351 906 1589 946 gubernatione
1614 905 1716 942 civili,
1741 905 1977 946 expilationes,
2007 905 2070 937 fori
2094 917 2170 937 con-

1190 947 1350 985 fusiones.
1373 948 1519 984 iniurias,
1545 947 1706 978 bellorum
1728 948 1825 979 mala.
1871 948 2070 980 Sei-vitutem
2094 960 2170 979 eon—

1191 991 1400 1021 scientiarum
1424 988 1571 1030 deploro,
1596 1000 1680 1031 quae
1702 991 1836 1032 impedit
1854 1001 1967 1022 veram
1990 993 2171 1022 invocatio-

1191 1043 1266 1063 nem
1290 1039 1322 1062 et
1345 1033 1471 1062 infinita
1496 1034 1625 1073 agmina
1650 1032 1816 1064 hominum
1843 1039 1897 1064 aut
1920 1035 1951 1064 in
1976 1034 2172 1074 Epicureum

1191 1075 1253 1105 Dei
1278 1081 1498 1115 contemptum
1517 1081 1572 1105 aut
1591 1075 1622 1104 in
1641 1081 1806 1106 aeternam
1828 1076 2091 1116 desperationem
2117 1078 2172 1107 im-

1191 1117 1292 1157 pellit.
1333 1117 1406 1147 Vae
1430 1118 1480 1154 iis,
1503 1117 1602 1157 inquit
1628 1117 1749 1148 {esaias
1776 1118 1840 1155 tlt),
1867 1119 1921 1156 Li,
1946 1119 2000 1159 qui
2024 1120 2171 1150 scribunt

1191 1160 1284 1200 leges
1309 1160 1448 1199 iniquas.
1490 1159 1562 1189 Vae
1585 1160 1624 1189 iis
1648 1160 1756 1196 etiam,
1771 1163 1815 1195 ⁹⁶)
1840 1162 1893 1201 qui
1913 1172 2000 1191 nunc
2019 1167 2075 1191 aut
2095 1172 2171 1202 snp-

1190 1202 1298 1241 pliciis
1330 1208 1385 1232 aut
1408 1202 1595 1241 praestigiis
1626 1201 1864 1241 sophismatum
1894 1213 1950 1233 eas
1981 1202 2170 1235 defendunt.

1192 1245 1299 1274 Audet
1320 1244 1444 1284 Pygius
1468 1244 1554 1273 hanc
1578 1245 1798 1284 turpissimam
1817 1256 1934 1276 vocem
1955 1247 2062 1281 edere,
2088 1257 2171 1287 qnae

1192 1292 1280 1317 extat
1310 1287 1342 1316 in
1372 1287 1441 1316 eius
1470 1287 1619 1325 scriptis,
1650 1287 1758 1317 Minus
1786 1298 1928 1328 peccare
1958 1289 2172 1320 Sacerdotem

1193 1330 1394 1359 scortatione
1417 1339 1454 1358 se
1476 1327 1688 1368 polluentem,
1713 1340 1810 1370 quam
1834 1331 2005 1362 ducentem
2025 1342 2170 1363 uxorem.

1194 1372 1252 1401 His
1277 1372 1414 1401 vocibus
1439 1370 1640 1411 applaudunt
1664 1373 1829 1412 sapientes
1859 1375 1998 1414 quidam.
2044 1375 2089 1405 At
2116 1385 2171 1406 ne-

1194 1424 1357 1454 quaquam
1376 1414 1572 1443 invocationi
1594 1416 1743 1453 verae97)
1758 1414 1832 1453 Dei,
1848 1426 2055 1457 nequaquam
2073 1417 2170 1448 saluti

1192 1457 1371 1486 animarum
1400 1454 1631 1486 anteferendae
1664 1463 1756 1487 erant
1787 1459 2035 1498 superstitiosae
2069 1459 2171 1490 hnmi-

1192 1509 1268 1529 num
1291 1498 1416 1538 Leges,
1448 1509 1584 1538 quarum
1613 1498 1784 1530 inaniie:‹-ta
1816 1506 1867 1531 est
1896 1502 2055 1541 impietas.
2101 1502 2172 1533 Etsi

1192 1542 1276 1571 enim
1295 1540 1378 1571 vafri
1398 1541 1528 1581 quidam
1549 1542 1678 1572 inurere
1697 1540 1791 1573 fucos
1812 1544 1980 1574 erroribus
2001 1552 2171 1577 conantur.

1192 1590 1300 1614 tamen
1324 1583 1485 1624 quaedam
1506 1590 1556 1614 est.
1573 1585 1657 1614 adeo
1677 1586 1852 1626 perspicua
1870 1587 2003 1625 veritas,
2027 1594 2060 1618 ut
2080 1587 2171 1618 nulla

1193 1626 1398 1665 Sophisfica,
1428 1625 1519 1656 nulla
1547 1626 1785 1668 sycophantica
1808 1629 1902 1659 obrui
1926 1631 2042 1669 possit.
2088 1630 2168 1661 Sunt

1194 1670 1235 1698 ob
1270 1667 1388 1699 oculos
1423 1669 1573 1699 miseriae
1609 1676 1699 1700 ortae
1734 1681 1774 1700 ex
1808 1669 1882 1711 lege
1916 1672 1956 1701 de
1986 1672 2170 1704 Coelibatu.

1191 1712 1294 1741 Nemo
1318 1721 1418 1741 sanus
1443 1712 1514 1741 sine
1537 1713 1661 1752 gemitu
1680 1718 1710 1742 et
1731 1712 1875 1744 lacrimis
1896 1715 2043 1753 cogitare
2062 1722 2169 1755 potest

1192 1754 1232 1784 de
1256 1754 1489 1784 obscuratione
1513 1754 1682 1785 docti-inae
1706 1756 1746 1785 de
1769 1755 1988 1794 Poenitentia,
2019 1758 2059 1788 de
2082 1757 2172 1788 Fide.

1192 1797 1233 1827 (le
1260 1806 1340 1826 vera
1371 1796 1596 1834 invocatione,
1627 1798 1667 1828 de
1690 1796 1924 1829 profanatione
1948 1798 2081 1831 Coenae
2104 1800 2171 1831 Do-

1193 1839 1280 1875 mini,
1304 1839 1345 1869 de
1368 1839 1577 1870 invocatione
1600 1846 1811 1871 mortuorum.

1279 1880 1372 1912 Hanc
1396 1882 1436 1911 de
1456 1882 1557 1920 prima
1577 1882 1702 1922 regula,
1726 1893 1794 1913 non
1813 1883 2076 1923 disputationem,
2101 1886 2171 1925 (res

1193 1930 1244 1954 est
1263 1924 1347 1954 0111111
1365 1923 1566 1963 manifesta)
1587 1925 1647 1955 5011
1662 1925 1830 1966 querelam
1845 1927 2038 1967 abrumpere
2057 1938 2170 1969 cogor.

1194 1976 1278 2007 quae
1300 1966 1402 1997 multo
1428 1967 1558 1996 brevior
1584 1973 1615 1997 et
1638 1966 1822 2009 languidior
1842 1974 1903 2006 est,
1927 1979 2024 2010 quam
2043 1970 2171 2011 qualem

1193 2008 1339 2049 postulat
1357 2010 1548 2050 magnitudo
1572 2009 1743 2048 malorum,
1767 2021 1852 2052 quae
1875 2012 1916 2041 ab
1942 2013 2046 2052 impiis
2071 2020 2102 2044 et
2123 2019 2172 2050 tv-

1193 2052 1338 2082 rannicis
1361 2050 1491 2092 legibus
1515 2053 1547 2082 in
1567 2051 1720 2083 Ecclesia
1742 2058 1790 2084 tot
1812 2054 1876 2084 iam
1901 2054 2023 2085 seculis
2047 2062 2077 2086 et
2101 2049 2170 2086 orta

1194 2100 1269 2124 sunt
1293 2101 1325 2125 et
1346 2094 1454 2124 adhuc
1478 2096 1625 2125 oriuntur
1649 2101 1680 2125 et
1703 2095 1859 2136 deinceps
1883 2097 2040 2135 orientur,
2067 2098 2172 2129 donec

1194 2136 1345 2167 liberabit
1362 2136 1549 2167 Ecclesiam
1569 2147 1662 2168 suam
1676 2137 1777 2168 Filius
1790 2138 1852 2168 Dei
1864 2137 2027 2170 Dominus
2046 2147 2170 2174 noster,

1194 2180 1287 2211 105115
1318 2178 1471 2210 Christus
1501 2180 1678 2211 ostendens
1713 2190 1751 2211 se
1779 2181 1936 2212 universo
1972 2184 2085 2223 generi
2114 2182 2171 2213 hu-

1193 2291 1238 2322 93)
1259 2294 1298 2316 est
1317 2291 1352 2323 et]
1372 2292 1414 2317 Ed.
1433 2292 1473 2315 22.
1495 2292 1577 2316 male:
1597 2294 1622 2316 et
1641 2294 1680 2316 est

1192 2343 1238 2374 94)
1258 2342 1352 2373 edicta]
1372 2342 1444 2367 Editt.
1467 2343 1572 2368 13—19.
1592 2343 1700 2366 ‘ll—24.
1722 2343 1840 2368 26—34..
1860 2344 1919 2374 opp.
1942 2345 1960 2366 l.
1981 2348 2003 2370 2.
2025 2348 2088 2373 dicta

1192 2394 1237 2425 95)
1256 2393 1386 2424 mandato]
1408 2394 1481 2418 Editt.
1502 2394 1592 2418 1—-16,
1616 2395 1654 2418 19.
1675 2395 1801 2420 mandatis

1192 2445 1237 2474 96)
1258 2445 1286 2469 iis
1305 2445 1393 2475 etiam]
1413 2446 1483 2475 corp.
1505 2446 1579 2469 1-8.
1599 2446 1674 2470 etiam
1694 2446 1724 2470 iis

1192 2495 1237 2524 97)
1257 2495 1343 2552 {el-ge]
1383 2496 1454 2534 Editt.
1478 2497 1514 2521 18.
1535 2497 1573 2521 90.
1594 2496 1633 2519 22.
1655 2497 1694 2521 24.
1714 2497 1754 2519 ⁴25.
1774 2496 1895 2523 28—34..
1917 2498 1988 2527 Corp.
2011 2498 2092 2524 1-8.‚
2112 2498 2169 2527 Oppi

1280 2548 1284 2552 .
1322 2536 1399 2554 .ver1
