<?xml version="1.0" encoding="UTF-8"?>
<!DOCTYPE html PUBLIC "-//W3C//DTD XHTML 1.0 Transitional//EN"
    "http://www.w3.org/TR/xhtml1/DTD/xhtml1-transitional.dtd">
<html xmlns="http://www.w3.org/1999/xhtml" xml:lang="en" lang="en">
 <head>
  <title>
</title>
<meta http-equiv="Content-Type" content="text/html;charset=utf-8" />
  <meta name='ocr-system' content='tesseract 3.04.00' />
  <meta name='ocr-capabilities' content='ocr_page ocr_carea ocr_par ocr_line ocrx_word'/>
</head>
<body>
  <div class='ocr_page' id='page_1' title='image "./operaquaesupersu21melauoft_0549.png"; bbox 0 0 2358 2933; ppageno 0'>
   <div class='ocr_carea' id='block_1_1' title="bbox 123 127 205 160">
    <p class='ocr_par' dir='ltr' id='par_1_1' title="bbox 123 127 205 160">
     <span class='ocr_line' id='line_1_1' title="bbox 123 127 205 160; baseline 0 0"><span class='ocrx_word' id='word_1_1' title='bbox 123 127 205 160; x_wconf 80' lang='lat'>1069</span> 
     </span>
    </p>
   </div>
   <div class='ocr_carea' id='block_1_2' title="bbox 119 220 1098 1104">
    <p class='ocr_par' dir='ltr' id='par_1_2' title="bbox 120 220 1098 720">
     <span class='ocr_line' id='line_1_2' title="bbox 121 220 1097 254; baseline 0 -1"><span class='ocrx_word' id='word_1_2' title='bbox 121 228 212 254; x_wconf 86' lang='lat' dir='ltr'>ercet</span> <span class='ocrx_word' id='word_1_3' title='bbox 235 228 267 253; x_wconf 90' lang='lat' dir='ltr'>et</span> <span class='ocrx_word' id='word_1_4' title='bbox 289 221 474 253; x_wconf 84' lang='lat' dir='ltr'>admonitus</span> <span class='ocrx_word' id='word_1_5' title='bbox 499 232 517 251; x_wconf 85' lang='lat' dir='ltr'>a</span> <span class='ocrx_word' id='word_1_6' title='bbox 540 220 735 252; x_wconf 87' lang='lat' dir='ltr'>Pastorihus</span> <span class='ocrx_word' id='word_1_7' title='bbox 759 232 824 253; x_wconf 90' lang='lat' dir='ltr'>non</span> <span class='ocrx_word' id='word_1_8' title='bbox 848 222 965 253; x_wconf 89' lang='lat' dir='ltr'>desinit</span> <span class='ocrx_word' id='word_1_9' title='bbox 988 221 1097 254; x_wconf 84' lang='lat' dir='ltr'>furere</span> 
     </span>
     <span class='ocr_line' id='line_1_3' title="bbox 122 262 1097 296; baseline 0 0"><span class='ocrx_word' id='word_1_10' title='bbox 122 271 154 296; x_wconf 85' lang='lat' dir='ltr'>et</span> <span class='ocrx_word' id='word_1_11' title='bbox 187 264 388 295; x_wconf 77' lang='lat' dir='ltr'><strong>domesticae</strong></span> <span class='ocrx_word' id='word_1_12' title='bbox 421 262 595 294; x_wconf 79' lang='lat' dir='ltr'>Ecclesiae</span> <span class='ocrx_word' id='word_1_13' title='bbox 628 265 869 295; x_wconf 77' lang='lat' dir='ltr'>invocationem</span> <span class='ocrx_word' id='word_1_14' title='bbox 898 266 1032 295; x_wconf 86' lang='lat' dir='ltr'>turbare</span> <span class='ocrx_word' id='word_1_15' title='bbox 1066 272 1097 296; x_wconf 86' lang='lat' dir='ltr'>et</span> 
     </span>
     <span class='ocr_line' id='line_1_4' title="bbox 121 304 1096 347; baseline -0.001 -9"><span class='ocrx_word' id='word_1_16' title='bbox 121 317 258 339; x_wconf 83' lang='lat' dir='ltr'>uxorem</span> <span class='ocrx_word' id='word_1_17' title='bbox 288 308 333 338; x_wconf 87' lang='lat' dir='ltr'>ita</span> <span class='ocrx_word' id='word_1_18' title='bbox 363 304 540 338; x_wconf 88' lang='lat' dir='ltr'>crudeliter</span> <span class='ocrx_word' id='word_1_19' title='bbox 563 312 719 344; x_wconf 86' lang='lat' dir='ltr'>tractare,</span> <span class='ocrx_word' id='word_1_20' title='bbox 744 313 779 337; x_wconf 88' lang='lat' dir='ltr'>ut</span> <span class='ocrx_word' id='word_1_21' title='bbox 802 307 869 338; x_wconf 86' lang='lat' dir='ltr'>vita</span> <span class='ocrx_word' id='word_1_22' title='bbox 892 307 925 337; x_wconf 90' lang='lat' dir='ltr'>in</span> <span class='ocrx_word' id='word_1_23' title='bbox 948 307 1096 347; x_wconf 87' lang='lat' dir='ltr'>periculo</span> 
     </span>
     <span class='ocr_line' id='line_1_5' title="bbox 122 348 1097 390; baseline 0 -10"><span class='ocrx_word' id='word_1_24' title='bbox 122 351 182 387; x_wconf 87' lang='lat' dir='ltr'>sit,</span> <span class='ocrx_word' id='word_1_25' title='bbox 212 350 266 380; x_wconf 89' lang='lat' dir='ltr'>hic</span> <span class='ocrx_word' id='word_1_26' title='bbox 289 354 379 380; x_wconf 89' lang='lat' dir='ltr'>certe</span> <span class='ocrx_word' id='word_1_27' title='bbox 402 349 614 390; x_wconf 78' lang='lat' dir='ltr'>magistratus</span> <span class='ocrx_word' id='word_1_28' title='bbox 633 348 756 389; x_wconf 87' lang='lat' dir='ltr'>politici</span> <span class='ocrx_word' id='word_1_29' title='bbox 782 350 917 388; x_wconf 89' lang='lat' dir='ltr'>imperio</span> <span class='ocrx_word' id='word_1_30' title='bbox 941 353 1097 381; x_wconf 74' lang='lat' dir='ltr'>coercen-</span> 
     </span>
     <span class='ocr_line' id='line_1_6' title="bbox 122 390 1097 432; baseline 0 -9"><span class='ocrx_word' id='word_1_31' title='bbox 122 392 183 424; x_wconf 87' lang='lat' dir='ltr'>dus</span> <span class='ocrx_word' id='word_1_32' title='bbox 206 397 274 430; x_wconf 86' lang='lat' dir='ltr'>est,</span> <span class='ocrx_word' id='word_1_33' title='bbox 307 391 363 432; x_wconf 92' lang='lat' dir='ltr'>qui</span> <span class='ocrx_word' id='word_1_34' title='bbox 386 401 451 422; x_wconf 90' lang='lat' dir='ltr'>non</span> <span class='ocrx_word' id='word_1_35' title='bbox 475 390 582 421; x_wconf 82' lang='lat' dir='ltr'>solum</span> <span class='ocrx_word' id='word_1_36' title='bbox 605 392 703 422; x_wconf 75' lang='lat' dir='ltr'>vitam</span> <span class='ocrx_word' id='word_1_37' title='bbox 726 401 891 431; x_wconf 73' lang='lat' dir='ltr'>personae</span> <span class='ocrx_word' id='word_1_38' title='bbox 913 392 1097 423; x_wconf 84' lang='lat' dir='ltr'>innocentis</span> 
     </span>
     <span class='ocr_line' id='line_1_7' title="bbox 122 433 1098 472; baseline -0.002 -6"><span class='ocrx_word' id='word_1_39' title='bbox 122 436 204 466; x_wconf 86' lang='lat' dir='ltr'>tueri</span> <span class='ocrx_word' id='word_1_40' title='bbox 229 435 337 472; x_wconf 88' lang='lat' dir='ltr'>debet,</span> <span class='ocrx_word' id='word_1_41' title='bbox 355 434 415 464; x_wconf 83' lang='lat' dir='ltr'>sed</span> <span class='ocrx_word' id='word_1_42' title='bbox 438 435 534 465; x_wconf 85' lang='lat' dir='ltr'>etiam</span> <span class='ocrx_word' id='word_1_43' title='bbox 558 433 654 464; x_wconf 90' lang='lat' dir='ltr'>debet</span> <span class='ocrx_word' id='word_1_44' title='bbox 678 434 748 464; x_wconf 84' lang='lat' dir='ltr'>eius</span> <span class='ocrx_word' id='word_1_45' title='bbox 773 434 997 465; x_wconf 85' lang='lat' dir='ltr'>conscientiae</span> <span class='ocrx_word' id='word_1_46' title='bbox 1021 445 1098 465; x_wconf 88' lang='lat' dir='ltr'>con-</span> 
     </span>
     <span class='ocr_line' id='line_1_8' title="bbox 121 475 1097 516; baseline 0 -8"><span class='ocrx_word' id='word_1_47' title='bbox 121 476 244 514; x_wconf 85' lang='lat' dir='ltr'>sulere,</span> <span class='ocrx_word' id='word_1_48' title='bbox 267 487 308 507; x_wconf 91' lang='lat' dir='ltr'>ne</span> <span class='ocrx_word' id='word_1_49' title='bbox 332 475 438 507; x_wconf 88' lang='lat' dir='ltr'>fracta</span> <span class='ocrx_word' id='word_1_50' title='bbox 462 475 576 507; x_wconf 88' lang='lat' dir='ltr'>dolore</span> <span class='ocrx_word' id='word_1_51' title='bbox 600 482 631 506; x_wconf 88' lang='lat' dir='ltr'>et</span> <span class='ocrx_word' id='word_1_52' title='bbox 655 476 876 516; x_wconf 77' lang='lat' dir='ltr'>indignatione</span> <span class='ocrx_word' id='word_1_53' title='bbox 899 478 1030 507; x_wconf 87' lang='lat' dir='ltr'>tandem</span> <span class='ocrx_word' id='word_1_54' title='bbox 1042 479 1097 508; x_wconf 90' lang='lat' dir='ltr'>ab·</span> 
     </span>
     <span class='ocr_line' id='line_1_9' title="bbox 122 517 1098 559; baseline -0.001 -8"><span class='ocrx_word' id='word_1_55' title='bbox 122 521 208 551; x_wconf 89' lang='lat' dir='ltr'>iiciat</span> <span class='ocrx_word' id='word_1_56' title='bbox 232 520 475 551; x_wconf 81' lang='lat' dir='ltr'>invocationem</span> <span class='ocrx_word' id='word_1_57' title='bbox 498 524 553 549; x_wconf 88' lang='lat' dir='ltr'>aut.</span> <span class='ocrx_word' id='word_1_58' title='bbox 576 517 705 559; x_wconf 35' lang='lat' dir='ltr'>aliquid*</span> <span class='ocrx_word' id='word_1_59' title='bbox 722 519 839 549; x_wconf 89' lang='lat' dir='ltr'>iniuste</span> <span class='ocrx_word' id='word_1_60' title='bbox 862 517 971 556; x_wconf 87' lang='lat' dir='ltr'>faciat,</span> <span class='ocrx_word' id='word_1_61' title='bbox 994 526 1028 550; x_wconf 94' lang='lat' dir='ltr'>ut</span> <span class='ocrx_word' id='word_1_62' title='bbox 1052 520 1098 550; x_wconf 90' lang='lat' dir='ltr'>di-</span> 
     </span>
     <span class='ocr_line' id='line_1_10' title="bbox 121 560 1096 601; baseline 0.001 -9"><span class='ocrx_word' id='word_1_63' title='bbox 121 564 221 593; x_wconf 76' lang='lat' dir='ltr'>citur:</span> <span class='ocrx_word' id='word_1_64' title='bbox 267 562 372 592; x_wconf 78' lang='lat' dir='ltr'>furor</span> <span class='ocrx_word' id='word_1_65' title='bbox 396 561 431 591; x_wconf 88' lang='lat' dir='ltr'>fit</span> <span class='ocrx_word' id='word_1_66' title='bbox 453 560 546 592; x_wconf 89' lang='lat' dir='ltr'>laesa</span> <span class='ocrx_word' id='word_1_67' title='bbox 570 562 703 601; x_wconf 87' lang='lat' dir='ltr'>saepius</span> <span class='ocrx_word' id='word_1_68' title='bbox 725 562 891 601; x_wconf 84' lang='lat' dir='ltr'>patientia.</span> <span class='ocrx_word' id='word_1_69' title='bbox 909 563 952 598; x_wconf 73' lang='lat'>²9)</span> <span class='ocrx_word' id='word_1_70' title='bbox 999 562 1034 592; x_wconf 90' lang='lat' dir='ltr'>ln</span> <span class='ocrx_word' id='word_1_71' title='bbox 1058 572 1096 593; x_wconf 93' lang='lat' dir='ltr'>eo</span> 
     </span>
     <span class='ocr_line' id='line_1_11' title="bbox 121 603 1098 644; baseline -0.001 -9"><span class='ocrx_word' id='word_1_72' title='bbox 121 614 203 636; x_wconf 87' lang='lat' dir='ltr'>casu</span> <span class='ocrx_word' id='word_1_73' title='bbox 225 606 257 635; x_wconf 91' lang='lat' dir='ltr'>in</span> <span class='ocrx_word' id='word_1_74' title='bbox 279 614 425 644; x_wconf 86' lang='lat' dir='ltr'>persona</span> <span class='ocrx_word' id='word_1_75' title='bbox 448 603 590 643; x_wconf 85' lang='lat' dir='ltr'>crudeli,</span> <span class='ocrx_word' id='word_1_76' title='bbox 624 613 690 633; x_wconf 90' lang='lat' dir='ltr'>non</span> <span class='ocrx_word' id='word_1_77' title='bbox 714 605 896 643; x_wconf 81' lang='lat' dir='ltr'>pertinente</span> <span class='ocrx_word' id='word_1_78' title='bbox 918 604 960 634; x_wconf 88' lang='lat' dir='ltr'>ad</span> <span class='ocrx_word' id='word_1_79' title='bbox 983 603 1098 636; x_wconf 86' lang='lat' dir='ltr'>Eccle-</span> 
     </span>
     <span class='ocr_line' id='line_1_12' title="bbox 120 644 1098 689; baseline 0 -12"><span class='ocrx_word' id='word_1_80' title='bbox 120 647 214 684; x_wconf 85' lang='lat' dir='ltr'>siam,</span> <span class='ocrx_word' id='word_1_81' title='bbox 232 646 448 689; x_wconf 79' lang='lat' dir='ltr'>Magistratus</span> <span class='ocrx_word' id='word_1_82' title='bbox 471 644 624 688; x_wconf 86' lang='lat' dir='ltr'>politicus</span> <span class='ocrx_word' id='word_1_83' title='bbox 637 645 815 677; x_wconf 84' lang='lat' dir='ltr'>Theodosii</span> <span class='ocrx_word' id='word_1_84' title='bbox 837 645 913 688; x_wconf 84' lang='lat' dir='ltr'>lege</span> <span class='ocrx_word' id='word_1_85' title='bbox 930 648 976 677; x_wconf 92' lang='lat' dir='ltr'>uti</span> <span class='ocrx_word' id='word_1_86' title='bbox 994 657 1098 687; x_wconf 88' lang='lat' dir='ltr'>posse</span> 
     </span>
     <span class='ocr_line' id='line_1_13' title="bbox 121 690 258 720; baseline 0 0"><span class='ocrx_word' id='word_1_87' title='bbox 121 690 258 720; x_wconf 86' lang='lat' dir='ltr'>videtur.</span> 
     </span>
    </p>

    <p class='ocr_par' dir='ltr' id='par_1_3' title="bbox 119 729 1098 1104">
     <span class='ocr_line' id='line_1_14' title="bbox 207 729 1097 771; baseline 0 -10"><span class='ocrx_word' id='word_1_88' title='bbox 207 731 345 771; x_wconf 88' lang='lat' dir='ltr'>Imperia</span> <span class='ocrx_word' id='word_1_89' title='bbox 379 729 511 771; x_wconf 87' lang='lat' dir='ltr'>politica</span> <span class='ocrx_word' id='word_1_90' title='bbox 547 729 615 761; x_wconf 87' lang='lat' dir='ltr'>vult</span> <span class='ocrx_word' id='word_1_91' title='bbox 637 729 730 761; x_wconf 86' lang='lat' dir='ltr'>Deus</span> <span class='ocrx_word' id='word_1_92' title='bbox 755 730 871 761; x_wconf 90' lang='lat' dir='ltr'>honori</span> <span class='ocrx_word' id='word_1_93' title='bbox 901 741 979 761; x_wconf 70' lang='lat' dir='ltr'>esse</span> <span class='ocrx_word' id='word_1_94' title='bbox 1002 731 1097 761; x_wconf 78' lang='lat' dir='ltr'>bonis</span> 
     </span>
     <span class='ocr_line' id='line_1_15' title="bbox 121 772 1098 814; baseline -0.002 -9"><span class='ocrx_word' id='word_1_95' title='bbox 121 780 153 805; x_wconf 89' lang='lat' dir='ltr'>et</span> <span class='ocrx_word' id='word_1_96' title='bbox 175 773 294 804; x_wconf 87' lang='lat' dir='ltr'>terrori</span> <span class='ocrx_word' id='word_1_97' title='bbox 317 772 423 803; x_wconf 84' lang='lat' dir='ltr'>malis.</span> <span class='ocrx_word' id='word_1_98' title='bbox 468 772 548 803; x_wconf 90' lang='lat' dir='ltr'>Vult</span> <span class='ocrx_word' id='word_1_99' title='bbox 568 773 662 804; x_wconf 89' lang='lat' dir='ltr'>Deus</span> <span class='ocrx_word' id='word_1_100' title='bbox 685 773 751 814; x_wconf 91' lang='lat' dir='ltr'>tegi</span> <span class='ocrx_word' id='word_1_101' title='bbox 775 783 844 810; x_wconf 77' lang='lat' dir='ltr'>eos,</span> <span class='ocrx_word' id='word_1_102' title='bbox 870 783 1007 814; x_wconf 80' lang='lat' dir='ltr'>quorum</span> <span class='ocrx_word' id='word_1_103' title='bbox 1031 784 1098 804; x_wconf 88' lang='lat' dir='ltr'>mo-</span> 
     </span>
     <span class='ocr_line' id='line_1_16' title="bbox 120 814 1098 856; baseline -0.001 -9"><span class='ocrx_word' id='word_1_104' title='bbox 120 827 175 847; x_wconf 91' lang='lat' dir='ltr'>res</span> <span class='ocrx_word' id='word_1_105' title='bbox 210 822 285 847; x_wconf 86' lang='lat' dir='ltr'>sunt</span> <span class='ocrx_word' id='word_1_106' title='bbox 319 816 391 846; x_wconf 80' lang='lat' dir='ltr'>sine</span> <span class='ocrx_word' id='word_1_107' title='bbox 416 815 560 853; x_wconf 84' lang='lat' dir='ltr'>scelere,</span> <span class='ocrx_word' id='word_1_108' title='bbox 594 814 662 847; x_wconf 82' lang='lat' dir='ltr'>vult</span> <span class='ocrx_word' id='word_1_109' title='bbox 687 817 735 846; x_wconf 86' lang='lat' dir='ltr'>eis</span> <span class='ocrx_word' id='word_1_110' title='bbox 759 817 896 847; x_wconf 86' lang='lat' dir='ltr'>concedi</span> <span class='ocrx_word' id='word_1_111' title='bbox 919 826 1034 856; x_wconf 83' lang='lat' dir='ltr'>pacem</span> <span class='ocrx_word' id='word_1_112' title='bbox 1057 817 1098 846; x_wconf 89' lang='lat' dir='ltr'>ad</span> 
     </span>
     <span class='ocr_line' id='line_1_17' title="bbox 120 859 1098 895; baseline -0.001 -6"><span class='ocrx_word' id='word_1_113' title='bbox 120 859 381 895; x_wconf 85' lang='lat' dir='ltr'>invocationem,</span> <span class='ocrx_word' id='word_1_114' title='bbox 416 860 456 889; x_wconf 85' lang='lat' dir='ltr'>ad</span> <span class='ocrx_word' id='word_1_115' title='bbox 493 859 720 890; x_wconf 84' lang='lat' dir='ltr'>educationem</span> <span class='ocrx_word' id='word_1_116' title='bbox 745 865 777 889; x_wconf 89' lang='lat' dir='ltr'>et</span> <span class='ocrx_word' id='word_1_117' title='bbox 799 859 840 889; x_wconf 88' lang='lat' dir='ltr'>ad</span> <span class='ocrx_word' id='word_1_118' title='bbox 864 859 1098 889; x_wconf 88' lang='lat' dir='ltr'>institutionem</span> 
     </span>
     <span class='ocr_line' id='line_1_18' title="bbox 120 899 1098 941; baseline 0 -10"><span class='ocrx_word' id='word_1_119' title='bbox 120 899 260 939; x_wconf 87' lang='lat' dir='ltr'>sobolis,</span> <span class='ocrx_word' id='word_1_120' title='bbox 284 900 352 932; x_wconf 84' lang='lat' dir='ltr'>vult</span> <span class='ocrx_word' id='word_1_121' title='bbox 374 900 521 931; x_wconf 79' lang='lat' dir='ltr'>latrones</span> <span class='ocrx_word' id='word_1_122' title='bbox 545 902 692 941; x_wconf 76' lang='lat' dir='ltr'>reprimi,</span> <span class='ocrx_word' id='word_1_123' title='bbox 726 902 796 931; x_wconf 90' lang='lat' dir='ltr'>sive</span> <span class='ocrx_word' id='word_1_124' title='bbox 816 902 900 931; x_wconf 91' lang='lat' dir='ltr'>domi</span> <span class='ocrx_word' id='word_1_125' title='bbox 925 902 995 931; x_wconf 87' lang='lat' dir='ltr'>sive</span> <span class='ocrx_word' id='word_1_126' title='bbox 1018 899 1098 931; x_wconf 86' lang='lat' dir='ltr'>foris</span> 
     </span>
     <span class='ocr_line' id='line_1_19' title="bbox 120 943 1098 984; baseline 0 -10"><span class='ocrx_word' id='word_1_127' title='bbox 120 943 292 975; x_wconf 87' lang='lat' dir='ltr'>latrocinia</span> <span class='ocrx_word' id='word_1_128' title='bbox 311 950 497 974; x_wconf 74' lang='lat' dir='ltr'>exerceant.</span> <span class='ocrx_word' id='word_1_129' title='bbox 520 944 591 974; x_wconf 76' lang='lat' dir='ltr'>Nec</span> <span class='ocrx_word' id='word_1_130' title='bbox 607 944 724 974; x_wconf 85' lang='lat' dir='ltr'>desunt</span> <span class='ocrx_word' id='word_1_131' title='bbox 743 954 886 984; x_wconf 85' lang='lat' dir='ltr'>unquam</span> <span class='ocrx_word' id='word_1_132' title='bbox 910 945 942 974; x_wconf 92' lang='lat' dir='ltr'>in</span> <span class='ocrx_word' id='word_1_133' title='bbox 954 944 1098 984; x_wconf 84' lang='lat' dir='ltr'>imperiis</span> 
     </span>
     <span class='ocr_line' id='line_1_20' title="bbox 120 986 1097 1027; baseline -0.001 -11"><span class='ocrx_word' id='word_1_134' title='bbox 120 986 270 1018; x_wconf 86' lang='lat' dir='ltr'>homines</span> <span class='ocrx_word' id='word_1_135' title='bbox 295 992 519 1023; x_wconf 80' lang='lat' dir='ltr'>contumaces,</span> <span class='ocrx_word' id='word_1_136' title='bbox 544 987 656 1017; x_wconf 85' lang='lat' dir='ltr'>iniusti</span> <span class='ocrx_word' id='word_1_137' title='bbox 675 993 706 1017; x_wconf 93' lang='lat' dir='ltr'>et</span> <span class='ocrx_word' id='word_1_138' title='bbox 731 986 879 1027; x_wconf 56' lang='grc' dir='ltr'><em>ἄστοργοι,</em></span> <span class='ocrx_word' id='word_1_139' title='bbox 904 992 1097 1017; x_wconf 52' lang='lat' dir='ltr'>exercentes</span> 
     </span>
     <span class='ocr_line' id='line_1_21' title="bbox 121 1028 1096 1069; baseline -0.001 -9"><span class='ocrx_word' id='word_1_140' title='bbox 121 1029 153 1059; x_wconf 91' lang='lat' dir='ltr'>in</span> <span class='ocrx_word' id='word_1_141' title='bbox 181 1039 263 1060; x_wconf 83' lang='lat' dir='ltr'>suos</span> <span class='ocrx_word' id='word_1_142' title='bbox 277 1030 429 1060; x_wconf 88' lang='lat' dir='ltr'>iniustam</span> <span class='ocrx_word' id='word_1_143' title='bbox 441 1030 622 1064; x_wconf 79' lang='lat' dir='ltr'>saevitiam,</span> <span class='ocrx_word' id='word_1_144' title='bbox 643 1028 758 1069; x_wconf 87' lang='lat' dir='ltr'>quales</span> <span class='ocrx_word' id='word_1_145' title='bbox 774 1029 919 1060; x_wconf 88' lang='lat' dir='ltr'>nominat</span> <span class='ocrx_word' id='word_1_146' title='bbox 934 1028 1096 1059; x_wconf 83' lang='lat' dir='ltr'>Dominus</span> 
     </span>
     <span class='ocr_line' id='line_1_22' title="bbox 119 1071 683 1104; baseline 0.002 -3"><span class='ocrx_word' id='word_1_147' title='bbox 119 1072 151 1102; x_wconf 90' lang='lat' dir='ltr'>in</span> <span class='ocrx_word' id='word_1_148' title='bbox 175 1071 240 1103; x_wconf 84' lang='lat' dir='ltr'>hac</span> <span class='ocrx_word' id='word_1_149' title='bbox 264 1073 424 1104; x_wconf 88' lang='lat' dir='ltr'>concione</span> <span class='ocrx_word' id='word_1_150' title='bbox 448 1072 549 1102; x_wconf 86' lang='lat' dir='ltr'>duros</span> <span class='ocrx_word' id='word_1_151' title='bbox 573 1072 683 1102; x_wconf 87' lang='lat' dir='ltr'>corde.</span> 
     </span>
    </p>
   </div>
   <div class='ocr_carea' id='block_1_3' title="bbox 119 1198 1097 1284">
    <p class='ocr_par' dir='ltr' id='par_1_4' title="bbox 119 1198 1097 1284">
     <span class='ocr_line' id='line_1_23' title="bbox 119 1198 1097 1241; baseline -0.001 -11"><span class='ocrx_word' id='word_1_152' title='bbox 119 1199 171 1231; x_wconf 82' lang='lat' dir='ltr'>An</span> <span class='ocrx_word' id='word_1_153' title='bbox 201 1206 336 1241; x_wconf 88' lang='lat' dir='ltr'>propter</span> <span class='ocrx_word' id='word_1_154' title='bbox 359 1201 495 1231; x_wconf 80' lang='lat' dir='ltr'>morbos</span> <span class='ocrx_word' id='word_1_155' title='bbox 520 1200 735 1241; x_wconf 83' lang='lat' dir='ltr'>contagiosos</span> <span class='ocrx_word' id='word_1_156' title='bbox 759 1205 789 1230; x_wconf 86' lang='lat' dir='ltr'>et</span> <span class='ocrx_word' id='word_1_157' title='bbox 812 1198 1027 1236; x_wconf 77' lang='lat' dir='ltr'>incurabiles,</span> <span class='ocrx_word' id='word_1_158' title='bbox 1063 1203 1097 1229; x_wconf 88' lang='lat' dir='ltr'>ut</span> 
     </span>
     <span class='ocr_line' id='line_1_24' title="bbox 236 1241 980 1284; baseline -0.004 -11"><span class='ocrx_word' id='word_1_159' title='bbox 236 1249 372 1284; x_wconf 86' lang='lat' dir='ltr'>propter</span> <span class='ocrx_word' id='word_1_160' title='bbox 394 1243 548 1283; x_wconf 84' lang='lat' dir='ltr'>Lepram,</span> <span class='ocrx_word' id='word_1_161' title='bbox 572 1243 746 1273; x_wconf 89' lang='lat' dir='ltr'>divortium</span> <span class='ocrx_word' id='word_1_162' title='bbox 770 1241 840 1272; x_wconf 86' lang='lat' dir='ltr'>fieri</span> <span class='ocrx_word' id='word_1_163' title='bbox 863 1243 980 1281; x_wconf 79' lang='lat' dir='ltr'>possit.</span> 
     </span>
    </p>
   </div>
   <div class='ocr_carea' id='block_1_4' title="bbox 119 1324 1100 2295">
    <p class='ocr_par' dir='ltr' id='par_1_5' title="bbox 119 1324 1100 1962">
     <span class='ocr_line' id='line_1_25' title="bbox 204 1324 1099 1367; baseline -0.001 -11"><span class='ocrx_word' id='word_1_164' title='bbox 204 1326 416 1367; x_wconf 85' lang='lat' dir='ltr'>RespondeO.</span> <span class='ocrx_word' id='word_1_165' title='bbox 452 1325 555 1356; x_wconf 87' lang='lat' dir='ltr'>Plane</span> <span class='ocrx_word' id='word_1_166' title='bbox 574 1332 605 1356; x_wconf 89' lang='lat' dir='ltr'>et</span> <span class='ocrx_word' id='word_1_167' title='bbox 628 1326 801 1366; x_wconf 81' lang='lat' dir='ltr'>perspicue</span> <span class='ocrx_word' id='word_1_168' title='bbox 813 1324 954 1362; x_wconf 89' lang='lat' dir='ltr'>affirmo,</span> <span class='ocrx_word' id='word_1_169' title='bbox 978 1335 1099 1365; x_wconf 90' lang='lat' dir='ltr'>nequa-</span> 
     </span>
     <span class='ocr_line' id='line_1_26' title="bbox 120 1366 1099 1410; baseline -0.002 -11"><span class='ocrx_word' id='word_1_170' title='bbox 120 1379 218 1410; x_wconf 88' lang='lat' dir='ltr'>quam</span> <span class='ocrx_word' id='word_1_171' title='bbox 251 1366 404 1399; x_wconf 82' lang='lat' dir='ltr'>facienda</span> <span class='ocrx_word' id='word_1_172' title='bbox 439 1378 515 1398; x_wconf 83' lang='lat' dir='ltr'>esse</span> <span class='ocrx_word' id='word_1_173' title='bbox 545 1369 685 1398; x_wconf 85' lang='lat' dir='ltr'>divortia</span> <span class='ocrx_word' id='word_1_174' title='bbox 709 1373 843 1408; x_wconf 90' lang='lat' dir='ltr'>propter</span> <span class='ocrx_word' id='word_1_175' title='bbox 867 1368 1013 1405; x_wconf 87' lang='lat' dir='ltr'>morbos,</span> <span class='ocrx_word' id='word_1_176' title='bbox 1036 1377 1099 1398; x_wconf 90' lang='lat' dir='ltr'>nec</span> 
     </span>
     <span class='ocr_line' id='line_1_27' title="bbox 119 1410 1098 1451; baseline -0.002 -9"><span class='ocrx_word' id='word_1_177' title='bbox 119 1411 336 1443; x_wconf 91' lang='lat' dir='ltr'>deserendum</span> <span class='ocrx_word' id='word_1_178' title='bbox 360 1420 437 1440; x_wconf 89' lang='lat' dir='ltr'>esse</span> <span class='ocrx_word' id='word_1_179' title='bbox 460 1416 632 1451; x_wconf 82' lang='lat' dir='ltr'>aegrotum</span> <span class='ocrx_word' id='word_1_180' title='bbox 656 1411 821 1447; x_wconf 87' lang='lat' dir='ltr'>maritum,</span> <span class='ocrx_word' id='word_1_181' title='bbox 854 1419 916 1439; x_wconf 87' lang='lat' dir='ltr'>nec</span> <span class='ocrx_word' id='word_1_182' title='bbox 945 1410 1098 1440; x_wconf 87' lang='lat' dir='ltr'>deseren-</span> 
     </span>
     <span class='ocr_line' id='line_1_28' title="bbox 119 1453 1097 1493; baseline -0.003 -9"><span class='ocrx_word' id='word_1_183' title='bbox 119 1454 194 1484; x_wconf 88' lang='lat' dir='ltr'>dam</span> <span class='ocrx_word' id='word_1_184' title='bbox 228 1463 305 1483; x_wconf 85' lang='lat' dir='ltr'>esse</span> <span class='ocrx_word' id='word_1_185' title='bbox 338 1459 506 1493; x_wconf 75' lang='lat' dir='ltr'>aegrotam</span> <span class='ocrx_word' id='word_1_186' title='bbox 536 1463 689 1489; x_wconf 72' lang='lat' dir='ltr'>uxorem,</span> <span class='ocrx_word' id='word_1_187' title='bbox 724 1453 799 1493; x_wconf 86' lang='lat' dir='ltr'>quia</span> <span class='ocrx_word' id='word_1_188' title='bbox 818 1461 948 1491; x_wconf 81' lang='lat' dir='ltr'>semper</span> <span class='ocrx_word' id='word_1_189' title='bbox 971 1458 1097 1491; x_wconf 84' lang='lat' dir='ltr'>oportet</span> 
     </span>
     <span class='ocr_line' id='line_1_29' title="bbox 119 1493 1098 1537; baseline -0.003 -11"><span class='ocrx_word' id='word_1_190' title='bbox 119 1496 204 1526; x_wconf 90' lang='lat' dir='ltr'>hanc</span> <span class='ocrx_word' id='word_1_191' title='bbox 228 1493 375 1537; x_wconf 86' lang='lat' dir='ltr'>regulam</span> <span class='ocrx_word' id='word_1_192' title='bbox 401 1505 476 1525; x_wconf 79' lang='lat' dir='ltr'>esse</span> <span class='ocrx_word' id='word_1_193' title='bbox 501 1494 624 1525; x_wconf 86' lang='lat' dir='ltr'>firmam</span> <span class='ocrx_word' id='word_1_194' title='bbox 649 1501 679 1525; x_wconf 90' lang='lat' dir='ltr'>et</span> <span class='ocrx_word' id='word_1_195' title='bbox 704 1495 868 1525; x_wconf 89' lang='lat' dir='ltr'>immotam</span> <span class='ocrx_word' id='word_1_196' title='bbox 894 1494 1022 1530; x_wconf 78' lang='lat' dir='ltr'>[Matth.</span> <span class='ocrx_word' id='word_1_197' title='bbox 1049 1493 1098 1531; x_wconf 74' lang='lat'>19,</span> 
     </span>
     <span class='ocr_line' id='line_1_30' title="bbox 119 1537 1097 1577; baseline -0.003 -9"><span class='ocrx_word' id='word_1_198' title='bbox 119 1539 182 1577; x_wconf 83' lang='lat'>6.]:</span> <span class='ocrx_word' id='word_1_199' title='bbox 229 1537 321 1573; x_wconf 69' lang='lat' dir='ltr'>Quos</span> <span class='ocrx_word' id='word_1_200' title='bbox 356 1537 450 1568; x_wconf 76' lang='lat' dir='ltr'>Deus</span> <span class='ocrx_word' id='word_1_201' title='bbox 491 1538 675 1574; x_wconf 86' lang='lat' dir='ltr'>coniunxit,</span> <span class='ocrx_word' id='word_1_202' title='bbox 720 1537 820 1567; x_wconf 91' lang='lat' dir='ltr'>homo</span> <span class='ocrx_word' id='word_1_203' title='bbox 855 1546 920 1566; x_wconf 88' lang='lat' dir='ltr'>non</span> <span class='ocrx_word' id='word_1_204' title='bbox 955 1542 1097 1577; x_wconf 89' lang='lat' dir='ltr'>separet.</span> 
     </span>
     <span class='ocr_line' id='line_1_31' title="bbox 120 1577 1099 1621; baseline -0.004 -9"><span class='ocrx_word' id='word_1_205' title='bbox 120 1581 232 1616; x_wconf 80' lang='lat' dir='ltr'>Quare</span> <span class='ocrx_word' id='word_1_206' title='bbox 256 1581 362 1610; x_wconf 88' lang='lat' dir='ltr'>omnis</span> <span class='ocrx_word' id='word_1_207' title='bbox 386 1590 527 1621; x_wconf 79' lang='lat' dir='ltr'>persona</span> <span class='ocrx_word' id='word_1_208' title='bbox 551 1581 685 1617; x_wconf 87' lang='lat' dir='ltr'>vivens,</span> <span class='ocrx_word' id='word_1_209' title='bbox 720 1589 804 1620; x_wconf 86' lang='lat' dir='ltr'>quae</span> <span class='ocrx_word' id='word_1_210' title='bbox 826 1577 943 1609; x_wconf 80' lang='lat' dir='ltr'>volens</span> <span class='ocrx_word' id='word_1_211' title='bbox 966 1577 1099 1609; x_wconf 79' lang='lat' dir='ltr'>inchoat</span> 
     </span>
     <span class='ocr_line' id='line_1_32' title="bbox 120 1620 1099 1661; baseline -0.005 -6"><span class='ocrx_word' id='word_1_212' title='bbox 120 1623 377 1660; x_wconf 76' lang='lat' dir='ltr'>distractionem,</span> <span class='ocrx_word' id='word_1_213' title='bbox 401 1623 471 1653; x_wconf 76' lang='lat' dir='ltr'>sine</span> <span class='ocrx_word' id='word_1_214' title='bbox 494 1621 561 1653; x_wconf 87' lang='lat' dir='ltr'>ulla</span> <span class='ocrx_word' id='word_1_215' title='bbox 585 1623 787 1653; x_wconf 85' lang='lat' dir='ltr'>dubitatione</span> <span class='ocrx_word' id='word_1_216' title='bbox 810 1620 1012 1652; x_wconf 89' lang='lat' dir='ltr'>horribiliter</span> <span class='ocrx_word' id='word_1_217' title='bbox 1024 1631 1099 1661; x_wconf 84' lang='lat' dir='ltr'>pec-</span> 
     </span>
     <span class='ocr_line' id='line_1_33' title="bbox 121 1664 1099 1703; baseline -0.004 -6"><span class='ocrx_word' id='word_1_218' title='bbox 121 1671 184 1703; x_wconf 86' lang='lat' dir='ltr'>cat,</span> <span class='ocrx_word' id='word_1_219' title='bbox 209 1671 243 1697; x_wconf 91' lang='lat' dir='ltr'>ut</span> <span class='ocrx_word' id='word_1_220' title='bbox 266 1664 414 1696; x_wconf 88' lang='lat' dir='ltr'>adultera</span> <span class='ocrx_word' id='word_1_221' title='bbox 439 1676 498 1696; x_wconf 83' lang='lat' dir='ltr'>seu</span> <span class='ocrx_word' id='word_1_222' title='bbox 522 1666 685 1696; x_wconf 81' lang='lat' dir='ltr'>desertrix</span> <span class='ocrx_word' id='word_1_223' title='bbox 708 1664 839 1694; x_wconf 85' lang='lat' dir='ltr'>inchoat</span> <span class='ocrx_word' id='word_1_224' title='bbox 854 1664 1099 1694; x_wconf 73' lang='lat' dir='ltr'>distractionem</span> 
     </span>
     <span class='ocr_line' id='line_1_34' title="bbox 119 1707 1100 1740; baseline -0.003 -1"><span class='ocrx_word' id='word_1_225' title='bbox 119 1707 234 1740; x_wconf 82' lang='lat' dir='ltr'>volens</span> <span class='ocrx_word' id='word_1_226' title='bbox 259 1714 289 1739; x_wconf 90' lang='lat' dir='ltr'>et</span> <span class='ocrx_word' id='word_1_227' title='bbox 314 1707 391 1739; x_wconf 73' lang='lat' dir='ltr'>facit</span> <span class='ocrx_word' id='word_1_228' title='bbox 413 1715 528 1739; x_wconf 88' lang='lat' dir='ltr'>contra</span> <span class='ocrx_word' id='word_1_229' title='bbox 550 1707 638 1738; x_wconf 86' lang='lat' dir='ltr'>hunc</span> <span class='ocrx_word' id='word_1_230' title='bbox 661 1708 807 1737; x_wconf 87' lang='lat' dir='ltr'>ordinem</span> <span class='ocrx_word' id='word_1_231' title='bbox 832 1707 939 1737; x_wconf 89' lang='lat' dir='ltr'>divina</span> <span class='ocrx_word' id='word_1_232' title='bbox 962 1716 1045 1737; x_wconf 81' lang='lat' dir='ltr'>voce</span> <span class='ocrx_word' id='word_1_233' title='bbox 1069 1711 1100 1736; x_wconf 89' lang='lat' dir='ltr'>et</span> 
     </span>
     <span class='ocr_line' id='line_1_35' title="bbox 120 1748 1100 1793; baseline -0.003 -11"><span class='ocrx_word' id='word_1_234' title='bbox 120 1750 194 1793; x_wconf 86' lang='lat' dir='ltr'>lege</span> <span class='ocrx_word' id='word_1_235' title='bbox 217 1751 389 1782; x_wconf 84' lang='lat' dir='ltr'>sancitum.</span> <span class='ocrx_word' id='word_1_236' title='bbox 424 1751 470 1781; x_wconf 89' lang='lat' dir='ltr'>lta</span> <span class='ocrx_word' id='word_1_237' title='bbox 497 1752 524 1780; x_wconf 91' lang='lat' dir='ltr'>si</span> <span class='ocrx_word' id='word_1_238' title='bbox 549 1760 693 1791; x_wconf 86' lang='lat' dir='ltr'>persona</span> <span class='ocrx_word' id='word_1_239' title='bbox 714 1756 803 1780; x_wconf 77' lang='lat' dir='ltr'>recte</span> <span class='ocrx_word' id='word_1_240' title='bbox 826 1748 943 1780; x_wconf 86' lang='lat' dir='ltr'>valens</span> <span class='ocrx_word' id='word_1_241' title='bbox 966 1748 1100 1779; x_wconf 87' lang='lat' dir='ltr'>inchoa-</span> 
     </span>
     <span class='ocr_line' id='line_1_36' title="bbox 121 1790 1099 1831; baseline -0.003 -7"><span class='ocrx_word' id='word_1_242' title='bbox 121 1800 169 1825; x_wconf 88' lang='lat' dir='ltr'>ret</span> <span class='ocrx_word' id='word_1_243' title='bbox 194 1795 452 1831; x_wconf 81' lang='lat' dir='ltr'>distractionem,</span> <span class='ocrx_word' id='word_1_244' title='bbox 476 1799 565 1824; x_wconf 82' lang='lat' dir='ltr'>esset</span> <span class='ocrx_word' id='word_1_245' title='bbox 589 1791 702 1823; x_wconf 88' lang='lat' dir='ltr'>similis</span> <span class='ocrx_word' id='word_1_246' title='bbox 726 1793 894 1823; x_wconf 88' lang='lat' dir='ltr'>desertrici</span> <span class='ocrx_word' id='word_1_247' title='bbox 919 1798 950 1822; x_wconf 91' lang='lat' dir='ltr'>et</span> <span class='ocrx_word' id='word_1_248' title='bbox 974 1790 1099 1822; x_wconf 89' lang='lat' dir='ltr'>adulte-</span> 
     </span>
     <span class='ocr_line' id='line_1_37' title="bbox 121 1833 1100 1877; baseline -0.003 -10"><span class='ocrx_word' id='word_1_249' title='bbox 121 1847 179 1867; x_wconf 91' lang='lat' dir='ltr'>rae</span> <span class='ocrx_word' id='word_1_250' title='bbox 213 1842 245 1867; x_wconf 89' lang='lat' dir='ltr'>et</span> <span class='ocrx_word' id='word_1_251' title='bbox 278 1846 335 1867; x_wconf 90' lang='lat' dir='ltr'>rea</span> <span class='ocrx_word' id='word_1_252' title='bbox 359 1837 468 1877; x_wconf 82' lang='lat' dir='ltr'>magni</span> <span class='ocrx_word' id='word_1_253' title='bbox 492 1835 639 1866; x_wconf 83' lang='lat' dir='ltr'>sceleris.</span> <span class='ocrx_word' id='word_1_254' title='bbox 684 1835 767 1865; x_wconf 80' lang='lat' dir='ltr'>Nam</span> <span class='ocrx_word' id='word_1_255' title='bbox 791 1833 980 1872; x_wconf 84' lang='lat' dir='ltr'>calamitas,</span> <span class='ocrx_word' id='word_1_256' title='bbox 1016 1844 1100 1875; x_wconf 87' lang='lat' dir='ltr'>quae</span> 
     </span>
     <span class='ocr_line' id='line_1_38' title="bbox 120 1876 1100 1919; baseline -0.003 -9"><span class='ocrx_word' id='word_1_257' title='bbox 120 1880 204 1910; x_wconf 89' lang='lat' dir='ltr'>inter</span> <span class='ocrx_word' id='word_1_258' title='bbox 226 1880 377 1910; x_wconf 87' lang='lat' dir='ltr'>viventes</span> <span class='ocrx_word' id='word_1_259' title='bbox 400 1879 518 1910; x_wconf 88' lang='lat' dir='ltr'>accidit</span> <span class='ocrx_word' id='word_1_260' title='bbox 542 1880 613 1909; x_wconf 82' lang='lat' dir='ltr'>sinc</span> <span class='ocrx_word' id='word_1_261' title='bbox 637 1877 745 1919; x_wconf 87' lang='lat' dir='ltr'>culpa,</span> <span class='ocrx_word' id='word_1_262' title='bbox 765 1887 968 1918; x_wconf 87' lang='lat' dir='ltr'>nequaquam</span> <span class='ocrx_word' id='word_1_263' title='bbox 982 1876 1100 1908; x_wconf 87' lang='lat' dir='ltr'>dissol-</span> 
     </span>
     <span class='ocr_line' id='line_1_39' title="bbox 121 1920 516 1962; baseline -0.003 -10"><span class='ocrx_word' id='word_1_264' title='bbox 121 1922 166 1952; x_wconf 88' lang='lat' dir='ltr'>vit</span> <span class='ocrx_word' id='word_1_265' title='bbox 190 1920 364 1962; x_wconf 84' lang='lat' dir='ltr'>coniugale</span> <span class='ocrx_word' id='word_1_266' title='bbox 388 1920 516 1952; x_wconf 83' lang='lat' dir='ltr'>foedus.</span> 
     </span>
    </p>

    <p class='ocr_par' dir='ltr' id='par_1_6' title="bbox 119 1962 1100 2295">
     <span class='ocr_line' id='line_1_40' title="bbox 207 1962 1100 2004; baseline -0.003 -10"><span class='ocrx_word' id='word_1_267' title='bbox 207 1964 324 1994; x_wconf 84' lang='lat' dir='ltr'>Omnia</span> <span class='ocrx_word' id='word_1_268' title='bbox 353 1964 451 2004; x_wconf 84' lang='lat' dir='ltr'>igitur</span> <span class='ocrx_word' id='word_1_269' title='bbox 473 1964 577 2001; x_wconf 73' lang='lat' dir='ltr'>dicta,</span> <span class='ocrx_word' id='word_1_270' title='bbox 612 1973 696 2004; x_wconf 85' lang='lat' dir='ltr'>quae</span> <span class='ocrx_word' id='word_1_271' title='bbox 719 1962 892 2002; x_wconf 86' lang='lat' dir='ltr'>prohibent</span> <span class='ocrx_word' id='word_1_272' title='bbox 917 1962 1100 1993; x_wconf 82' lang='lat' dir='ltr'>distractio-</span> 
     </span>
     <span class='ocr_line' id='line_1_41' title="bbox 120 2004 1099 2047; baseline -0.004 -9"><span class='ocrx_word' id='word_1_273' title='bbox 120 2017 208 2044; x_wconf 88' lang='lat' dir='ltr'>nem,</span> <span class='ocrx_word' id='word_1_274' title='bbox 226 2012 413 2047; x_wconf 80' lang='lat' dir='ltr'>proponant</span> <span class='ocrx_word' id='word_1_275' title='bbox 437 2007 498 2037; x_wconf 84' lang='lat' dir='ltr'>sibi</span> <span class='ocrx_word' id='word_1_276' title='bbox 523 2005 671 2036; x_wconf 84' lang='lat' dir='ltr'>homines</span> <span class='ocrx_word' id='word_1_277' title='bbox 691 2006 841 2035; x_wconf 81' lang='lat' dir='ltr'>timentes</span> <span class='ocrx_word' id='word_1_278' title='bbox 864 2004 981 2035; x_wconf 88' lang='lat' dir='ltr'>Deum.</span> <span class='ocrx_word' id='word_1_279' title='bbox 1017 2004 1099 2034; x_wconf 90' lang='lat' dir='ltr'>Gen.</span> 
     </span>
     <span class='ocr_line' id='line_1_42' title="bbox 119 2046 1099 2088; baseline -0.002 -9"><span class='ocrx_word' id='word_1_280' title='bbox 119 2050 151 2079; x_wconf 80' lang='lat'>2.</span> <span class='ocrx_word' id='word_1_281' title='bbox 188 2052 252 2088; x_wconf 82' lang='lat' dir='ltr'>[vs.</span> <span class='ocrx_word' id='word_1_282' title='bbox 276 2049 341 2088; x_wconf 70' lang='lat'>24.]</span> <span class='ocrx_word' id='word_1_283' title='bbox 376 2048 479 2079; x_wconf 88' lang='lat' dir='ltr'>Erunt</span> <span class='ocrx_word' id='word_1_284' title='bbox 515 2050 580 2079; x_wconf 89' lang='lat' dir='ltr'>duo</span> <span class='ocrx_word' id='word_1_285' title='bbox 603 2049 635 2079; x_wconf 87' lang='lat' dir='ltr'>in</span> <span class='ocrx_word' id='word_1_286' title='bbox 660 2058 790 2079; x_wconf 86' lang='lat' dir='ltr'>carnem</span> <span class='ocrx_word' id='word_1_287' title='bbox 814 2058 922 2078; x_wconf 87' lang='lat' dir='ltr'>unam.</span> <span class='ocrx_word' id='word_1_288' title='bbox 970 2047 997 2077; x_wconf 91' lang='grc'>1.</span> <span class='ocrx_word' id='word_1_289' title='bbox 1022 2046 1099 2078; x_wconf 91' lang='lat' dir='ltr'>Cor.</span> 
     </span>
     <span class='ocr_line' id='line_1_43' title="bbox 120 2090 1100 2132; baseline -0.003 -10"><span class='ocrx_word' id='word_1_290' title='bbox 120 2092 151 2122; x_wconf 83' lang='lat'>7.</span> <span class='ocrx_word' id='word_1_291' title='bbox 177 2094 242 2130; x_wconf 87' lang='lat' dir='ltr'>[vs.</span> <span class='ocrx_word' id='word_1_292' title='bbox 266 2092 310 2130; x_wconf 84' lang='lat'>4.]</span> <span class='ocrx_word' id='word_1_293' title='bbox 351 2091 409 2122; x_wconf 91' lang='lat' dir='ltr'>Vir</span> <span class='ocrx_word' id='word_1_294' title='bbox 432 2102 497 2123; x_wconf 92' lang='lat' dir='ltr'>non</span> <span class='ocrx_word' id='word_1_295' title='bbox 520 2090 619 2122; x_wconf 90' lang='lat' dir='ltr'>habet</span> <span class='ocrx_word' id='word_1_296' title='bbox 643 2096 841 2132; x_wconf 87' lang='lat' dir='ltr'>potestatem</span> <span class='ocrx_word' id='word_1_297' title='bbox 864 2090 1013 2130; x_wconf 87' lang='lat' dir='ltr'>corporis</span> <span class='ocrx_word' id='word_1_298' title='bbox 1037 2091 1100 2127; x_wconf 83' lang='lat' dir='ltr'>sui,</span> 
     </span>
     <span class='ocr_line' id='line_1_44' title="bbox 121 2132 1098 2175; baseline -0.003 -10"><span class='ocrx_word' id='word_1_299' title='bbox 121 2134 181 2165; x_wconf 88' lang='lat' dir='ltr'>sed</span> <span class='ocrx_word' id='word_1_300' title='bbox 199 2144 305 2171; x_wconf 70' lang='lat' dir='ltr'>uxor3</span> <span class='ocrx_word' id='word_1_301' title='bbox 327 2134 399 2165; x_wconf 86' lang='lat' dir='ltr'>Nec</span> <span class='ocrx_word' id='word_1_302' title='bbox 420 2145 506 2166; x_wconf 70' lang='lat' dir='ltr'>uxor</span> <span class='ocrx_word' id='word_1_303' title='bbox 524 2139 722 2175; x_wconf 83' lang='lat' dir='ltr'>potestatem</span> <span class='ocrx_word' id='word_1_304' title='bbox 744 2132 841 2163; x_wconf 87' lang='lat' dir='ltr'>habet</span> <span class='ocrx_word' id='word_1_305' title='bbox 862 2133 1012 2173; x_wconf 85' lang='lat' dir='ltr'>corporis</span> <span class='ocrx_word' id='word_1_306' title='bbox 1036 2133 1098 2169; x_wconf 87' lang='lat' dir='ltr'>sui,</span> 
     </span>
     <span class='ocr_line' id='line_1_45' title="bbox 121 2174 1099 2219; baseline -0.003 -11"><span class='ocrx_word' id='word_1_307' title='bbox 121 2177 181 2208; x_wconf 86' lang='lat' dir='ltr'>sed</span> <span class='ocrx_word' id='word_1_308' title='bbox 210 2178 355 2208; x_wconf 76' lang='lat' dir='ltr'>maiituS.</span> <span class='ocrx_word' id='word_1_309' title='bbox 401 2177 484 2219; x_wconf 92' lang='lat' dir='ltr'>Eph.</span> <span class='ocrx_word' id='word_1_310' title='bbox 509 2177 539 2207; x_wconf 86' lang='lat'>5.</span> <span class='ocrx_word' id='word_1_311' title='bbox 576 2179 659 2215; x_wconf 87' lang='lat' dir='ltr'>[vss.</span> <span class='ocrx_word' id='word_1_312' title='bbox 688 2176 740 2206; x_wconf 71' lang='lat'>25.</span> <span class='ocrx_word' id='word_1_313' title='bbox 760 2176 825 2213; x_wconf 52' lang='lat'>28]</span> <span class='ocrx_word' id='word_1_314' title='bbox 872 2175 952 2213; x_wconf 86' lang='lat' dir='ltr'>Viri,</span> <span class='ocrx_word' id='word_1_315' title='bbox 976 2174 1099 2216; x_wconf 85' lang='lat' dir='ltr'>diligite</span> 
     </span>
     <span class='ocr_line' id='line_1_46' title="bbox 120 2217 1098 2256; baseline -0.004 -4"><span class='ocrx_word' id='word_1_316' title='bbox 120 2230 246 2252; x_wconf 79' lang='lat' dir='ltr'>uxores</span> <span class='ocrx_word' id='word_1_317' title='bbox 280 2226 420 2251; x_wconf 85' lang='lat' dir='ltr'>vestras.</span> <span class='ocrx_word' id='word_1_318' title='bbox 474 2220 578 2251; x_wconf 86' lang='lat' dir='ltr'>Nemo</span> <span class='ocrx_word' id='word_1_319' title='bbox 605 2229 736 2250; x_wconf 83' lang='lat' dir='ltr'>carnem</span> <span class='ocrx_word' id='word_1_320' title='bbox 759 2229 851 2249; x_wconf 88' lang='lat' dir='ltr'>suam</span> <span class='ocrx_word' id='word_1_321' title='bbox 876 2218 950 2248; x_wconf 92' lang='lat' dir='ltr'>odio</span> <span class='ocrx_word' id='word_1_322' title='bbox 972 2217 1098 2256; x_wconf 84' lang='lat' dir='ltr'>habuit,</span> 
     </span>
     <span class='ocr_line' id='line_1_47' title="bbox 123 2261 540 2295; baseline -0.005 -1"><span class='ocrx_word' id='word_1_323' title='bbox 123 2263 185 2294; x_wconf 85' lang='lat' dir='ltr'>sed</span> <span class='ocrx_word' id='word_1_324' title='bbox 208 2273 280 2294; x_wconf 88' lang='lat' dir='ltr'>eam</span> <span class='ocrx_word' id='word_1_325' title='bbox 305 2261 361 2294; x_wconf 88' lang='lat' dir='ltr'>alit</span> <span class='ocrx_word' id='word_1_326' title='bbox 386 2269 417 2294; x_wconf 87' lang='lat' dir='ltr'>et</span> <span class='ocrx_word' id='word_1_327' title='bbox 440 2262 540 2295; x_wconf 83' lang='lat' dir='ltr'>fovet.</span> 
     </span>
    </p>
   </div>
   <div class='ocr_carea' id='block_1_5' title="bbox 207 2302 1122 2350">
    <p class='ocr_par' dir='ltr' id='par_1_7' title="bbox 207 2302 1122 2350">
     <span class='ocr_line' id='line_1_48' title="bbox 207 2302 1122 2350; baseline -0.004 -13"><span class='ocrx_word' id='word_1_328' title='bbox 207 2304 289 2337; x_wconf 87' lang='lat' dir='ltr'>Cum</span> <span class='ocrx_word' id='word_1_329' title='bbox 323 2306 419 2348; x_wconf 86' lang='lat' dir='ltr'>igitur</span> <span class='ocrx_word' id='word_1_330' title='bbox 452 2311 581 2338; x_wconf 87' lang='lat' dir='ltr'>maneat</span> <span class='ocrx_word' id='word_1_331' title='bbox 605 2303 723 2336; x_wconf 87' lang='lat' dir='ltr'>foedus</span> <span class='ocrx_word' id='word_1_332' title='bbox 749 2302 924 2346; x_wconf 83' lang='lat' dir='ltr'>coniugale</span> <span class='ocrx_word' id='word_1_333' title='bbox 946 2304 1030 2334; x_wconf 87' lang='lat' dir='ltr'>inter</span> <span class='ocrx_word' id='word_1_334' title='bbox 1052 2309 1098 2334; x_wconf 86' lang='lat' dir='ltr'>ta·</span> <span class='ocrx_word' id='word_1_335' title='bbox 1120 2332 1122 2350; x_wconf 29' lang='grc' dir='ltr'><em>ἦ</em></span> 
     </span>
    </p>
   </div>
   <div class='ocr_carea' id='block_1_6' title="bbox 121 2433 1099 2603">
    <p class='ocr_par' dir='ltr' id='par_1_8' title="bbox 121 2433 1099 2603">
     <span class='ocr_line' id='line_1_49' title="bbox 121 2433 1098 2465; baseline -0.002 -6"><span class='ocrx_word' id='word_1_336' title='bbox 121 2434 167 2465; x_wconf 83' lang='grc'>29)</span> <span class='ocrx_word' id='word_1_337' title='bbox 187 2435 255 2460; x_wconf 81' lang='lat' dir='ltr'>Haec</span> <span class='ocrx_word' id='word_1_338' title='bbox 273 2437 312 2460; x_wconf 83' lang='lat' dir='ltr'>est</span> <span class='ocrx_word' id='word_1_339' title='bbox 331 2436 457 2460; x_wconf 83' lang='lat' dir='ltr'>sententia</span> <span class='ocrx_word' id='word_1_340' title='bbox 476 2435 542 2461; x_wconf 79' lang='lat' dir='ltr'>Mimi</span> <span class='ocrx_word' id='word_1_341' title='bbox 561 2434 690 2459; x_wconf 86' lang='lat' dir='ltr'>Publiani.</span> <span class='ocrx_word' id='word_1_342' title='bbox 710 2440 773 2464; x_wconf 79' lang='lat' dir='ltr'>quae</span> <span class='ocrx_word' id='word_1_343' title='bbox 792 2433 846 2458; x_wconf 81' lang='lat' dir='ltr'>vice</span> <span class='ocrx_word' id='word_1_344' title='bbox 864 2433 994 2463; x_wconf 74' lang='lat' dir='ltr'>proverbii</span> <span class='ocrx_word' id='word_1_345' title='bbox 1011 2433 1035 2458; x_wconf 90' lang='lat' dir='ltr'>in</span> <span class='ocrx_word' id='word_1_346' title='bbox 1054 2438 1098 2458; x_wconf 82' lang='lat' dir='ltr'>eos</span> 
     </span>
     <span class='ocr_line' id='line_1_50' title="bbox 191 2468 1099 2500; baseline -0.001 -7"><span class='ocrx_word' id='word_1_347' title='bbox 191 2470 314 2497; x_wconf 76' lang='lat' dir='ltr'>convenit,</span> <span class='ocrx_word' id='word_1_348' title='bbox 333 2470 388 2500; x_wconf 83' lang='lat' dir='ltr'>qui.</span> <span class='ocrx_word' id='word_1_349' title='bbox 407 2470 465 2494; x_wconf 89' lang='lat' dir='ltr'>dum</span> <span class='ocrx_word' id='word_1_350' title='bbox 490 2472 604 2494; x_wconf 84' lang='lat' dir='ltr'>extrema</span> <span class='ocrx_word' id='word_1_351' title='bbox 624 2468 800 2497; x_wconf 78' lang='lat' dir='ltr'>experiuntur,</span> <span class='ocrx_word' id='word_1_352' title='bbox 831 2468 945 2492; x_wconf 84' lang='lat' dir='ltr'>alienant</span> <span class='ocrx_word' id='word_1_353' title='bbox 964 2474 978 2492; x_wconf 87' lang='lat' dir='ltr'>a</span> <span class='ocrx_word' id='word_1_354' title='bbox 998 2474 1025 2491; x_wconf 82' lang='lat' dir='ltr'>se</span> <span class='ocrx_word' id='word_1_355' title='bbox 1045 2473 1099 2493; x_wconf 82' lang='lat' dir='ltr'>eos.</span> 
     </span>
     <span class='ocr_line' id='line_1_51' title="bbox 189 2502 1097 2534; baseline -0.002 -6"><span class='ocrx_word' id='word_1_356' title='bbox 189 2509 247 2528; x_wconf 89' lang='lat' dir='ltr'>cum</span> <span class='ocrx_word' id='word_1_357' title='bbox 273 2504 365 2533; x_wconf 83' lang='lat' dir='ltr'>quibus</span> <span class='ocrx_word' id='word_1_358' title='bbox 393 2506 480 2534; x_wconf 83' lang='lat' dir='ltr'>agunt,</span> <span class='ocrx_word' id='word_1_359' title='bbox 506 2506 529 2528; x_wconf 79' lang='lat' dir='ltr'>et</span> <span class='ocrx_word' id='word_1_360' title='bbox 549 2503 684 2527; x_wconf 82' lang='lat' dir='ltr'>universae</span> <span class='ocrx_word' id='word_1_361' title='bbox 704 2503 740 2526; x_wconf 83' lang='lat' dir='ltr'>rei</span> <span class='ocrx_word' id='word_1_362' title='bbox 759 2502 881 2526; x_wconf 81' lang='lat' dir='ltr'>iacturam</span> <span class='ocrx_word' id='word_1_363' title='bbox 901 2502 1010 2531; x_wconf 76' lang='lat' dir='ltr'>faciunt,</span> <span class='ocrx_word' id='word_1_364' title='bbox 1038 2502 1097 2526; x_wconf 89' lang='lat' dir='ltr'>dum</span> 
     </span>
     <span class='ocr_line' id='line_1_52' title="bbox 188 2537 1097 2567; baseline -0.003 -5"><span class='ocrx_word' id='word_1_365' title='bbox 188 2537 246 2567; x_wconf 83' lang='lat' dir='ltr'>plus</span> <span class='ocrx_word' id='word_1_366' title='bbox 273 2538 336 2563; x_wconf 83' lang='lat' dir='ltr'>satis</span> <span class='ocrx_word' id='word_1_367' title='bbox 364 2539 454 2563; x_wconf 81' lang='lat' dir='ltr'>attenti</span> <span class='ocrx_word' id='word_1_368' title='bbox 472 2540 529 2563; x_wconf 88' lang='lat' dir='ltr'>sunt</span> <span class='ocrx_word' id='word_1_369' title='bbox 549 2537 581 2561; x_wconf 89' lang='lat' dir='ltr'>ad</span> <span class='ocrx_word' id='word_1_370' title='bbox 601 2538 707 2561; x_wconf 85' lang='lat' dir='ltr'>lucrum.</span> <span class='ocrx_word' id='word_1_371' title='bbox 746 2537 823 2561; x_wconf 81' lang='lat' dir='ltr'>Etiam</span> <span class='ocrx_word' id='word_1_372' title='bbox 845 2537 876 2561; x_wconf 85' lang='lat' dir='ltr'>ab</span> <span class='ocrx_word' id='word_1_373' title='bbox 895 2537 1000 2561; x_wconf 82' lang='lat' dir='ltr'>Erasmo</span> <span class='ocrx_word' id='word_1_374' title='bbox 1019 2537 1097 2566; x_wconf 72' lang='lat' dir='ltr'>Adag.</span> 
     </span>
     <span class='ocr_line' id='line_1_53' title="bbox 190 2571 690 2603; baseline -0.004 -7"><span class='ocrx_word' id='word_1_375' title='bbox 190 2572 246 2596; x_wconf 78' lang='lat' dir='ltr'>chii.</span> <span class='ocrx_word' id='word_1_376' title='bbox 266 2572 281 2596; x_wconf 90' lang='lat'>1.</span> <span class='ocrx_word' id='word_1_377' title='bbox 301 2574 365 2597; x_wconf 76' lang='lat' dir='ltr'>cent.</span> <span class='ocrx_word' id='word_1_378' title='bbox 385 2574 409 2598; x_wconf 86' lang='lat' dir='ltr'>V.</span> <span class='ocrx_word' id='word_1_379' title='bbox 428 2579 497 2603; x_wconf 81' lang='lat' dir='ltr'>prov.</span> <span class='ocrx_word' id='word_1_380' title='bbox 516 2572 557 2593; x_wconf 74' lang='grc'>67.</span> <span class='ocrx_word' id='word_1_381' title='bbox 577 2571 690 2596; x_wconf 84' lang='lat' dir='ltr'>affertur.</span> 
     </span>
    </p>
   </div>
   <div class='ocr_carea' id='block_1_7' title="bbox 599 127 1646 162">
    <p class='ocr_par' dir='ltr' id='par_1_9' title="bbox 599 127 1646 162">
     <span class='ocr_line' id='line_1_54' title="bbox 599 127 1646 162; baseline 0.003 -3"><span class='ocrx_word' id='word_1_382' title='bbox 599 127 622 158; x_wconf 91' lang='lat'>1.</span> <span class='ocrx_word' id='word_1_383' title='bbox 651 128 752 160; x_wconf 88' lang='lat' dir='ltr'><strong>LOCI</strong></span> <span class='ocrx_word' id='word_1_384' title='bbox 774 128 1049 161; x_wconf 83' lang='lat' dir='ltr'>THEOLOGICI:</span> <span class='ocrx_word' id='word_1_385' title='bbox 1071 130 1114 161; x_wconf 92' lang='lat' dir='ltr'>D.</span> <span class='ocrx_word' id='word_1_386' title='bbox 1132 129 1291 161; x_wconf 86' lang='lat' dir='ltr'><strong>TERTIA</strong></span> <span class='ocrx_word' id='word_1_387' title='bbox 1313 130 1467 162; x_wconf 82' lang='lat' dir='ltr'>EORUM</span> <span class='ocrx_word' id='word_1_388' title='bbox 1493 130 1646 162; x_wconf 82' lang='lat' dir='ltr'>AETAS.</span> 
     </span>
    </p>
   </div>
   <div class='ocr_carea' id='block_1_8' title="bbox 2038 132 2119 163">
    <p class='ocr_par' dir='ltr' id='par_1_10' title="bbox 2038 132 2119 163">
     <span class='ocr_line' id='line_1_55' title="bbox 2038 132 2119 163; baseline -0.025 0"><span class='ocrx_word' id='word_1_389' title='bbox 2038 132 2119 163; x_wconf 76' lang='lat'>1070</span> 
     </span>
    </p>
   </div>
   <div class='ocr_carea' id='block_1_9' title="bbox 1118 222 2122 1450">
    <p class='ocr_par' dir='ltr' id='par_1_11' title="bbox 1118 222 2121 602">
     <span class='ocr_line' id='line_1_56' title="bbox 1141 222 2119 265; baseline 0.003 -12"><span class='ocrx_word' id='word_1_390' title='bbox 1141 223 1191 254; x_wconf 87' lang='lat' dir='ltr'>les</span> <span class='ocrx_word' id='word_1_391' title='bbox 1210 233 1390 264; x_wconf 77' lang='lat' dir='ltr'>personaS,</span> <span class='ocrx_word' id='word_1_392' title='bbox 1413 234 1495 265; x_wconf 85' lang='lat' dir='ltr'>quas</span> <span class='ocrx_word' id='word_1_393' title='bbox 1518 234 1585 254; x_wconf 89' lang='lat' dir='ltr'>non</span> <span class='ocrx_word' id='word_1_394' title='bbox 1609 224 1757 254; x_wconf 76' lang='lat' dir='ltr'>distraxit</span> <span class='ocrx_word' id='word_1_395' title='bbox 1781 222 1890 264; x_wconf 88' lang='lat' dir='ltr'>culpa,</span> <span class='ocrx_word' id='word_1_396' title='bbox 1911 223 2119 256; x_wconf 82' lang='lat' dir='ltr'>manifestum</span> 
     </span>
     <span class='ocr_line' id='line_1_57' title="bbox 1142 267 2120 308; baseline 0.003 -12"><span class='ocrx_word' id='word_1_397' title='bbox 1142 273 1203 304; x_wconf 87' lang='lat' dir='ltr'>est,</span> <span class='ocrx_word' id='word_1_398' title='bbox 1234 276 1299 296; x_wconf 90' lang='lat' dir='ltr'>non</span> <span class='ocrx_word' id='word_1_399' title='bbox 1323 267 1537 297; x_wconf 88' lang='lat' dir='ltr'>deserendam</span> <span class='ocrx_word' id='word_1_400' title='bbox 1561 276 1637 296; x_wconf 87' lang='lat' dir='ltr'>esse</span> <span class='ocrx_word' id='word_1_401' title='bbox 1660 272 1829 308; x_wconf 85' lang='lat' dir='ltr'>aegrotam</span> <span class='ocrx_word' id='word_1_402' title='bbox 1851 276 2046 306; x_wconf 83' lang='lat' dir='ltr'>personam,</span> <span class='ocrx_word' id='word_1_403' title='bbox 2081 278 2120 299; x_wconf 86' lang='lat' dir='ltr'>ac</span> 
     </span>
     <span class='ocr_line' id='line_1_58' title="bbox 1142 307 2120 350; baseline 0.001 -11"><span class='ocrx_word' id='word_1_404' title='bbox 1142 309 1255 339; x_wconf 90' lang='lat' dir='ltr'>deberi</span> <span class='ocrx_word' id='word_1_405' title='bbox 1276 311 1319 346; x_wconf 84' lang='lat'>3⁰)</span> <span class='ocrx_word' id='word_1_406' title='bbox 1355 310 1384 339; x_wconf 88' lang='lat' dir='ltr'>ei</span> <span class='ocrx_word' id='word_1_407' title='bbox 1418 307 1679 339; x_wconf 84' lang='lat' dir='ltr'>benevolentiam</span> <span class='ocrx_word' id='word_1_408' title='bbox 1714 314 1745 339; x_wconf 86' lang='lat' dir='ltr'>et</span> <span class='ocrx_word' id='word_1_409' title='bbox 1779 308 1931 339; x_wconf 83' lang='lat' dir='ltr'>auxilium</span> <span class='ocrx_word' id='word_1_410' title='bbox 1964 314 2120 350; x_wconf 86' lang='lat' dir='ltr'>tanquam</span> 
     </span>
     <span class='ocr_line' id='line_1_59' title="bbox 1118 351 2120 392; baseline 0.001 -11"><span class='ocrx_word' id='word_1_411' title='bbox 1118 358 1121 386; x_wconf 77' lang='grc' dir='ltr'>ι</span> <span class='ocrx_word' id='word_1_412' title='bbox 1141 353 1274 391; x_wconf 87' lang='lat' dir='ltr'>proprio</span> <span class='ocrx_word' id='word_1_413' title='bbox 1299 352 1440 391; x_wconf 89' lang='lat' dir='ltr'>corpori.</span> <span class='ocrx_word' id='word_1_414' title='bbox 1472 351 1625 381; x_wconf 87' lang='lat' dir='ltr'>Summus</span> <span class='ocrx_word' id='word_1_415' title='bbox 1649 352 1809 382; x_wconf 84' lang='lat' dir='ltr'>amicitiae</span> <span class='ocrx_word' id='word_1_416' title='bbox 1832 353 1955 392; x_wconf 85' lang='lat' dir='ltr'>gradus</span> <span class='ocrx_word' id='word_1_417' title='bbox 1979 358 2029 382; x_wconf 91' lang='lat' dir='ltr'>est</span> <span class='ocrx_word' id='word_1_418' title='bbox 2053 351 2120 382; x_wconf 90' lang='lat' dir='ltr'>foe—</span> 
     </span>
     <span class='ocr_line' id='line_1_60' title="bbox 1118 387 2121 435; baseline 0.001 -12"><span class='ocrx_word' id='word_1_419' title='bbox 1118 387 1121 406; x_wconf 88' lang='lat'>¹</span> <span class='ocrx_word' id='word_1_420' title='bbox 1143 395 1204 424; x_wconf 83' lang='lat' dir='ltr'>dus</span> <span class='ocrx_word' id='word_1_421' title='bbox 1229 392 1412 435; x_wconf 85' lang='lat' dir='ltr'>coniugale.</span> <span class='ocrx_word' id='word_1_422' title='bbox 1458 393 1708 424; x_wconf 76' lang='lat' dir='ltr'>Iniustissimum</span> <span class='ocrx_word' id='word_1_423' title='bbox 1731 399 1781 424; x_wconf 87' lang='lat' dir='ltr'>est</span> <span class='ocrx_word' id='word_1_424' title='bbox 1803 401 1911 424; x_wconf 89' lang='lat' dir='ltr'>autem</span> <span class='ocrx_word' id='word_1_425' title='bbox 1933 395 1964 424; x_wconf 91' lang='lat' dir='ltr'>in</span> <span class='ocrx_word' id='word_1_426' title='bbox 1991 394 2121 425; x_wconf 85' lang='lat' dir='ltr'>calami-</span> 
     </span>
     <span class='ocr_line' id='line_1_61' title="bbox 1142 435 2120 477; baseline 0 -11"><span class='ocrx_word' id='word_1_427' title='bbox 1142 442 1208 466; x_wconf 84' lang='lat' dir='ltr'>tate</span> <span class='ocrx_word' id='word_1_428' title='bbox 1231 437 1368 467; x_wconf 88' lang='lat' dir='ltr'>amicum</span> <span class='ocrx_word' id='word_1_429' title='bbox 1388 436 1543 466; x_wconf 90' lang='lat' dir='ltr'>deserere</span> <span class='ocrx_word' id='word_1_430' title='bbox 1566 442 1714 477; x_wconf 80' lang='lat' dir='ltr'>egentem</span> <span class='ocrx_word' id='word_1_431' title='bbox 1739 436 1859 466; x_wconf 81' lang='lat' dir='ltr'>auxilio</span> <span class='ocrx_word' id='word_1_432' title='bbox 1880 443 1909 466; x_wconf 88' lang='lat' dir='ltr'>et</span> <span class='ocrx_word' id='word_1_433' title='bbox 1932 435 2120 477; x_wconf 82' lang='lat' dir='ltr'>confugien-</span> 
     </span>
     <span class='ocr_line' id='line_1_62' title="bbox 1142 477 2120 514; baseline 0.001 -6"><span class='ocrx_word' id='word_1_434' title='bbox 1142 484 1207 508; x_wconf 89' lang='lat' dir='ltr'>tem</span> <span class='ocrx_word' id='word_1_435' title='bbox 1240 479 1282 508; x_wconf 92' lang='lat' dir='ltr'>ad</span> <span class='ocrx_word' id='word_1_436' title='bbox 1315 479 1410 509; x_wconf 88' lang='lat' dir='ltr'>amici</span> <span class='ocrx_word' id='word_1_437' title='bbox 1434 477 1699 508; x_wconf 82' lang='lat' dir='ltr'>benevolentiam</span> <span class='ocrx_word' id='word_1_438' title='bbox 1722 484 1753 508; x_wconf 88' lang='lat' dir='ltr'>et</span> <span class='ocrx_word' id='word_1_439' title='bbox 1777 479 1884 509; x_wconf 84' lang='lat' dir='ltr'>fidem.</span> <span class='ocrx_word' id='word_1_440' title='bbox 1931 478 2042 514; x_wconf 84' lang='lat' dir='ltr'>Quare</span> <span class='ocrx_word' id='word_1_441' title='bbox 2066 480 2120 509; x_wconf 92' lang='lat' dir='ltr'>de-</span> 
     </span>
     <span class='ocr_line' id='line_1_63' title="bbox 1142 519 2119 561; baseline 0 -11"><span class='ocrx_word' id='word_1_442' title='bbox 1142 520 1243 551; x_wconf 86' lang='lat' dir='ltr'>sertio</span> <span class='ocrx_word' id='word_1_443' title='bbox 1273 522 1422 561; x_wconf 81' lang='lat' dir='ltr'>coniugis</span> <span class='ocrx_word' id='word_1_444' title='bbox 1451 526 1586 561; x_wconf 89' lang='lat' dir='ltr'>propter</span> <span class='ocrx_word' id='word_1_445' title='bbox 1615 519 1850 558; x_wconf 87' lang='lat' dir='ltr'>calamitatem,</span> <span class='ocrx_word' id='word_1_446' title='bbox 1880 521 1911 551; x_wconf 91' lang='lat' dir='ltr'>in</span> <span class='ocrx_word' id='word_1_447' title='bbox 1938 531 2002 561; x_wconf 85' lang='lat' dir='ltr'>qua</span> <span class='ocrx_word' id='word_1_448' title='bbox 2031 520 2119 552; x_wconf 88' lang='lat' dir='ltr'>nulla</span> 
     </span>
     <span class='ocr_line' id='line_1_64' title="bbox 1143 561 1791 602; baseline -0.002 -9"><span class='ocrx_word' id='word_1_449' title='bbox 1143 569 1191 593; x_wconf 90' lang='lat' dir='ltr'>est</span> <span class='ocrx_word' id='word_1_450' title='bbox 1218 562 1325 602; x_wconf 80' lang='lat' dir='ltr'>culpa,</span> <span class='ocrx_word' id='word_1_451' title='bbox 1348 564 1466 593; x_wconf 87' lang='lat' dir='ltr'>iniusta</span> <span class='ocrx_word' id='word_1_452' title='bbox 1490 569 1521 593; x_wconf 87' lang='lat' dir='ltr'>et</span> <span class='ocrx_word' id='word_1_453' title='bbox 1544 561 1708 593; x_wconf 82' lang='lat' dir='ltr'>scelerata</span> <span class='ocrx_word' id='word_1_454' title='bbox 1731 569 1791 593; x_wconf 92' lang='lat' dir='ltr'>est.</span> 
     </span>
    </p>

    <p class='ocr_par' dir='ltr' id='par_1_12' title="bbox 1142 603 2122 1113">
     <span class='ocr_line' id='line_1_65' title="bbox 1230 603 2120 646; baseline 0.001 -11"><span class='ocrx_word' id='word_1_455' title='bbox 1230 605 1367 640; x_wconf 88' lang='lat' dir='ltr'>Quidam</span> <span class='ocrx_word' id='word_1_456' title='bbox 1391 615 1470 635; x_wconf 88' lang='lat' dir='ltr'>vero</span> <span class='ocrx_word' id='word_1_457' title='bbox 1495 603 1670 636; x_wconf 84' lang='lat' dir='ltr'>crudeliter</span> <span class='ocrx_word' id='word_1_458' title='bbox 1693 605 1871 645; x_wconf 85' lang='lat' dir='ltr'>disputant,</span> <span class='ocrx_word' id='word_1_459' title='bbox 1884 605 2054 646; x_wconf 77' lang='lat' dir='ltr'>Leprosos</span> <span class='ocrx_word' id='word_1_460' title='bbox 2079 607 2120 636; x_wconf 62' lang='lat' dir='ltr'>si-</span> 
     </span>
     <span class='ocr_line' id='line_1_66' title="bbox 1142 646 2120 688; baseline 0 -10"><span class='ocrx_word' id='word_1_461' title='bbox 1142 646 1234 678; x_wconf 89' lang='lat' dir='ltr'>miles</span> <span class='ocrx_word' id='word_1_462' title='bbox 1259 657 1335 678; x_wconf 87' lang='lat' dir='ltr'>esse</span> <span class='ocrx_word' id='word_1_463' title='bbox 1358 648 1507 684; x_wconf 75' lang='lat' dir='ltr'>mortuis,</span> <span class='ocrx_word' id='word_1_464' title='bbox 1531 654 1563 677; x_wconf 91' lang='lat' dir='ltr'>et</span> <span class='ocrx_word' id='word_1_465' title='bbox 1582 646 1647 677; x_wconf 90' lang='lat' dir='ltr'>hoc</span> <span class='ocrx_word' id='word_1_466' title='bbox 1670 652 1842 687; x_wconf 87' lang='lat' dir='ltr'>praetextu</span> <span class='ocrx_word' id='word_1_467' title='bbox 1861 646 2036 678; x_wconf 84' lang='lat' dir='ltr'>consulere</span> <span class='ocrx_word' id='word_1_468' title='bbox 2049 658 2120 688; x_wconf 90' lang='lat' dir='ltr'>per-</span> 
     </span>
     <span class='ocr_line' id='line_1_67' title="bbox 1144 688 2121 730; baseline 0 -10"><span class='ocrx_word' id='word_1_469' title='bbox 1144 700 1247 720; x_wconf 89' lang='lat' dir='ltr'>sonae</span> <span class='ocrx_word' id='word_1_470' title='bbox 1270 695 1360 720; x_wconf 90' lang='lat' dir='ltr'>recte</span> <span class='ocrx_word' id='word_1_471' title='bbox 1382 688 1503 719; x_wconf 87' lang='lat' dir='ltr'>valenti</span> <span class='ocrx_word' id='word_1_472' title='bbox 1527 690 1668 720; x_wconf 86' lang='lat' dir='ltr'>student.</span> <span class='ocrx_word' id='word_1_473' title='bbox 1706 689 1772 720; x_wconf 88' lang='lat' dir='ltr'>Sed</span> <span class='ocrx_word' id='word_1_474' title='bbox 1795 689 1859 719; x_wconf 89' lang='lat' dir='ltr'>hoc</span> <span class='ocrx_word' id='word_1_475' title='bbox 1882 689 2051 730; x_wconf 86' lang='lat' dir='ltr'>sophisma</span> <span class='ocrx_word' id='word_1_476' title='bbox 2071 700 2121 720; x_wconf 49' lang='lat' dir='ltr'>rt,h</span> 
     </span>
     <span class='ocr_line' id='line_1_68' title="bbox 1143 730 2120 773; baseline 0 -11"><span class='ocrx_word' id='word_1_477' title='bbox 1143 731 1227 763; x_wconf 90' lang='lat' dir='ltr'>futat</span> <span class='ocrx_word' id='word_1_478' title='bbox 1260 730 1435 762; x_wconf 81' lang='lat' dir='ltr'>manifesta</span> <span class='ocrx_word' id='word_1_479' title='bbox 1470 731 1660 762; x_wconf 84' lang='lat' dir='ltr'>crudelitas.</span> <span class='ocrx_word' id='word_1_480' title='bbox 1717 732 1840 762; x_wconf 83' lang='lat' dir='ltr'>Mortui</span> <span class='ocrx_word' id='word_1_481' title='bbox 1876 742 1941 762; x_wconf 89' lang='lat' dir='ltr'>non</span> <span class='ocrx_word' id='word_1_482' title='bbox 1975 733 2120 773; x_wconf 85' lang='lat' dir='ltr'>indigent</span> 
     </span>
     <span class='ocr_line' id='line_1_69' title="bbox 1144 773 2121 816; baseline 0.001 -12"><span class='ocrx_word' id='word_1_483' title='bbox 1144 774 1281 805; x_wconf 88' lang='lat' dir='ltr'>aliorum</span> <span class='ocrx_word' id='word_1_484' title='bbox 1304 773 1470 804; x_wconf 90' lang='lat' dir='ltr'>hominum</span> <span class='ocrx_word' id='word_1_485' title='bbox 1493 773 1631 809; x_wconf 66' lang='lat' dir='ltr'>anxiliog</span> <span class='ocrx_word' id='word_1_486' title='bbox 1672 774 1821 816; x_wconf 77' lang='lat' dir='ltr'>Aegi-ota</span> <span class='ocrx_word' id='word_1_487' title='bbox 1845 784 1990 814; x_wconf 77' lang='lat' dir='ltr'>persona</span> <span class='ocrx_word' id='word_1_488' title='bbox 2013 774 2121 805; x_wconf 85' lang='lat' dir='ltr'>adhuc</span> 
     </span>
     <span class='ocr_line' id='line_1_70' title="bbox 1144 816 2122 858; baseline 0 -11"><span class='ocrx_word' id='word_1_489' title='bbox 1144 818 1265 858; x_wconf 85' lang='lat' dir='ltr'>indiget</span> <span class='ocrx_word' id='word_1_490' title='bbox 1300 816 1465 847; x_wconf 87' lang='lat' dir='ltr'>hominum</span> <span class='ocrx_word' id='word_1_491' title='bbox 1499 816 1632 847; x_wconf 68' lang='lat' dir='ltr'>aux-ilic.</span> <span class='ocrx_word' id='word_1_492' title='bbox 1689 816 1800 851; x_wconf 87' lang='lat' dir='ltr'>Quare</span> <span class='ocrx_word' id='word_1_493' title='bbox 1830 817 1917 857; x_wconf 88' lang='lat' dir='ltr'>quod</span> <span class='ocrx_word' id='word_1_494' title='bbox 1947 818 1988 847; x_wconf 90' lang='lat' dir='ltr'>ad</span> <span class='ocrx_word' id='word_1_495' title='bbox 2022 827 2122 847; x_wconf 86' lang='lat' dir='ltr'>verae</span> 
     </span>
     <span class='ocr_line' id='line_1_71' title="bbox 1143 858 2121 897; baseline -0.001 -7"><span class='ocrx_word' id='word_1_496' title='bbox 1143 861 1302 890; x_wconf 86' lang='lat' dir='ltr'>amicitiae</span> <span class='ocrx_word' id='word_1_497' title='bbox 1325 858 1435 890; x_wconf 87' lang='lat' dir='ltr'>officia</span> <span class='ocrx_word' id='word_1_498' title='bbox 1458 860 1590 897; x_wconf 85' lang='lat' dir='ltr'>attinet,</span> <span class='ocrx_word' id='word_1_499' title='bbox 1624 859 1767 890; x_wconf 90' lang='lat' dir='ltr'>nondum</span> <span class='ocrx_word' id='word_1_500' title='bbox 1791 865 1840 889; x_wconf 87' lang='lat' dir='ltr'>est</span> <span class='ocrx_word' id='word_1_501' title='bbox 1865 866 2013 890; x_wconf 90' lang='lat' dir='ltr'>mortuae</span> <span class='ocrx_word' id='word_1_502' title='bbox 2037 860 2121 890; x_wconf 85' lang='lat' dir='ltr'>simi-</span> 
     </span>
     <span class='ocr_line' id='line_1_72' title="bbox 1143 901 2120 939; baseline 0 -8"><span class='ocrx_word' id='word_1_503' title='bbox 1143 901 1195 933; x_wconf 85' lang='lat' dir='ltr'>lis.</span> <span class='ocrx_word' id='word_1_504' title='bbox 1249 901 1368 932; x_wconf 84' lang='lat' dir='ltr'>Adhuc</span> <span class='ocrx_word' id='word_1_505' title='bbox 1403 908 1453 932; x_wconf 84' lang='lat' dir='ltr'>est</span> <span class='ocrx_word' id='word_1_506' title='bbox 1489 912 1566 932; x_wconf 82' lang='lat' dir='ltr'>caro</span> <span class='ocrx_word' id='word_1_507' title='bbox 1595 908 1666 939; x_wconf 84' lang='lat' dir='ltr'>tua,</span> <span class='ocrx_word' id='word_1_508' title='bbox 1696 901 1803 932; x_wconf 74' lang='lat' dir='ltr'>adhuc</span> <span class='ocrx_word' id='word_1_509' title='bbox 1837 901 1892 931; x_wconf 74' lang='lat' dir='ltr'>lex</span> <span class='ocrx_word' id='word_1_510' title='bbox 1927 902 2034 932; x_wconf 89' lang='lat' dir='ltr'>divina</span> <span class='ocrx_word' id='word_1_511' title='bbox 2064 903 2120 932; x_wconf 88' lang='lat' dir='ltr'>tibi</span> 
     </span>
     <span class='ocr_line' id='line_1_73' title="bbox 1143 943 2119 975; baseline 0 -1"><span class='ocrx_word' id='word_1_512' title='bbox 1143 946 1374 975; x_wconf 84' lang='lat' dir='ltr'>concionatur:</span> <span class='ocrx_word' id='word_1_513' title='bbox 1415 944 1519 974; x_wconf 80' lang='lat' dir='ltr'>Nemo</span> <span class='ocrx_word' id='word_1_514' title='bbox 1545 954 1675 974; x_wconf 88' lang='lat' dir='ltr'>carnem</span> <span class='ocrx_word' id='word_1_515' title='bbox 1699 954 1792 975; x_wconf 86' lang='lat' dir='ltr'>suam</span> <span class='ocrx_word' id='word_1_516' title='bbox 1816 944 1890 975; x_wconf 93' lang='lat' dir='ltr'>odio</span> <span class='ocrx_word' id='word_1_517' title='bbox 1913 943 2034 975; x_wconf 87' lang='lat' dir='ltr'>habuit.</span> <span class='ocrx_word' id='word_1_518' title='bbox 2080 944 2119 974; x_wconf 86' lang='lat' dir='ltr'>Et</span> 
     </span>
     <span class='ocr_line' id='line_1_74' title="bbox 1143 986 2121 1028; baseline 0 -11"><span class='ocrx_word' id='word_1_519' title='bbox 1143 988 1339 1017; x_wconf 74' lang='lat' dir='ltr'>auctoritate</span> <span class='ocrx_word' id='word_1_520' title='bbox 1361 986 1616 1028; x_wconf 83' lang='lat' dir='ltr'>Magistratuum</span> <span class='ocrx_word' id='word_1_521' title='bbox 1650 987 1797 1028; x_wconf 87' lang='lat' dir='ltr'>cogenda</span> <span class='ocrx_word' id='word_1_522' title='bbox 1833 993 1883 1016; x_wconf 85' lang='lat' dir='ltr'>est</span> <span class='ocrx_word' id='word_1_523' title='bbox 1905 996 2048 1027; x_wconf 89' lang='lat' dir='ltr'>persona</span> <span class='ocrx_word' id='word_1_524' title='bbox 2072 998 2121 1018; x_wconf 86' lang='lat' dir='ltr'>re—</span> 
     </span>
     <span class='ocr_line' id='line_1_75' title="bbox 1143 1028 2119 1070; baseline -0.001 -11"><span class='ocrx_word' id='word_1_525' title='bbox 1143 1036 1193 1060; x_wconf 83' lang='lat' dir='ltr'>cte</span> <span class='ocrx_word' id='word_1_526' title='bbox 1217 1029 1346 1066; x_wconf 89' lang='lat' dir='ltr'>valens,</span> <span class='ocrx_word' id='word_1_527' title='bbox 1370 1039 1411 1058; x_wconf 92' lang='lat' dir='ltr'>ne</span> <span class='ocrx_word' id='word_1_528' title='bbox 1435 1030 1565 1059; x_wconf 76' lang='lat' dir='ltr'>deserat</span> <span class='ocrx_word' id='word_1_529' title='bbox 1591 1036 1758 1070; x_wconf 80' lang='lat' dir='ltr'>aegrotam</span> <span class='ocrx_word' id='word_1_530' title='bbox 1783 1035 1813 1059; x_wconf 92' lang='lat' dir='ltr'>et</span> <span class='ocrx_word' id='word_1_531' title='bbox 1838 1028 2119 1070; x_wconf 72' lang='lat' dir='ltr'>nenegligateins</span> 
     </span>
     <span class='ocr_line' id='line_1_76' title="bbox 1142 1070 1783 1113; baseline 0 -11"><span class='ocrx_word' id='word_1_532' title='bbox 1142 1073 1253 1109; x_wconf 71' lang='lat' dir='ltr'>vitant,</span> <span class='ocrx_word' id='word_1_533' title='bbox 1278 1072 1336 1102; x_wconf 86' lang='lat' dir='ltr'>sed</span> <span class='ocrx_word' id='word_1_534' title='bbox 1359 1070 1443 1101; x_wconf 86' lang='lat' dir='ltr'>ferat</span> <span class='ocrx_word' id='word_1_535' title='bbox 1468 1081 1563 1111; x_wconf 89' lang='lat' dir='ltr'>opem</span> <span class='ocrx_word' id='word_1_536' title='bbox 1587 1072 1783 1113; x_wconf 80' lang='lat' dir='ltr'>aegrotanti.</span> 
     </span>
    </p>

    <p class='ocr_par' dir='ltr' id='par_1_13' title="bbox 1143 1112 2121 1450">
     <span class='ocr_line' id='line_1_77' title="bbox 1229 1112 2121 1154; baseline 0 -10"><span class='ocrx_word' id='word_1_537' title='bbox 1229 1114 1301 1144; x_wconf 88' lang='lat' dir='ltr'>Etsi</span> <span class='ocrx_word' id='word_1_538' title='bbox 1336 1120 1441 1144; x_wconf 85' lang='lat' dir='ltr'>autem</span> <span class='ocrx_word' id='word_1_539' title='bbox 1476 1114 1603 1144; x_wconf 83' lang='lat' dir='ltr'>videtur</span> <span class='ocrx_word' id='word_1_540' title='bbox 1638 1113 1800 1154; x_wconf 89' lang='lat' dir='ltr'>aliquibus</span> <span class='ocrx_word' id='word_1_541' title='bbox 1841 1112 1923 1143; x_wconf 82' lang='lat' dir='ltr'>haec</span> <span class='ocrx_word' id='word_1_542' title='bbox 1959 1114 2121 1144; x_wconf 83' lang='lat' dir='ltr'>sententia</span> 
     </span>
     <span class='ocr_line' id='line_1_78' title="bbox 1143 1156 2120 1195; baseline 0.001 -10"><span class='ocrx_word' id='word_1_543' title='bbox 1143 1157 1266 1193; x_wconf 88' lang='lat' dir='ltr'>durior,</span> <span class='ocrx_word' id='word_1_544' title='bbox 1303 1162 1412 1186; x_wconf 90' lang='lat' dir='ltr'>tamen</span> <span class='ocrx_word' id='word_1_545' title='bbox 1436 1156 1602 1195; x_wconf 66' lang='lat' dir='ltr'>iustamffl)</span> <span class='ocrx_word' id='word_1_546' title='bbox 1626 1166 1702 1187; x_wconf 87' lang='lat' dir='ltr'>esse</span> <span class='ocrx_word' id='word_1_547' title='bbox 1726 1166 1840 1186; x_wconf 87' lang='lat' dir='ltr'>omnes</span> <span class='ocrx_word' id='word_1_548' title='bbox 1864 1157 1971 1186; x_wconf 91' lang='lat' dir='ltr'>bonae</span> <span class='ocrx_word' id='word_1_549' title='bbox 1993 1165 2120 1186; x_wconf 76' lang='lat' dir='ltr'>mentes</span> 
     </span>
     <span class='ocr_line' id='line_1_79' title="bbox 1143 1198 2119 1240; baseline 0.001 -12"><span class='ocrx_word' id='word_1_550' title='bbox 1143 1198 1337 1238; x_wconf 69' lang='lat' dir='ltr'>intelligunt.</span> <span class='ocrx_word' id='word_1_551' title='bbox 1405 1198 1441 1228; x_wconf 85' lang='lat' dir='ltr'>Si</span> <span class='ocrx_word' id='word_1_552' title='bbox 1474 1199 1546 1239; x_wconf 87' lang='lat' dir='ltr'>quis</span> <span class='ocrx_word' id='word_1_553' title='bbox 1580 1205 1687 1228; x_wconf 88' lang='lat' dir='ltr'>autem</span> <span class='ocrx_word' id='word_1_554' title='bbox 1720 1199 1856 1228; x_wconf 84' lang='lat' dir='ltr'>maritus</span> <span class='ocrx_word' id='word_1_555' title='bbox 1890 1198 1962 1238; x_wconf 90' lang='lat' dir='ltr'>pius</span> <span class='ocrx_word' id='word_1_556' title='bbox 1997 1199 2119 1240; x_wconf 84' lang='lat' dir='ltr'>indiget</span> 
     </span>
     <span class='ocr_line' id='line_1_80' title="bbox 1145 1240 2119 1281; baseline 0.001 -10"><span class='ocrx_word' id='word_1_557' title='bbox 1145 1240 1300 1278; x_wconf 74' lang='lat' dir='ltr'>consilio,</span> <span class='ocrx_word' id='word_1_558' title='bbox 1330 1241 1513 1280; x_wconf 83' lang='lat' dir='ltr'>interroget</span> <span class='ocrx_word' id='word_1_559' title='bbox 1537 1240 1696 1270; x_wconf 87' lang='lat' dir='ltr'>Pastores</span> <span class='ocrx_word' id='word_1_560' title='bbox 1720 1241 1866 1270; x_wconf 83' lang='lat' dir='ltr'>emditos</span> <span class='ocrx_word' id='word_1_561' title='bbox 1889 1247 1920 1270; x_wconf 88' lang='lat' dir='ltr'>et</span> <span class='ocrx_word' id='word_1_562' title='bbox 1944 1250 2064 1281; x_wconf 78' lang='lat' dir='ltr'>graves</span> <span class='ocrx_word' id='word_1_563' title='bbox 2089 1248 2119 1272; x_wconf 87' lang='lat' dir='ltr'>et</span> 
     </span>
     <span class='ocr_line' id='line_1_81' title="bbox 1143 1281 2119 1323; baseline 0.001 -10"><span class='ocrx_word' id='word_1_564' title='bbox 1143 1289 1234 1313; x_wconf 73' lang='lat' dir='ltr'>recte</span> <span class='ocrx_word' id='word_1_565' title='bbox 1274 1281 1493 1323; x_wconf 85' lang='lat' dir='ltr'>intelligentes</span> <span class='ocrx_word' id='word_1_566' title='bbox 1534 1283 1716 1313; x_wconf 79' lang='lat' dir='ltr'>doctrinam</span> <span class='ocrx_word' id='word_1_567' title='bbox 1756 1281 1938 1314; x_wconf 79' lang='lat' dir='ltr'>Ecclesiae.</span> <span class='ocrx_word' id='word_1_568' title='bbox 2005 1282 2119 1314; x_wconf 81' lang='lat' dir='ltr'>Potest</span> 
     </span>
     <span class='ocr_line' id='line_1_82' title="bbox 1144 1324 2119 1365; baseline -0.001 -9"><span class='ocrx_word' id='word_1_569' title='bbox 1144 1326 1228 1356; x_wconf 91' lang='lat' dir='ltr'>enim</span> <span class='ocrx_word' id='word_1_570' title='bbox 1250 1325 1463 1365; x_wconf 89' lang='lat' dir='ltr'>responderi,</span> <span class='ocrx_word' id='word_1_571' title='bbox 1485 1334 1527 1355; x_wconf 87' lang='lat' dir='ltr'>ne</span> <span class='ocrx_word' id='word_1_572' title='bbox 1550 1324 1764 1365; x_wconf 79' lang='lat' dir='ltr'>perplexitate</span> <span class='ocrx_word' id='word_1_573' title='bbox 1787 1324 1970 1365; x_wconf 87' lang='lat' dir='ltr'>implicetur</span> <span class='ocrx_word' id='word_1_574' title='bbox 1993 1326 2119 1356; x_wconf 82' lang='lat' dir='ltr'>consci—</span> 
     </span>
     <span class='ocr_line' id='line_1_83' title="bbox 1144 1367 2120 1409; baseline 0 -11"><span class='ocrx_word' id='word_1_575' title='bbox 1144 1369 1229 1398; x_wconf 88' lang='lat' dir='ltr'>entia</span> <span class='ocrx_word' id='word_1_576' title='bbox 1260 1374 1290 1398; x_wconf 87' lang='lat' dir='ltr'>et</span> <span class='ocrx_word' id='word_1_577' title='bbox 1324 1377 1365 1397; x_wconf 89' lang='lat' dir='ltr'>ne</span> <span class='ocrx_word' id='word_1_578' title='bbox 1394 1367 1476 1398; x_wconf 87' lang='lat' dir='ltr'>fides</span> <span class='ocrx_word' id='word_1_579' title='bbox 1507 1374 1536 1398; x_wconf 88' lang='lat' dir='ltr'>et</span> <span class='ocrx_word' id='word_1_580' title='bbox 1561 1368 1726 1398; x_wconf 85' lang='lat' dir='ltr'>invocatio</span> <span class='ocrx_word' id='word_1_581' title='bbox 1750 1367 1782 1397; x_wconf 91' lang='lat' dir='ltr'>in</span> <span class='ocrx_word' id='word_1_582' title='bbox 1806 1368 1875 1398; x_wconf 85' lang='lat' dir='ltr'>viro</span> <span class='ocrx_word' id='word_1_583' title='bbox 1899 1368 2120 1409; x_wconf 84' lang='lat' dir='ltr'>interrogante</span> 
     </span>
     <span class='ocr_line' id='line_1_84' title="bbox 1143 1411 1369 1450; baseline -0.004 -10"><span class='ocrx_word' id='word_1_584' title='bbox 1143 1411 1369 1450; x_wconf 86' lang='lat' dir='ltr'>impediantur.</span> 
     </span>
    </p>
   </div>
   <div class='ocr_carea' id='block_1_10' title="bbox 1118 230 1121 355">
    <p class='ocr_par' dir='ltr' id='par_1_14' title="bbox 1118 230 1121 355">
     <span class='ocr_line' id='line_1_85' title="bbox 1118 230 1121 355; baseline 0 2578"><span class='ocrx_word' id='word_1_585' title='bbox 1118 230 1121 355; x_wconf 95' lang='lat' dir='ltr'> </span> 
     </span>
    </p>
   </div>
   <div class='ocr_carea' id='block_1_11' title="bbox 1256 1535 2006 1568">
    <p class='ocr_par' dir='ltr' id='par_1_15' title="bbox 1256 1535 2006 1568">
     <span class='ocr_line' id='line_1_86' title="bbox 1256 1535 2006 1568; baseline 0.003 -2"><span class='ocrx_word' id='word_1_586' title='bbox 1256 1535 1317 1566; x_wconf 91' lang='lat' dir='ltr'>DE</span> <span class='ocrx_word' id='word_1_587' title='bbox 1340 1536 1709 1568; x_wconf 79' lang='lat' dir='ltr'>DESPONSATIONE</span> <span class='ocrx_word' id='word_1_588' title='bbox 1733 1536 2006 1568; x_wconf 79' lang='lat' dir='ltr'>IMPUBERUM.</span> 
     </span>
    </p>
   </div>
   <div class='ocr_carea' id='block_1_12' title="bbox 1143 1620 2121 2428">
    <p class='ocr_par' dir='ltr' id='par_1_16' title="bbox 1144 1620 2121 1961">
     <span class='ocr_line' id='line_1_87' title="bbox 1230 1620 2121 1664; baseline 0.002 -12"><span class='ocrx_word' id='word_1_589' title='bbox 1230 1620 1368 1652; x_wconf 86' lang='lat' dir='ltr'>Multum</span> <span class='ocrx_word' id='word_1_590' title='bbox 1403 1620 1503 1652; x_wconf 84' lang='lat' dir='ltr'>refert</span> <span class='ocrx_word' id='word_1_591' title='bbox 1537 1628 1626 1652; x_wconf 92' lang='lat' dir='ltr'>recte</span> <span class='ocrx_word' id='word_1_592' title='bbox 1652 1621 1836 1664; x_wconf 85' lang='lat' dir='ltr'>intelligere</span> <span class='ocrx_word' id='word_1_593' title='bbox 1859 1633 2044 1654; x_wconf 82' lang='lat' dir='ltr'>sermonem</span> <span class='ocrx_word' id='word_1_594' title='bbox 2069 1633 2121 1654; x_wconf 80' lang='lat' dir='ltr'>ve-</span> 
     </span>
     <span class='ocr_line' id='line_1_88' title="bbox 1144 1664 2120 1705; baseline 0.002 -11"><span class='ocrx_word' id='word_1_595' title='bbox 1144 1664 1222 1694; x_wconf 86' lang='lat' dir='ltr'>tusti</span> <span class='ocrx_word' id='word_1_596' title='bbox 1246 1665 1336 1694; x_wconf 90' lang='lat' dir='ltr'>iuris.</span> <span class='ocrx_word' id='word_1_597' title='bbox 1377 1664 1534 1695; x_wconf 85' lang='lat' dir='ltr'>Vetustas</span> <span class='ocrx_word' id='word_1_598' title='bbox 1558 1666 1703 1695; x_wconf 88' lang='lat' dir='ltr'>nominat</span> <span class='ocrx_word' id='word_1_599' title='bbox 1728 1665 1898 1705; x_wconf 67' lang='lat' dir='ltr'>sponsalia</span> <span class='ocrx_word' id='word_1_600' title='bbox 1921 1672 2044 1696; x_wconf 88' lang='lat' dir='ltr'>tantum</span> <span class='ocrx_word' id='word_1_601' title='bbox 2064 1676 2120 1696; x_wconf 83' lang='lat' dir='ltr'>eas</span> 
     </span>
     <span class='ocr_line' id='line_1_89' title="bbox 1144 1707 2121 1748; baseline 0.001 -11"><span class='ocrx_word' id='word_1_602' title='bbox 1144 1707 1394 1747; x_wconf 82' lang='lat' dir='ltr'>promissiones,</span> <span class='ocrx_word' id='word_1_603' title='bbox 1429 1708 1461 1737; x_wconf 90' lang='lat' dir='ltr'>in</span> <span class='ocrx_word' id='word_1_604' title='bbox 1484 1708 1600 1748; x_wconf 87' lang='lat' dir='ltr'>quibus</span> <span class='ocrx_word' id='word_1_605' title='bbox 1624 1708 1704 1738; x_wconf 87' lang='lat' dir='ltr'>fiunt</span> <span class='ocrx_word' id='word_1_606' title='bbox 1727 1716 1823 1748; x_wconf 77' lang='lat' dir='ltr'>pacta</span> <span class='ocrx_word' id='word_1_607' title='bbox 1847 1709 1887 1738; x_wconf 94' lang='lat' dir='ltr'>de</span> <span class='ocrx_word' id='word_1_608' title='bbox 1910 1707 2019 1739; x_wconf 84' lang='lat' dir='ltr'>futuro</span> <span class='ocrx_word' id='word_1_609' title='bbox 2044 1719 2121 1739; x_wconf 84' lang='lat' dir='ltr'>con-</span> 
     </span>
     <span class='ocr_line' id='line_1_90' title="bbox 1144 1750 2121 1791; baseline 0.001 -11"><span class='ocrx_word' id='word_1_610' title='bbox 1144 1750 1245 1790; x_wconf 81' lang='lat' dir='ltr'>iugio,</span> <span class='ocrx_word' id='word_1_611' title='bbox 1280 1756 1311 1780; x_wconf 89' lang='lat' dir='ltr'>et</span> <span class='ocrx_word' id='word_1_612' title='bbox 1346 1760 1430 1790; x_wconf 89' lang='lat' dir='ltr'>quae</span> <span class='ocrx_word' id='word_1_613' title='bbox 1463 1760 1670 1790; x_wconf 88' lang='lat' dir='ltr'>nequaquam</span> <span class='ocrx_word' id='word_1_614' title='bbox 1693 1756 1769 1781; x_wconf 88' lang='lat' dir='ltr'>sunt</span> <span class='ocrx_word' id='word_1_615' title='bbox 1791 1751 1913 1781; x_wconf 89' lang='lat' dir='ltr'>initium</span> <span class='ocrx_word' id='word_1_616' title='bbox 1935 1752 2121 1791; x_wconf 72' lang='lat' dir='ltr'>praesentis</span> 
     </span>
     <span class='ocr_line' id='line_1_91' title="bbox 1146 1793 2121 1834; baseline 0.001 -11"><span class='ocrx_word' id='word_1_617' title='bbox 1146 1793 1301 1834; x_wconf 77' lang='lat' dir='ltr'>coniugii,</span> <span class='ocrx_word' id='word_1_618' title='bbox 1325 1799 1358 1822; x_wconf 93' lang='lat' dir='ltr'>ut</span> <span class='ocrx_word' id='word_1_619' title='bbox 1381 1793 1465 1823; x_wconf 88' lang='lat' dir='ltr'>inter</span> <span class='ocrx_word' id='word_1_620' title='bbox 1489 1793 1663 1823; x_wconf 86' lang='lat' dir='ltr'>Octavium</span> <span class='ocrx_word' id='word_1_621' title='bbox 1686 1793 1934 1824; x_wconf 75' lang='lat' dir='ltr'>adolescentem</span> <span class='ocrx_word' id='word_1_622' title='bbox 1958 1800 1988 1823; x_wconf 88' lang='lat' dir='ltr'>et</span> <span class='ocrx_word' id='word_1_623' title='bbox 2013 1793 2121 1825; x_wconf 86' lang='lat' dir='ltr'>Servi-</span> 
     </span>
     <span class='ocr_line' id='line_1_92' title="bbox 1145 1834 2121 1875; baseline 0.002 -11"><span class='ocrx_word' id='word_1_624' title='bbox 1145 1834 1220 1865; x_wconf 81' lang='lat' dir='ltr'>liam</span> <span class='ocrx_word' id='word_1_625' title='bbox 1254 1834 1361 1866; x_wconf 79' lang='lat' dir='ltr'>adhuc</span> <span class='ocrx_word' id='word_1_626' title='bbox 1396 1834 1566 1875; x_wconf 82' lang='lat' dir='ltr'>parvulam</span> <span class='ocrx_word' id='word_1_627' title='bbox 1597 1834 1676 1865; x_wconf 88' lang='lat' dir='ltr'>fiunt</span> <span class='ocrx_word' id='word_1_628' title='bbox 1700 1834 1880 1875; x_wconf 78' lang='lat' dir='ltr'>sponsalia.</span> <span class='ocrx_word' id='word_1_629' title='bbox 1926 1836 1972 1866; x_wconf 90' lang='lat' dir='ltr'>lbi</span> <span class='ocrx_word' id='word_1_630' title='bbox 1996 1843 2121 1866; x_wconf 86' lang='lat' dir='ltr'>tantum</span> 
     </span>
     <span class='ocr_line' id='line_1_93' title="bbox 1145 1877 2121 1918; baseline 0.001 -11"><span class='ocrx_word' id='word_1_631' title='bbox 1145 1877 1209 1907; x_wconf 87' lang='lat' dir='ltr'>hoc</span> <span class='ocrx_word' id='word_1_632' title='bbox 1243 1878 1367 1918; x_wconf 71' lang='lat' dir='ltr'>agitur,</span> <span class='ocrx_word' id='word_1_633' title='bbox 1402 1885 1434 1908; x_wconf 93' lang='lat' dir='ltr'>ut</span> <span class='ocrx_word' id='word_1_634' title='bbox 1470 1877 1638 1918; x_wconf 80' lang='lat' dir='ltr'>aliquanto</span> <span class='ocrx_word' id='word_1_635' title='bbox 1661 1885 1736 1918; x_wconf 79' lang='lat' dir='ltr'>post</span> <span class='ocrx_word' id='word_1_636' title='bbox 1758 1889 1817 1918; x_wconf 87' lang='lat' dir='ltr'>per</span> <span class='ocrx_word' id='word_1_637' title='bbox 1842 1879 1942 1909; x_wconf 89' lang='lat' dir='ltr'>verba</span> <span class='ocrx_word' id='word_1_638' title='bbox 1966 1879 2006 1909; x_wconf 88' lang='lat' dir='ltr'>de</span> <span class='ocrx_word' id='word_1_639' title='bbox 2029 1890 2121 1918; x_wconf 73' lang='lat' dir='ltr'>prae-</span> 
     </span>
     <span class='ocr_line' id='line_1_94' title="bbox 1146 1921 1692 1961; baseline -0.002 -11"><span class='ocrx_word' id='word_1_640' title='bbox 1146 1921 1229 1950; x_wconf 82' lang='lat' dir='ltr'>senti</span> <span class='ocrx_word' id='word_1_641' title='bbox 1254 1921 1441 1961; x_wconf 84' lang='lat' dir='ltr'>coniugium</span> <span class='ocrx_word' id='word_1_642' title='bbox 1465 1921 1692 1951; x_wconf 78' lang='lat' dir='ltr'>constituatur.</span> 
     </span>
    </p>

    <p class='ocr_par' dir='ltr' id='par_1_17' title="bbox 1144 1961 2121 2303">
     <span class='ocr_line' id='line_1_95' title="bbox 1232 1961 2119 2005; baseline 0.001 -13"><span class='ocrx_word' id='word_1_643' title='bbox 1232 1962 1284 1993; x_wconf 91' lang='lat' dir='ltr'>De</span> <span class='ocrx_word' id='word_1_644' title='bbox 1317 1962 1367 1993; x_wconf 80' lang='lat' dir='ltr'>his</span> <span class='ocrx_word' id='word_1_645' title='bbox 1404 1961 1615 2003; x_wconf 70' lang='lat' dir='ltr'>sponsalibus</span> <span class='ocrx_word' id='word_1_646' title='bbox 1649 1964 1796 2004; x_wconf 90' lang='lat' dir='ltr'>inquiunt</span> <span class='ocrx_word' id='word_1_647' title='bbox 1829 1969 1979 1994; x_wconf 77' lang='lat' dir='ltr'>vetustae</span> <span class='ocrx_word' id='word_1_648' title='bbox 2013 1962 2119 2005; x_wconf 66' lang='lat' dir='ltr'>leges..</span> 
     </span>
     <span class='ocr_line' id='line_1_96' title="bbox 1144 2004 2121 2046; baseline 0.002 -11"><span class='ocrx_word' id='word_1_649' title='bbox 1144 2004 1317 2036; x_wconf 81' lang='lat' dir='ltr'>voluntate</span> <span class='ocrx_word' id='word_1_650' title='bbox 1340 2006 1480 2046; x_wconf 84' lang='lat' dir='ltr'>partium</span> <span class='ocrx_word' id='word_1_651' title='bbox 1504 2005 1642 2036; x_wconf 79' lang='lat' dir='ltr'>dissolvi</span> <span class='ocrx_word' id='word_1_652' title='bbox 1665 2016 1767 2046; x_wconf 78' lang='lat' dir='ltr'>posse</span> <span class='ocrx_word' id='word_1_653' title='bbox 1779 2006 1961 2046; x_wconf 81' lang='lat' dir='ltr'>sponsalia,</span> <span class='ocrx_word' id='word_1_654' title='bbox 1974 2013 2007 2037; x_wconf 93' lang='lat' dir='ltr'>ut</span> <span class='ocrx_word' id='word_1_655' title='bbox 2022 2006 2121 2037; x_wconf 73' lang='lat' dir='ltr'>Octa—</span> 
     </span>
     <span class='ocr_line' id='line_1_97' title="bbox 1146 2047 2118 2086; baseline 0.001 -8"><span class='ocrx_word' id='word_1_656' title='bbox 1146 2049 1218 2078; x_wconf 91' lang='lat' dir='ltr'>vius</span> <span class='ocrx_word' id='word_1_657' title='bbox 1252 2058 1319 2078; x_wconf 91' lang='lat' dir='ltr'>non</span> <span class='ocrx_word' id='word_1_658' title='bbox 1354 2049 1444 2078; x_wconf 88' lang='lat' dir='ltr'>duxit</span> <span class='ocrx_word' id='word_1_659' title='bbox 1470 2047 1651 2078; x_wconf 86' lang='lat' dir='ltr'>Serviliam.</span> <span class='ocrx_word' id='word_1_660' title='bbox 1698 2048 1758 2078; x_wconf 91' lang='lat' dir='ltr'>Hic</span> <span class='ocrx_word' id='word_1_661' title='bbox 1791 2050 2034 2079; x_wconf 85' lang='lat' dir='ltr'>observandum</span> <span class='ocrx_word' id='word_1_662' title='bbox 2058 2056 2118 2086; x_wconf 77' lang='lat' dir='ltr'>est,</span> 
     </span>
     <span class='ocr_line' id='line_1_98' title="bbox 1146 2089 2120 2131; baseline 0 -10"><span class='ocrx_word' id='word_1_663' title='bbox 1146 2091 1310 2131; x_wconf 90' lang='lat' dir='ltr'>quomodo</span> <span class='ocrx_word' id='word_1_664' title='bbox 1345 2097 1493 2121; x_wconf 79' lang='lat' dir='ltr'>vetustas</span> <span class='ocrx_word' id='word_1_665' title='bbox 1517 2089 1627 2121; x_wconf 87' lang='lat' dir='ltr'>locuta</span> <span class='ocrx_word' id='word_1_666' title='bbox 1650 2092 1700 2121; x_wconf 84' lang='lat' dir='ltr'>sit.</span> <span class='ocrx_word' id='word_1_667' title='bbox 1746 2091 1923 2121; x_wconf 80' lang='lat' dir='ltr'>Recentior</span> <span class='ocrx_word' id='word_1_668' title='bbox 1946 2098 2038 2122; x_wconf 83' lang='lat' dir='ltr'>aetas</span> <span class='ocrx_word' id='word_1_669' title='bbox 2063 2091 2120 2122; x_wconf 86' lang='lat' dir='ltr'>fin—</span> 
     </span>
     <span class='ocr_line' id='line_1_99' title="bbox 1145 2132 2119 2174; baseline -0.002 -10"><span class='ocrx_word' id='word_1_670' title='bbox 1145 2134 1189 2164; x_wconf 89' lang='lat' dir='ltr'>xit</span> <span class='ocrx_word' id='word_1_671' title='bbox 1209 2134 1468 2174; x_wconf 82' lang='lat' dir='ltr'>ambiguitatem:</span> <span class='ocrx_word' id='word_1_672' title='bbox 1492 2133 1636 2164; x_wconf 90' lang='lat' dir='ltr'>nominat</span> <span class='ocrx_word' id='word_1_673' title='bbox 1659 2132 1722 2164; x_wconf 89' lang='lat' dir='ltr'>alia</span> <span class='ocrx_word' id='word_1_674' title='bbox 1747 2132 1915 2174; x_wconf 87' lang='lat' dir='ltr'>sponsalia</span> <span class='ocrx_word' id='word_1_675' title='bbox 1940 2135 1980 2165; x_wconf 88' lang='lat' dir='ltr'>de</span> <span class='ocrx_word' id='word_1_676' title='bbox 1998 2132 2119 2172; x_wconf 68' lang='lat' dir='ltr'>futuro,</span> 
     </span>
     <span class='ocr_line' id='line_1_100' title="bbox 1144 2175 2121 2217; baseline 0 -10"><span class='ocrx_word' id='word_1_677' title='bbox 1144 2175 1207 2207; x_wconf 91' lang='lat' dir='ltr'>alia</span> <span class='ocrx_word' id='word_1_678' title='bbox 1232 2177 1272 2207; x_wconf 91' lang='lat' dir='ltr'>de</span> <span class='ocrx_word' id='word_1_679' title='bbox 1294 2177 1472 2216; x_wconf 72' lang='lat' dir='ltr'>praesenti,</span> <span class='ocrx_word' id='word_1_680' title='bbox 1498 2187 1571 2208; x_wconf 90' lang='lat' dir='ltr'>cum</span> <span class='ocrx_word' id='word_1_681' title='bbox 1595 2183 1798 2214; x_wconf 87' lang='lat' dir='ltr'>contractus,</span> <span class='ocrx_word' id='word_1_682' title='bbox 1821 2177 1851 2207; x_wconf 94' lang='lat' dir='ltr'>in</span> <span class='ocrx_word' id='word_1_683' title='bbox 1871 2187 1935 2217; x_wconf 90' lang='lat' dir='ltr'>qno</span> <span class='ocrx_word' id='word_1_684' title='bbox 1948 2187 2006 2217; x_wconf 90' lang='lat' dir='ltr'>per</span> <span class='ocrx_word' id='word_1_685' title='bbox 2017 2178 2121 2207; x_wconf 84' lang='lat' dir='ltr'>verba</span> 
     </span>
     <span class='ocr_line' id='line_1_101' title="bbox 1145 2219 2119 2261; baseline 0.001 -12"><span class='ocrx_word' id='word_1_686' title='bbox 1145 2220 1185 2250; x_wconf 90' lang='lat' dir='ltr'>de</span> <span class='ocrx_word' id='word_1_687' title='bbox 1214 2220 1379 2259; x_wconf 89' lang='lat' dir='ltr'>praesenti</span> <span class='ocrx_word' id='word_1_688' title='bbox 1405 2229 1463 2250; x_wconf 85' lang='lat' dir='ltr'>seu</span> <span class='ocrx_word' id='word_1_689' title='bbox 1488 2219 1675 2260; x_wconf 85' lang='lat' dir='ltr'>categorice</span> <span class='ocrx_word' id='word_1_690' title='bbox 1699 2221 1891 2260; x_wconf 86' lang='lat' dir='ltr'>promittitur</span> <span class='ocrx_word' id='word_1_691' title='bbox 1923 2220 2119 2261; x_wconf 82' lang='lat' dir='ltr'>coniugium,</span> 
     </span>
     <span class='ocr_line' id='line_1_102' title="bbox 1144 2262 1902 2303; baseline 0 -11"><span class='ocrx_word' id='word_1_692' title='bbox 1144 2262 1185 2292; x_wconf 90' lang='lat' dir='ltr'>sit</span> <span class='ocrx_word' id='word_1_693' title='bbox 1209 2262 1271 2292; x_wconf 89' lang='lat' dir='ltr'>iam</span> <span class='ocrx_word' id='word_1_694' title='bbox 1294 2272 1374 2292; x_wconf 89' lang='lat' dir='ltr'>vere</span> <span class='ocrx_word' id='word_1_695' title='bbox 1396 2262 1521 2293; x_wconf 90' lang='lat' dir='ltr'>initium</span> <span class='ocrx_word' id='word_1_696' title='bbox 1545 2262 1686 2303; x_wconf 87' lang='lat' dir='ltr'>coniugii</span> <span class='ocrx_word' id='word_1_697' title='bbox 1709 2263 1902 2302; x_wconf 62' lang='lat' dir='ltr'>praesentis</span> 
     </span>
    </p>

    <p class='ocr_par' dir='ltr' id='par_1_18' title="bbox 1143 2304 2118 2428">
     <span class='ocr_line' id='line_1_103' title="bbox 1228 2304 2118 2342; baseline 0.001 -8"><span class='ocrx_word' id='word_1_698' title='bbox 1228 2304 1412 2335; x_wconf 86' lang='lat' dir='ltr'>Prudenter</span> <span class='ocrx_word' id='word_1_699' title='bbox 1439 2310 1545 2335; x_wconf 81' lang='lat' dir='ltr'>autent</span> <span class='ocrx_word' id='word_1_700' title='bbox 1576 2305 1851 2335; x_wconf 88' lang='lat' dir='ltr'>considerandum</span> <span class='ocrx_word' id='word_1_701' title='bbox 1875 2311 1943 2342; x_wconf 82' lang='lat' dir='ltr'>est,</span> <span class='ocrx_word' id='word_1_702' title='bbox 1976 2305 2031 2336; x_wconf 92' lang='lat' dir='ltr'>ubi</span> <span class='ocrx_word' id='word_1_703' title='bbox 2055 2306 2118 2335; x_wconf 90' lang='lat' dir='ltr'>sint</span> 
     </span>
     <span class='ocr_line' id='line_1_104' title="bbox 1144 2346 2118 2388; baseline 0.002 -12"><span class='ocrx_word' id='word_1_704' title='bbox 1144 2346 1315 2388; x_wconf 82' lang='lat' dir='ltr'>sponsalia</span> <span class='ocrx_word' id='word_1_705' title='bbox 1346 2348 1387 2378; x_wconf 87' lang='lat' dir='ltr'>de</span> <span class='ocrx_word' id='word_1_706' title='bbox 1410 2346 1537 2384; x_wconf 86' lang='lat' dir='ltr'>futuro,</span> <span class='ocrx_word' id='word_1_707' title='bbox 1573 2358 1634 2378; x_wconf 87' lang='lat' dir='ltr'>nec</span> <span class='ocrx_word' id='word_1_708' title='bbox 1657 2348 1689 2378; x_wconf 94' lang='lat' dir='ltr'>id</span> <span class='ocrx_word' id='word_1_709' title='bbox 1712 2358 1752 2378; x_wconf 82' lang='lat' dir='ltr'>ex</span> <span class='ocrx_word' id='word_1_710' title='bbox 1771 2346 1979 2378; x_wconf 87' lang='lat' dir='ltr'>cavillatione</span> <span class='ocrx_word' id='word_1_711' title='bbox 2001 2348 2118 2378; x_wconf 85' lang='lat' dir='ltr'>verbo-</span> 
     </span>
     <span class='ocr_line' id='line_1_105' title="bbox 1143 2388 2117 2428; baseline -0.001 -7"><span class='ocrx_word' id='word_1_712' title='bbox 1143 2401 1213 2421; x_wconf 94' lang='lat' dir='ltr'>rum</span> <span class='ocrx_word' id='word_1_713' title='bbox 1238 2390 1410 2428; x_wconf 88' lang='lat' dir='ltr'>iudicetur,</span> <span class='ocrx_word' id='word_1_714' title='bbox 1430 2391 1489 2421; x_wconf 85' lang='lat' dir='ltr'>sed</span> <span class='ocrx_word' id='word_1_715' title='bbox 1513 2400 1553 2421; x_wconf 84' lang='lat' dir='ltr'>ex</span> <span class='ocrx_word' id='word_1_716' title='bbox 1576 2388 1685 2421; x_wconf 85' lang='lat' dir='ltr'>multis</span> <span class='ocrx_word' id='word_1_717' title='bbox 1711 2391 2027 2428; x_wconf 77' lang='lat' dir='ltr'>ci1·ctnnstantiiS,an</span> <span class='ocrx_word' id='word_1_718' title='bbox 2040 2396 2117 2421; x_wconf 88' lang='lat' dir='ltr'>tunc</span> 
     </span>
    </p>
   </div>
   <div class='ocr_carea' id='block_1_13' title="bbox 1117 2520 1768 2603">
    <p class='ocr_par' dir='ltr' id='par_1_19' title="bbox 1117 2520 1768 2603">
     <span class='ocr_line' id='line_1_106' title="bbox 1141 2520 1632 2551; baseline 0.006 -8"><span class='ocrx_word' id='word_1_719' title='bbox 1141 2520 1187 2551; x_wconf 78' lang='lat'>30)</span> <span class='ocrx_word' id='word_1_720' title='bbox 1208 2520 1307 2551; x_wconf 84' lang='lat' dir='ltr'>deberi]</span> <span class='ocrx_word' id='word_1_721' title='bbox 1324 2520 1397 2545; x_wconf 85' lang='lat' dir='ltr'>Editt.</span> <span class='ocrx_word' id='word_1_722' title='bbox 1418 2520 1458 2544; x_wconf 74' lang='lat'>22.</span> <span class='ocrx_word' id='word_1_723' title='bbox 1479 2520 1518 2544; x_wconf 81' lang='lat'>24.</span> <span class='ocrx_word' id='word_1_724' title='bbox 1538 2520 1632 2546; x_wconf 78' lang='lat' dir='ltr'>debere</span> 
     </span>
     <span class='ocr_line' id='line_1_107' title="bbox 1117 2572 1768 2603; baseline 0.008 -9"><span class='ocrx_word' id='word_1_725' title='bbox 1117 2591 1120 2600; x_wconf 84' lang='grc'><em>,</em></span> <span class='ocrx_word' id='word_1_726' title='bbox 1142 2572 1187 2601; x_wconf 90' lang='grc'>31)</span> <span class='ocrx_word' id='word_1_727' title='bbox 1208 2572 1311 2603; x_wconf 80' lang='lat' dir='ltr'>iustam]</span> <span class='ocrx_word' id='word_1_728' title='bbox 1331 2572 1402 2597; x_wconf 82' lang='lat' dir='ltr'>Editt.</span> <span class='ocrx_word' id='word_1_729' title='bbox 1427 2573 1531 2598; x_wconf 30' lang='lat' dir='ltr'>lgr-20.</span> <span class='ocrx_word' id='word_1_730' title='bbox 1551 2573 1657 2598; x_wconf 24' lang='lat'>‘22-734.</span> <span class='ocrx_word' id='word_1_731' title='bbox 1675 2573 1768 2599; x_wconf 87' lang='lat' dir='ltr'>iustum</span> 
     </span>
    </p>
   </div>
   <div class='ocr_carea' id='block_1_14' title="bbox 1119 1741 1126 2574">
    <p class='ocr_par' dir='ltr' id='par_1_20' title="bbox 1119 1741 1126 2574">
     <span class='ocr_line' id='line_1_108' title="bbox 1119 1741 1126 2574; baseline 0 0"><span class='ocrx_word' id='word_1_732' title='bbox 1119 1741 1126 2574; x_wconf 95' lang='lat' dir='ltr'> </span> 
     </span>
    </p>
   </div>
  </div>
 </body>
</html>
