2358 2933
230 150 292 181 503

230 241 408 272 Vuiclefica
422 243 467 278 ⁵⁴)
490 243 677 282 superstitio
700 243 885 282 perniciosa
908 250 939 273 et
959 244 1115 276 seditiosa
1138 252 1200 283 est,

229 293 312 324 quae
333 284 432 324 adigit
457 284 622 314 ministros
641 283 866 314 Ecclesiarum
889 286 930 315 ad
949 287 1199 325 mendicitatem,

228 332 257 355 et
283 333 377 365 negat
402 326 447 355 eis
471 324 571 355 licere
595 327 759 366 proprium
784 333 906 357 tenere.

312 367 476 397 Hactenus
507 369 570 397 dixi
601 368 642 397 de
669 369 799 407 proprio
830 367 940 399 officio
962 380 1023 400 seu
1045 371 1198 401 mandato

227 410 396 449 potestatis
420 407 684 439 Ecclesiasticae.
741 410 835 440 Nunc
867 411 993 452 reliqua
1021 418 1071 442 est
1100 423 1198 453 quae-

226 452 300 487 stio,
324 460 407 491 quae
432 451 591 481 debeatur
607 452 761 482 ministris
786 451 1010 484 Ecclesiarum
1041 454 1196 485 obedien-

227 495 278 523 tia.
314 493 407 522 ltem:
431 492 483 522 An
507 492 601 524 liceat
626 493 798 534 Episcopis
823 496 966 526 condere
985 497 1196 527 traditiones?

311 534 450 564 Primum
475 535 515 565 de.
538 536 722 566 obedientia
746 538 942 576 respondeo.
978 538 1068 568 Sicut
1092 539 1194 569 verbo

214 576 297 616 Dei.
321 577 363 606 ita
387 577 542 607 ministris
567 578 758 608 docentibus
782 580 918 610 verbum
940 579 1020 617 Dei,
1043 581 1130 621 quod
1153 581 1195 611 ad

226 618 435 649 ministerium
459 620 583 649 attinet.
608 620 746 650 debetur
768 621 962 652 obedientia.
992 622 1082 652 Sicut
1102 632 1195 663 prae—

226 661 298 701 cipit
329 661 489 700 scriptura
522 661 612 698 [Luc.
640 662 694 691 10.
722 662 800 700 164:
835 663 897 697 Qui
920 674 981 693 vos
1004 665 1110 701 audit,
1143 674 1195 694 me

225 703 324 733 audit.
369 702 447 733 ltem
471 702 602 740 [Matth.
625 704 678 734 ⁵23.
702 704 763 741 3.]:
787 704 949 746 Quicquid
973 706 1123 742 dixerint,
1148 705 1195 736 sa—

226 746 299 775 cite.
345 744 422 775 ltem
454 745 495 782 ΙΙ.
525 744 611 775 Pctr.
635 746 665 783 2,
700 746 747 776 13.
780 747 860 784 184:
896 748 1035 778 obedite
1057 758 1196 788 praepo-

225 787 294 816 sitis
318 787 449 816 vestris.
482 787 564 817 Nam
587 786 651 817 hae
675 790 856 818 sententiae
877 788 1055 829 loquuntur
1078 791 1118 819 de
1141 791 1196 820 mi-

225 829 368 865 nisterio,
389 835 418 858 et
438 830 603 869 requirunt
624 831 839 860 obedientiam
859 831 1001 861 debitam
1015 832 1074 870 ipsi
1087 831 1195 861 Evan-

225 869 320 911 gelio.
356 881 419 900 non
455 872 655 901 constituunt
690 879 798 902 autem
832 882 970 914 regnum
1004 873 1195 904 doctoribus

225 919 315 943 extra
348 912 572 954 Evangelium.
628 913 775 944 Debetur
809 915 856 944 eis
887 915 982 945 etiam
1009 915 1193 945 obedientia

224 957 254 986 in
277 955 509 992 iurisdictione,
533 965 629 995 quam
651 955 773 986 habent
796 957 883 986 iuxta
902 956 1130 998 Evangelium,
1148 957 1194 987 vi-

223 996 339 1027 delicet
370 997 402 1027 in
431 998 618 1038 cognitione
643 998 827 1035 criminum,
858 999 888 1029 in
911 999 1081 1029 audiendis
1105 999 1194 1029 testi-

224 1041 295 1076 bus,
318 1039 349 1069 in
373 1037 517 1079 legitima
540 1040 874 1070 excommunicatione
897 1046 958 1071 etc.
990 1040 1057 1071 Sed
1080 1041 1121 1071 de
1144 1051 1195 1071 ce-

223 1081 374 1112 remoniis
399 1082 475 1121 quid
499 1082 701 1112 sentiendum
725 1083 777 1118 sit,
789 1088 905 1121 postea
918 1083 1033 1113 dicam.
1064 1083 1194 1113 Habent

223 1125 305 1154 enim
330 1124 535 1154 autoritatem
559 1124 731 1154 ordinandi
750 1126 964 1161 ceremonias,
982 1124 1046 1155 hoc
1064 1126 1140 1162 fine,
1158 1130 1192 1155 ut

223 1167 336 1197 ordine
370 1171 526 1206 gerantur
560 1176 614 1195 res
647 1167 679 1196 in
713 1165 844 1206 publico
878 1166 1050 1197 Ecclesiae
1085 1173 1191 1197 coetu.

223 1208 312 1239 Sicut
336 1206 457 1238 Paulus
481 1208 523 1245 [l.
548 1207 623 1238 Cor.
650 1208 704 1244 ll,
733 1208 754 1238 5
777 1212 840 1248 sq.]
864 1209 1001 1246 ordinat,
1025 1215 1059 1239 ut
1082 1208 1193 1239 mulie—

223 1260 276 1280 res
303 1256 415 1291 tegant
447 1251 566 1290 capita.
612 1250 651 1280 Et
675 1248 826 1280 Ecclesia
856 1252 944 1281 initio
975 1252 1058 1281 diem
1082 1251 1192 1281 Domi-

222 1293 328 1323 nicum
359 1298 389 1322 et
419 1290 501 1322 alios
530 1293 690 1332 quosdam
719 1293 788 1323 dies
818 1292 922 1322 festos
947 1293 1128 1330 constituit,
1156 1298 1190 1323 ut

223 1340 311 1364 certa
341 1340 451 1365 essent
481 1334 617 1365 docendi
641 1341 798 1375 tempora.
844 1334 909 1365 Sed
932 1334 993 1365 hae
1017 1335 1191 1365 ordinatio-

223 1386 280 1406 nes
311 1386 375 1406 non
405 1376 522 1406 debent
552 1377 781 1416 superstitiose
808 1375 961 1417 intellig-i3
1010 1387 1075 1407 non
1107 1378 1190 1407 enim

222 1424 295 1448 stult
318 1418 459 1448 iustitiae
477 1419 521 1452 ὁὸ)
544 1428 604 1448 seu
628 1417 734 1449 cultus
759 1420 938 1449 necessarii
960 1419 1002 1449 ad
1024 1420 1190 1455 iustitiam,

222 1460 281 1490 sed
303 1466 377 1491 sunt
402 1470 437 1490 re
459 1461 531 1499 ipsa
556 1470 609 1490 res
629 1460 799 1500 ἄδιιὶφοραι,
821 1471 904 1501 quae
928 1466 1019 1491 extra
1042 1459 1190 1491 scandali

222 1514 332 1535 casum
356 1503 458 1533 omitti
481 1509 617 1541 possunt
641 1503 710 1532 sine
731 1509 881 1542 peccato.
926 1502 1038 1543 Itaque
1057 1502 1108 1532 his
1127 1509 1190 1532 tra-

223 1546 397 1576 ditionibus
439 1545 575 1575 debetur
615 1545 815 1582 obedientia,
866 1545 953 1584 quod
994 1545 1035 1575 ad
1075 1555 1190 1575 casum

223 1586 368 1619 scandali
393 1588 520 1622 attinetg
544 1592 635 1617 extra
659 1597 771 1617 casum
795 1585 943 1617 scandali
967 1587 1190 1617 conscientiae

222 1636 297 1661 sunt
324 1628 463 1665 liberae,
492 1638 553 1660 nec
582 1627 702 1659 habent
724 1628 880 1669 Episcopi
909 1629 959 1659 ius
982 1629 1089 1669 magis
1114 1638 1190 1658 one·

222 1672 312 1702 randi
347 1672 567 1701 conscientias
602 1672 670 1701 suis
704 1671 947 1706 traditionibus;
987 1671 1074 1701 sicut
1107 1669 1191 1700 infra

222 1715 375 1745 dicemus.
1188 1710 1202 1723 ⁴

305 1755 356 1786 De
374 1755 557 1785 Vocatione
580 1765 639 1785 seu
656 1755 868 1784 Ordinatione
891 1755 1051 1795 quaedam
1069 1754 1189 1784 adden-

223 1801 262 1829 da
285 1804 371 1828 sunt.
416 1796 536 1827 Paulus
560 1797 715 1837 praecipit
742 1796 813 1826 Tito
839 1797 883 1835 [1,
907 1796 971 1833 5.],
1000 1802 1034 1826 ut
1058 1796 1090 1825 in
1113 1796 1189 1826 vici-

222 1841 271 1870 nis
300 1839 384 1869 locis
414 1840 589 1869 constituat
620 1839 850 1879 presbyteros.
895 1838 994 1868 Extat
1024 1838 1121 1879 igitur
1144 1844 1189 1867 te-

223 1882 406 1912 stimonium
436 1881 634 1920 scripturae,
661 1881 747 1920 quod
772 1880 929 1911 Pastores
957 1881 1020 1910 sint
1052 1880 1189 1910 ordinati

223 1934 239 1953 a
264 1924 377 1954 vicinis
401 1922 612 1953 pastoribus.
635 1921 699 1951 hoc
722 1928 783 1959 est,
805 1921 961 1962 praefecti
986 1921 1057 1952 aliis
1075 1920 1188 1952 Eccle-

222 1966 290 1995 siis.
342 1964 407 1995 Sed
435 1963 584 1994 Ecclesia
611 1965 795 1994 mandatum
825 1964 940 2001 habet,
971 1974 1012 1994 ne
1042 1965 1189 1994 admittat

222 2007 336 2045 impios
370 2007 539 2043 doctores,
572 2007 629 2036 sed
664 2012 798 2046 quaerat
832 2007 953 2042 bono-§3
987 2007 1074 2036 iuxta
1109 2005 1187 2036 illud

224 2047 350 2085 [matth.
380 2049 416 2085 7,
448 2048 529 2085 15.]:
565 2048 688 2078 Cavete
718 2058 737 2078 a
759 2048 1065 2088 pseudoprophetis.
1111 2047 1187 2078 Ideo

222 2091 262 2120 ad
285 2089 475 2120 electionem
494 2091 713 2120 ministromm
737 2091 877 2120 accessit
902 2091 1003 2120 veteri
1022 2100 1113 2120 more
1132 2100 1187 2119 au-

222 2132 335 2161 tom'tas
357 2131 537 2169 Ecclesiae,
560 2132 623 2162 hoc
647 2138 707 2168 est,
731 2142 860 2169 eorum,
894 2133 1011 2172 quibus
1034 2131 1187 2163 Ecclesia

223 2184 292 2203 eam
315 2184 382 2203 rem
406 2174 634 2204 commisisset.
669 2173 833 2204 Historiae
856 2180 887 2204 et
911 2175 1042 2204 decreta
1065 2179 1186 2204 testan-

223 2223 274 2245 tur
297 2215 385 2245 hunc
407 2213 508 2245 fuisse
535 2226 675 2246 morem:
721 2215 866 2256 Populus
891 2215 1048 2257 eligebat,
1070 2222 1187 2255 postea

222 2258 364 2287 accessit
393 2258 548 2288 autoritas
577 2258 673 2288 vicini
696 2257 868 2298 Episcopi.
899 2259 952 2298 qui
983 2259 1186 2298 approbabat

223 2297 370 2329 electum.
394 2298 503 2329 Verba
534 2306 607 2329 sunt
633 2299 714 2330 haec
737 2301 767 2330 in
792 2300 923 2330 decreto
945 2300 1088 2330 Nicenae
1110 2310 1187 2340 syn-

223 2341 292 2376 odi,
327 2341 412 2380 quod
440 2348 525 2371 extat
549 2342 578 2371 in
603 2343 759 2381 tripartita
783 2342 919 2372 historia
942 2341 997 2372 lib.
1021 2342 1109 2378 85¹⁶)
1131 2352 1186 2382 pa-

223 2459 267 2485 54)
292 2458 436 2487 vuit-letica]
455 2458 490 2481 sic
507 2457 579 2482 Editt.
599 2459 622 2482 7.
642 2459 664 2481 8.
685 2459 790 2483 11-14.
809 2461 833 2483 et
853 2459 927 2488 opp:
946 2459 1018 2483 Editt.
1041 2460 1061 2483 1.
1074 2460 1096 2483 2.
1110 2460 1184 2483 4-6.

289 2493 311 2515 9.
330 2491 470 2515 Vuicteuica

222 2526 266 2554 55)
286 2523 405 2554 iustitiae]
426 2524 468 2548 Ed.
491 2525 528 2548 11.
554 2526 579 2548 et
598 2525 670 2553 Opp.:
690 2525 781 2549 iustitia

222 2559 266 2585 56)
286 2558 322 2588 R]
343 2558 400 2587 Opp.
422 2557 501 2582 male:
523 2558 542 2582 1.

849 152 960 183 PHlL.
983 152 1087 184 MEL.
1110 152 1293 185 SCRIPTA
1320 153 1594 186 DOGMATICA.

2149 158 2212 189 504

1241 246 1318 287 gina
1349 245 1421 278 3⁵25.
1467 250 1517 276 καὶ
1546 247 1561 276 ὁ
1589 247 1659 283 λαὸς
1682 250 1789 287 αἱροῖτο
1799 250 1856 286 ⁵⁷),
1879 251 2154 290 συνεπιψηφίζοντος
2167 252 2212 289 ⁵⁸)

1241 288 1338 324 αὐτοῖς
1375 290 1426 318 καὶ
1455 291 1713 330 ἑπισφραγίζοιτος
1737 291 1786 319 τοῦ
1813 292 1863 328 τῆς
1895 292 2058 329 καθολικῆς
2083 291 2211 329 Ἀλεξαν-

1241 329 1341 370 δρείας
1363 331 1531 360 ἐπισκόπου.

1327 372 1422 411 Apud
1447 372 1644 413 Cyprianum
1674 372 1707 403 fit
1739 374 1854 404 crebra
1881 376 1999 405 mentio
2024 375 2118 405 huius
2143 385 2210 406 mo-

1240 414 1350 454 ris-⁵⁹)
1386 413 1429 444 Ut
1452 414 1591 454 epistola
1620 414 1650 445 3.
1681 415 1723 445 ad
1746 414 1950 447 Cornelium:
1974 416 2112 455 Quando
2134 417 2210 458 Epi-

1240 466 1363 495 scopus
1392 456 1422 485 in
1451 455 1561 486 locum
1590 455 1731 487 defuncti
1756 458 1972 495 substituitur,
1998 460 2127 499 quando
2153 469 2210 499 po—

1239 496 1304 536 puli
1338 498 1481 528 universi
1517 498 1672 539 suffragio
1709 498 1868 539 deligitur.
1930 500 1972 529 Et
2006 501 2145 540 epistola
2178 502 2208 531 4.

1238 538 1377 578 Propter
1399 540 1485 579 quod
1509 539 1602 580 plebs
1626 542 1811 581 obsequens
1833 543 2019 581 praeceptis
2038 543 2209 574 dominicis

1239 587 1270 611 et
1294 581 1398 611 Deum
1422 587 1581 619 metuens,
1605 594 1623 613 a
1646 588 1820 623 peccatore
1842 584 2030 623 praeposito
2054 594 2209 624 separare

1238 632 1275 653 se
1305 624 1419 660 debet,
1453 634 1514 653 ncc
1538 633 1574 654 se
1598 625 1639 655 ad
1663 624 1815 665 sacrilegi
1839 625 2023 655 sacerdotis
2047 626 2210 656 sacrificia

1238 665 1390 701 miscere,
1410 666 1540 705 quaudo
1564 667 1635 706 ipsa
1660 668 1798 697 maxime
1822 667 1918 697 habet
1938 673 2132 707 potestatem
2156 667 2208 698 vel

1239 706 1379 747 eligendi
1403 707 1520 747 dignos
1544 709 1747 745 sacerdotes,
1770 708 1823 739 vel
1848 710 2000 750 indignos
2024 710 2207 739 recusandi.

1237 748 1277 778 Et
1312 749 1485 787 deinceps:
1531 748 1670 789 Propter
1703 752 1790 791 quod
1824 751 1995 791 diligenter
2029 751 2068 781 de
2101 752 2207 782 divina

1237 790 1409 820 traditione
1443 795 1473 819 et
1508 790 1704 830 Apostolica
1744 793 1975 823 observatione
2009 793 2207 824 servandum

1240 837 1289 862 est
1336 838 1367 861 et
1412 832 1602 868 tenendum,
1655 835 1742 873 quod
1783 836 1868 874 apud
1905 844 1966 864 nos
2008 845 2138 875 quoque
2176 841 2209 866 et

1238 872 1306 904 sere
1341 874 1371 903 in
1406 875 1556 904 omnibus
1591 876 1767 914 provinciis
1802 881 1946 912 tenetur,
1979 882 2015 906 ut
2047 877 2088 906 ad
2123 877 2207 907 ordi-

1238 916 1390 946 nationes
1430 916 1490 945 rite
1530 915 1763 953 celebrandas,
1798 918 1839 947 ad
1873 928 1943 947 eam
1976 917 2120 957 plebem,
2154 920 2205 949 cui

1236 957 1444 997 praepositus
1487 958 1670 996 ordinatur,
1709 959 1863 999 Episcopi
1898 960 2042 990 eiusdem
2077 960 2208 998 provin-

1239 1000 1309 1029 ciae
1356 1000 1494 1038 proximi
1539 1001 1658 1040 quique
1703 1002 1913 1037 conveniant;
1957 1006 1988 1031 et
2022 1000 2206 1042 Episcopus

1237 1040 1400 1082 deligatur
1433 1040 1531 1081 plebe
1570 1048 1762 1081 praesente,
1808 1053 1892 1083 quae
1925 1042 2128 1085 singulorum
2159 1044 2207 1084 yi-

1236 1090 1304 1113 tam
1337 1082 1528 1123 plenissime
1562 1085 1672 1114 novit:
1705 1085 1792 1125 quod
1821 1091 1850 1115 et
1880 1085 1964 1125 apud
1994 1095 2056 1115 vos
2084 1084 2206 1116 sactum

1235 1125 1381 1155 videmus
1411 1125 1443 1155 in
1474 1124 1585 1155 Sabini
1616 1125 1766 1167 collegae
1795 1128 1898 1156 nostri
1922 1127 2141 1164 ordinatione,
2171 1132 2206 1157 ut

1235 1168 1275 1197 de
1296 1168 1473 1197 muversae
1503 1166 1715 1197 fraternitatis
1739 1168 1914 1209 suffragio,
1944 1175 1974 1198 et
2003 1168 2043 1198 de
2070 1168 2205 1209 Episco—

1232 1218 1365 1248 porum,
1388 1209 1441 1249 qui
1465 1209 1496 1238 in
1518 1210 1705 1248 praesentia
1725 1216 1962 1247 convenerant,
1992 1210 2109 1248 iudicio
2131 1210 2207 1250 Epi-

1233 1257 1388 1290 scopatus
1413 1251 1442 1281 ei
1466 1250 1656 1288 deferretur,
1681 1258 1711 1281 et
1734 1262 1850 1282 manus
1873 1253 1902 1281 ei
1925 1253 2152 1292 imponeretur.

1322 1292 1362 1322 Et
1385 1293 1591 1333 Augustinus
1615 1299 1763 1330 testatur,
1786 1293 1970 1333 Episcopos
1992 1295 2024 1324 in
2048 1292 2163 1324 Africa
2186 1303 2205 1324 a

1236 1334 1350 1365 vicinis
1381 1335 1550 1365 ordinatos
1579 1345 1671 1372 esse,
1707 1340 1737 1365 et
1770 1335 1951 1366 Romanum
1979 1337 2020 1366 ab
2050 1335 2204 1366 Ostiensi.

1236 1377 1275 1407 Et
1299 1377 1338 1406 de
1361 1376 1472 1416 populi
1496 1376 1658 1418 suffragiis
1683 1378 1796 1407 scribit
1818 1378 1849 1407 in
1874 1378 1967 1417 epist.
1992 1377 2063 1408 110.
2107 1377 2204 1414 Veni,

1237 1425 1267 1449 et
1298 1419 1462 1458 quomodo
1493 1418 1594 1449 voluit
1619 1419 1796 1455 Dominus,
1823 1420 1947 1449 adiuvit
1976 1429 2037 1450 nos
2060 1429 2120 1459 pro
2144 1429 2205 1449 sua

1235 1461 1475 1497 misericordia,
1505 1467 1539 1490 ut
1570 1471 1642 1491 cum
1673 1471 1753 1500 pace
1780 1460 1979 1500 Episcopum
2007 1462 2204 1501 acciperent,

1237 1513 1331 1543 quem
1350 1503 1441 1542 prior
1463 1502 1897 1543 designaveratEpiscopus
1921 1513 2043 1541 eorum,
2056 1501 2205 1534 volunta-

1232 1551 1296 1574 tem
1319 1545 1402 1574 enim
1424 1545 1653 1584 praecedentis
1665 1545 1709 1584 ⁰⁰)
1729 1544 1883 1584 Episcopi
1903 1545 1953 1574 sui
1976 1544 2115 1576 libenter
2137 1554 2202 1575 am-

1231 1585 1319 1626 plexi
1343 1592 1427 1616 sunt.
1474 1587 1581 1616 Minus
1605 1592 1711 1616 tamen
1730 1586 1850 1626 aliquid
1869 1585 1990 1617 factum
2013 1592 2094 1624 erat,
2116 1586 2203 1616 unde

1232 1627 1379 1659 nonnulli
1404 1629 1692 1664 contristabantur,
1723 1629 1798 1668 quia
1821 1627 1922 1658 frater
1945 1628 2088 1659 Severus
2111 1633 2203 1668 puta-

1236 1677 1327 1700 verat
1362 1669 1531 1707 sufficere,
1564 1676 1598 1701 ut
1623 1680 1852 1700 successorem
1876 1681 1969 1700 suum
1993 1671 2079 1710 apud
2103 1669 2203 1701 Cleri-

1233 1722 1290 1742 cos
1325 1712 1523 1752 designaret,
1558 1713 1644 1752 apud
1676 1710 1830 1752 populum
1865 1712 1939 1742 inde
1972 1722 2038 1742 non
2072 1711 2202 1750 locutus

1233 1760 1293 1784 est.
1337 1753 1415 1783 Erat
1447 1754 1521 1783 inde
1544 1753 1727 1794 aliquorum
1750 1753 1908 1783 nonnulla
1931 1754 2070 1784 tristitia.
2117 1753 2202 1787 Quid

1231 1795 1348 1835 plura?
1378 1795 1450 1825 Deo
1484 1795 1616 1835 placuit,
1650 1796 1776 1826 tristitia
1810 1794 1923 1836 fugata
1952 1802 2016 1832 est,
2048 1795 2200 1835 gaudium

1232 1839 1409 1874 successit,
1441 1838 1610 1868 ordinatus
1641 1843 1689 1868 est
1719 1837 1921 1877 Episcopus,
1950 1847 2044 1877 quem
2067 1846 2201 1877 praece-

1232 1881 1313 1910 dens
1336 1879 1521 1919 Episcopus
1551 1880 1744 1920 designavit.
1789 1878 1878 1919 Ego,
1900 1888 1941 1909 ne
1963 1878 2061 1919 aliqui
2085 1879 2126 1909 de
2149 1889 2201 1909 me

1232 1928 1419 1962 querantur,
1442 1920 1642 1952 voluntatem
1665 1931 1779 1957 meam,
1803 1931 1898 1960 quam
1917 1921 2014 1951 credo
2033 1920 2095 1951 Dei
2114 1930 2199 1957 esse,

1230 1965 1262 1993 in
1292 1964 1433 1994 omnium
1463 1968 1609 1993 vestrum
1632 1963 1777 1992 notitiam
1800 1961 1942 2001 profero,
1967 1962 2199 2003 Presbyterum

1230 2005 1382 2036 Eradium
1411 2004 1487 2036 mihi
1512 2014 1740 2035 successorem
1764 2004 1849 2034 volo.
1895 2005 1925 2034 A
1947 2003 2068 2045 populo
2091 2002 2198 2034 accla-

1230 2053 1350 2077 mattun
1375 2054 1442 2084 est,
1478 2046 1551 2083 fiat,
1575 2046 1640 2076 fiat.
1686 2046 1745 2076 Hic
1769 2045 1858 2075 clare
1880 2052 2019 2077 testatur
2041 2045 2199 2086 Augusti-

1228 2099 1290 2120 nus
1313 2089 1476 2129 suffragiis
1499 2087 1609 2128 populi
1631 2088 1816 2128 Episcopo-s
1840 2094 1972 2118 creatos
1991 2097 2076 2118 esse.
2110 2087 2198 2118 Idem

1231 2131 1380 2171 exempla
1402 2132 1433 2161 in
1452 2130 1596 2161 historiis
1620 2130 1808 2165 ostendunt,
1831 2136 1865 2160 ut
1888 2130 1919 2160 in
1944 2130 2008 2160 vita
2030 2129 2196 2160 Ambrosii

1229 2275 1275 2305 57)
1294 2274 1415 2306 [cipetra]
1438 2274 1478 2299 Ed.
1505 2275 1541 2298 14.
1560 2270 1652 2305 ἡρεῖτο,

1229 2326 1274 2356 58)
1295 2324 1566 2355 συνεπιψηφίζοντος]
1593 2325 1629 2348 sic
1655 2326 1722 2348 recte
1750 2323 1822 2348 Editt.
1849 2324 1872 2348 8.
1903 2323 1931 2345 ll
1952 2335 1984 2340 —-
2004 2323 2045 2346 13.
2074 2324 2099 2347 et
2119 2323 2195 2353 Opp-;

1296 2359 1368 2383 Editt.
1397 2359 1417 2381 l.
1438 2359 1462 2380 2.
1482 2358 1555 2382 4-7,
1574 2358 1596 2382 9.
1620 2356 1849 2388 συνεψηφίζοντος

1228 2409 1273 2439 59)
1293 2408 1380 2438 moris]
1402 2409 1438 2432 sic
1456 2408 1528 2432 Editt.
1549 2409 1572 2431 2.
1591 2408 1684 2431 —1—9.
1704 2408 1777 2430 11—
1791 2407 1829 2429 14.
1849 2409 1875 2431 et
1893 2407 1966 2437 0pp.;
1985 2406 2026 2431 Ed.
2046 2407 2068 2428 1.
2087 2408 2138 2436 typ.
2157 2411 2195 2430 er-

1297 2448 1338 2466 re:
1358 2442 1444 2466 mortis

1228 2493 1273 2522 60)
1294 2497 1389 2517 eorum.
1408 2492 1562 2515 voluntatem
1581 2492 1646 2516 enim
1666 2489 1852 2520 praecedentis]
1871 2490 1944 2514 Editt.
1966 2489 1987 2511 7.
2008 2490 2030 2512 8.
2053 2490 2080 2513 tl
2103 2501 2135 2506 -
2157 2489 2194 2513 14.

1297 2527 1322 2548 et
1340 2525 1415 2554 opu:
1450 2530 1550 2549 eorum.
1575 2526 1625 2549 Hoc
1644 2525 1709 2548 enim
1729 2524 1765 2548 eis
1785 2529 1840 2547 cum
1859 2522 2018 2551 innotuisset,
2037 2522 2194 2547 voluntatem

1297 2557 1472 2588 praecedentis
