2358 2933
123 107 182 138 757

123 199 267 230 Credidit
292 198 459 230 Abraham
484 196 570 235 Deo,
594 204 625 228 et
648 199 840 239 imputatum
864 203 915 227 est
939 198 968 227 ei
991 197 1034 227 ad
1057 198 1102 228 iu-

123 242 254 273 stitiam.

210 284 277 316 Sed
312 283 385 321 hic,
419 283 609 323 priusquam
645 288 756 314 cetera
785 281 880 312 Pauli
914 288 1104 322 argumenta

124 327 222 364 addo,
257 324 451 357 refutandae
482 332 557 356 sunt
593 325 751 365 quaedam
774 322 957 355 calumniae
980 333 1106 360 eorum,

124 370 178 410 qui
204 374 367 399 conantur
396 367 530 398 eludere
554 366 646 398 Pauli
670 367 766 397 dicta.
813 366 895 397 Sunt
920 366 1005 396 enim
1023 364 1104 395 mul-

124 412 146 441 ti
188 409 321 450 profani
356 409 525 448 homines,
571 410 624 450 qui
659 407 896 439 contumeliose
941 408 1106 449 exagitant

125 452 262 483 Paulum
298 458 329 483 et
363 451 544 489 clamitant,
579 462 652 483 eum
685 450 790 481 aliena
823 451 910 481 dicta
940 451 982 481 ad
1010 460 1104 480 suam

125 505 280 526 caussam
305 493 357 526 vel
380 504 441 536 per
463 495 624 525 inscitiam
647 492 701 524 vel
720 492 907 533 Sophistice
931 493 1105 533 detorque-

125 547 173 575 re,
198 547 270 568 eam
295 547 337 569 ue
360 538 403 568 ob
428 546 580 568 caussam
609 545 671 566 nec
694 535 817 575 scripta
845 545 907 566 nec
930 536 1106 566 auctorita-

125 586 191 610 tem
214 579 284 611 Pau
299 581 308 610 i
325 578 573 620 magnifaciunt.
607 578 674 609 Sed
696 577 781 608 haec
803 578 899 617 impia
922 578 1042 608 iudicia
1065 587 1106 608 ex

126 623 271 662 ipsormn
296 622 423 652 inscitia
447 622 604 652 oriuntur.
651 619 733 651 Cum
756 630 823 651 non
845 619 1031 661 intelligant
1053 630 1107 650 ex-

126 665 241 695 ercitia
275 664 350 694 fidei
385 665 417 694 in
450 664 538 694 veris
574 663 764 703 pavoribuS,
798 662 878 693 nihil
906 663 1021 693 mirum
1045 667 1106 699 est,

127 716 192 737 non
229 707 339 736 videre
373 715 450 742 eos,
485 705 651 746 quomodo
676 712 862 746 congruant
885 706 988 742 dicta,
1023 714 1107 745 quae

126 748 180 779 hic
203 748 356 779 citantur.
402 747 443 778 Et
467 747 576 779 solent
599 747 749 779 homines
769 747 823 778 vel
846 748 958 778 odisse
976 746 1030 778 vel
1053 757 1106 777 su-

128 791 229 831 perbe
263 796 483 827 contemnere,
517 800 601 830 qnae
635 800 700 820 non
731 789 927 831 intelligunt.
973 790 1040 821 Sed
1063 789 1106 830 pii

127 834 234 863 sciant
267 832 422 873 Apostoli
455 842 570 863 vocem
611 839 765 873 tanquam
806 842 922 863 vocem
964 831 1025 863 Dei
1066 832 1107 861 de

129 874 223 906 coelo
259 882 430 905 sonantem
465 875 659 905 audiendam
694 885 786 911 esse3
821 875 933 905 Sciant
969 874 1106 905 Paulum

129 928 190 949 nec
213 917 328 948 ludere
350 918 542 959 praestigiis
565 927 626 948 1166
650 927 763 948 611016
786 916 872 947 salsa
895 918 1024 954 dicere,
1047 917 1107 946 sed

128 958 310 1001 intelligere
342 970 435 991 suam
460 970 613 991 caussam
636 967 668 990 et
690 965 781 990 recte
804 958 992 999 explicare3
1037 959 1107 990 Sci-

128 1009 182 1034 ant
216 1003 292 1033 item
327 1012 514 1044 congruere
538 1001 632 1032 Pauli
667 1003 849 1032 doctrinam
877 1012 951 1032 cum
975 1001 1106 1041 scriptis
1128 1010 1129 1014 ¹

128 1043 377 1085 Prophetarum.
422 1043 585 1084 Discipuli
619 1045 721 1074 simus
752 1043 1007 1085 Apostolorum,
1040 1054 1107 1074 non

127 1089 229 1118 simus
253 1097 366 1117 eorum
391 1086 651 1117 caltunniatores.

214 1129 319 1160 Porro
343 1130 535 1166 adversarii,
558 1135 592 1159 ut
617 1128 751 1160 eludant
775 1129 860 1160 dicta
885 1130 925 1160 de
948 1128 1022 1166 fide,
1057 1126 1105 1158 af-

127 1172 253 1214 fingunt
286 1172 605 1212 imm-pretationem,
648 1182 688 1201 ac
718 1172 827 1202 dicunt
863 1170 1105 1212 Synecdochen

127 1225 221 1251 esse,
257 1213 336 1244 Fide
370 1213 496 1244 scilicet
530 1213 687 1250 formata,
721 1220 755 1244 ut
778 1214 839 1254 ipsi
862 1213 1050 1254 loquuntur,
1074 1213 1105 1242 id

127 1264 190 1295 est,
225 1257 387 1287 adiunctis
421 1257 539 1286 ceteris
563 1256 752 1292 virtutibus,
789 1266 873 1296 quae
906 1254 1105 1296 professioni

128 1304 325 1340 congruunt.
371 1298 482 1339 Atque
512 1299 557 1328 ita
580 1296 765 1338 intelligunt
788 1298 901 1329 Fidem
925 1308 1001 1328 esse
1023 1297 1105 1328 noti-

127 1342 203 1372 tiam
238 1340 406 1378 historiae,
441 1346 472 1370 et
506 1350 541 1370 re
575 1341 646 1380 ipsa
681 1341 823 1371 sentiunt
853 1340 1016 1371 hominem
1039 1350 1104 1370 non

127 1394 205 1414 esse
217 1385 259 1417 62)
293 1384 414 1414 1115111111
438 1383 517 1419 fide,
551 1383 610 1412 5611
635 1384 809 1413 virtutibus
834 1384 962 1414 ceteris.
1010 1382 1105 1417 Quod

128 1432 236 1457 autem
270 1425 352 1455 haec
377 1425 595 1466 Synecdoche
629 1432 751 1466 pugnet
784 1435 857 1456 cum
891 1427 963 1465 ipso
990 1424 1105 1462 Paulo,

127 1469 301 1509 perspicue
324 1468 454 1498 ostendi
483 1473 601 1507 potest.
647 1467 724 1498 Ideo
755 1469 839 1498 enim
862 1467 987 1499 Paulus
1009 1468 1106 1498 toties

127 1512 245 1551 repetit
267 1509 459 1551 particulam
473 1510 598 1547 Gratis,
619 1516 654 1541 ut
678 1510 831 1541 ostendat
852 1520 914 1540 nos
938 1521 1004 1541 non
1029 1520 1105 1540 con-

128 1554 221 1594 sequi
246 1551 546 1584 reconciliationem
569 1559 704 1593 propter
726 1560 859 1583 nostras
873 1554 1022 1590 virtutes,
1045 1553 1105 1583 sed

127 1602 262 1637 propter
283 1595 508 1626 Mediatorem.
553 1595 594 1625 Et
616 1595 689 1626 ideo
714 1595 800 1632 dicit,
824 1595 914 1633 Fide,
937 1602 972 1626 111
994 1596 1104 1626 iubeat

127 1639 245 1669 intueri
268 1636 359 1669 illum
372 1637 599 1675 Mediatorem,
623 1648 661 1668 ac
685 1644 840 1674 statuere,
864 1638 952 1679 quod
972 1644 1105 1679 propter

129 1682 252 1721 ipsum,
286 1691 353 1711 non
387 1686 523 1720 propter
556 1686 690 1711 nostras
731 1681 870 1711 virtutes
913 1681 1014 1711 simus
1050 1680 1128 1711 filiit

126 1723 201 1754 Dei.
231 1722 322 1754 Haec
345 1721 519 1753 manifeste
541 1729 689 1764 pugnant
709 1733 782 1754 cum
806 1722 1026 1765 synecdoche
1049 1724 1104 1754 ad-

129 1767 357 1797 versariorum.

213 1807 342 1838 Deinde
355 1807 575 1848 Synecdoche
598 1807 727 1839 illorum
752 1809 903 1839 concedit
915 1815 1105 1848 perpetuam

128 1851 372 1882 dubitationem.
418 1849 555 1888 Places,
589 1852 618 1881 si
651 1852 732 1881 satis
766 1851 870 1881 hahes
905 1852 1103 1882 meritorum.

129 1892 257 1934 Pugnat
279 1900 389 1924 autem
412 1898 444 1923 et
466 1892 550 1924 haec
574 1894 730 1924 dubitatio
754 1892 928 1924 manifeste
953 1904 1025 1924 cum
1049 1895 1105 1924 110-

127 1936 233 1966 ctrina
244 1935 351 1973 Pauli,
363 1936 451 1966 iuxta
463 1934 658 1973 illudfflom.
672 1935 703 1974 5,
719 1936 777 1974 l.]:
792 1936 961 1967 Iustificati
973 1936 1037 1967 fide
1049 1947 1105 1977 pa-

127 1987 198 2009 cem
216 1978 389 2009 habemus.
424 1977 594 2009 Dubitatio
614 1985 721 2009 autem
734 1978 830 2009 affert
843 1979 1106 2019 desperationem

127 2027 160 2051 et
178 2021 288 2052 odium
310 2019 384 2051 Dei.

213 2062 304 2094 Haec
326 2062 467 2103 praefati
490 2073 604 2094 sumus
629 2065 747 2095 ceteris
771 2065 987 2102 testimoniis,
1017 2064 1107 2105 quod

127 2108 159 2137 in
194 2107 241 2137 eis
266 2114 425 2146 expresse
449 2106 655 2137 contineatur
677 2105 837 2147 particula
862 2106 1032 2138 exclusiva
1056 2117 1106 2138 re·
1127 2120 1129 2128 .

126 2147 236 2180 futans
261 2147 520 2189 Synecdochen,
564 2148 643 2179 Item
677 2150 796 2180 mentio
821 2149 896 2179 fidei
926 2151 1104 2191 pugnantis

127 2202 201 2222 cum
224 2190 435 2222 dubitatione.
459 2190 529 2221 Nec
553 2201 615 2222 nos
638 2191 939 2232 interpretationem
963 2192 1106 2234 aliquam

128 2232 230 2265 Paulo
254 2231 459 2275 affingimus,
493 2234 553 2264 sed
576 2234 753 2265 retinemus
778 2235 1012 2275 proprietatem
1036 2245 1105 2266 ser-

127 2277 232 2307 monis
256 2286 317 2307 seu
339 2275 371 2305 τὸ
394 2276 489 2317 ῥητὸν,
508 2286 575 2307 11011
599 2276 800 2308 calumniose
823 2283 879 2308 aut
902 2278 1105 2318 superstitio-

127 2329 176 2357 se,
199 2319 258 2350 sed
282 2317 402 2349 collata
424 2324 581 2359 perpetua
604 2319 832 2360 disputatione,
857 2319 985 2351 collatis
1004 2321 1106 2351 omni-

127 2362 189 2392 bus
201 2359 359 2402 Epistolis
373 2360 476 2398 Pauli,
501 2360 628 2392 collatis
653 2363 749 2392 etiam
773 2362 867 2393 dictis
880 2362 1104 2403 Propheticis3

127 2402 278 2445 Denique
302 2413 400 2435 verae
419 2403 589 2435 Ecclesiae
612 2404 729 2435 iudicio
754 2403 889 2442 collato,
909 2415 993 2446 quae
1012 2405 1104 2436 111161-

128 2540 174 2571 62)
195 2546 252 2565 esse
272 2540 350 2566 abest
369 2541 404 2566 ab
422 2541 495 2567 Editt.
520 2543 557 2568 10.
581 2543 618 2567 11.
637 2543 751 2568 13—34..
771 2543 842 2573 Corp.
865 2544 1015 2574 1—8..0pp.
1038 2545 1058 2568 1.
1079 2543 1102 2566 2.

594 105 616 135 1.
644 104 745 136 LOCI
767 103 1041 136 THEOLOGICI:
1064 104 1106 135 D.
1124 103 1283 135 TERTIA
1306 102 1460 135 EORUM
1505 103 1660 134 AETAS.

1125 2499 1127 2511 i

2073 105 2135 137 758

1149 196 1219 238 ligit
1243 197 1426 228 doctrinam
1449 197 1488 227 de
1511 197 1708 228 remissione
1731 202 1946 237 peccatorum
1967 204 1999 228 et
2018 198 2060 229 de
2079 208 2134 230 ex-

1149 240 1273 270 ercitiis
1297 239 1382 270 fidei.

1236 281 1395 312 Fatentur
1419 281 1601 312 adversarii
1624 291 1662 312 se
1681 292 1699 312 a
1719 282 1830 312 verbis
1851 282 2034 319 discedere,
2058 284 2133 323 quia

1151 323 1260 354 dicunt
1283 324 1359 361 fide,
1384 322 1511 354 scilieet
1534 322 1687 361 formata,
1710 324 1775 355 hoc
1799 330 1861 361 est,
1884 335 1952 355 non
1975 325 2050 363 fide,
2074 326 2133 356 sed

1150 366 1269 396 ceteris
1292 366 1480 403 virtutibus,
1504 372 1536 396 et
1558 366 1679 397 iactant
1704 376 1741 397 se
1765 367 1847 397 tueri
1871 367 2014 398 διάνοιαν.
2066 367 2133 399 Sed

1150 418 1223 438 cum
1246 418 1357 439 eorum
1382 409 1607 448 interpretatio
1632 408 1719 439 haud
1739 410 1836 440 dubie
1855 416 1978 451 pugnet
1988 412 2033 451 ⁶³)
2059 421 2132 442 cum

1148 450 1221 490 ipso
1246 449 1368 488 Paulo,
1403 451 1596 481 necessario
1620 451 1764 481 taxanda
1789 458 1820 482 et
1843 453 2045 492 repudianda
2069 460 2130 484 est.

1150 492 1233 523 Cum
1255 493 1296 523 ab
1321 493 1408 523 omni
1431 493 1498 523 vita
1522 498 1589 523 tum
1611 493 1750 523 maxime
1773 503 1793 524 a
1819 495 1968 525 doctrina
1995 496 2035 526 de
2058 495 2131 527 Deo

1150 535 1349 565 removenda
1384 540 1433 565 est
1467 536 1572 566 01111115
1597 534 1797 576 Sophistica.
1844 536 1919 567 Ideo
1955 538 2044 568 bona
2068 538 2132 569 fide

1149 578 1348 608 retineamus
1383 587 1440 614 ea,
1474 587 1559 617 quae
1593 578 1723 608 tradidit
1746 577 1840 609 Deus
1863 589 1922 619 per
1945 578 2131 620 Prophetas

1151 625 1181 650 et
1203 618 1401 659 Apostolos,
1421 629 1525 659 eaque
1549 620 1663 650 dextre
1687 626 1720 651 61
1742 622 1874 661 proprie
1897 620 2108 661 explicemus.

1238 661 1323 696 Quid
1353 668 1462 692 autem
1485 661 1613 702 planius
1649 672 1689 693 ac
1723 662 1900 703 simplicius
1926 665 1987 695 dici
2021 671 2131 704 potest

1150 703 1213 734 hac
1247 704 1352 735 voce?
1397 704 1533 734 Etiamsi
1556 705 1698 735 existere
1721 706 1753 735 in
1777 707 1874 736 nobis
1898 708 2131 747 poenitentiam

1153 752 1293 786 oportet,
1318 752 1425 777 tamen
1449 748 1657 778 statuendum
1681 757 1773 785 esse,
1798 749 1885 788 quod
1907 759 1973 779 non
1996 756 2132 790 propter

1151 795 1284 819 nostras
1319 789 1473 826 virtutes,
1507 790 1567 820 sed
1590 796 1725 830 propter
1747 789 1861 821 Filium
1884 791 1948 821 Dei
1970 790 2131 822 Mediato-

1152 841 1220 861 rem
1243 832 1437 872 recipiamur
1461 837 1492 862 et
1515 831 1705 872 placeamus
1729 832 1813 864 Deo.
1850 833 1933 868 Quid
1957 833 2041 865 haec
2065 845 2130 865 vox

1151 873 1249 904 habet
1273 874 1430 904 absurdi‘.2
1472 874 1642 912 Postulat,
1665 881 1699 905 ut
1723 875 1832 906 adsint
1855 876 2004 914 virtuteS,
2028 883 2060 907 et
2083 883 2129 908 ta-

1152 926 1227 946 men
1251 926 1405 947 caussam
1427 916 1705 948 reconciliationis
1728 917 1886 949 transfert
1909 919 1940 949 111
1953 918 2129 958 Christum,

1151 959 1260 989 tribuit
1286 957 1418 989 Christo
1453 959 1596 990 debitum
1629 959 1798 999 honorem,
1822 967 1852 991 et
1881 968 2045 992 monstrat
2067 963 2129 1003 piis

1153 1001 1279 1031 firmam
1303 1000 1577 1032 consolationem.
1623 1002 1767 1033 Econtra
1790 1004 2059 1035 adversariorum
2082 1005 2128 1035 in-

1151 1043 1342 1084 terpretatio
1366 1043 1485 1074 multos
1510 1045 1655 1075 continet
1678 1044 1870 1076 manifestos
1893 1056 2035 1077 errores.

1237 1085 1313 1116 Duo
1336 1087 1481 1117 absurda
1506 1085 1751 1127 complectitur:
1774 1088 1867 1119 Iubet
1886 1088 2036 1120 homines
2055 1099 2127 1130 per-

1150 1134 1247 1168 petuo
1273 1129 1422 1159 dubitare
1445 1129 1486 1159 de
1510 1130 1714 1167 remissione,
1737 1137 1768 1160 et
1792 1131 1919 1161 interim
1942 1132 1986 1161 ait
2011 1133 2128 1163 mereri

1150 1170 1300 1201 homines
1325 1171 1553 1201 remissionem
1583 1173 1714 1212 propria
1737 1173 1905 1214 dignitate.
1951 1173 1995 1204 Ita
2021 1174 2127 1205 detra-

1150 1212 1236 1242 hitur
1261 1212 1392 1243 Christo
1416 1213 1544 1244 debitus
1569 1213 1694 1251 honos,
1720 1221 1750 1245 et
1786 1216 2008 1246 conscientiae
2032 1216 2128 1247 relin-

1150 1261 1292 1295 quuntur
1326 1255 1358 1285 in
1392 1255 1608 1293 dubitatione,
1642 1267 1726 1297 quae
1759 1256 1858 1297 plane
1893 1265 1942 1289 est
1976 1258 2126 1290 Ethnica.

1150 1297 1225 1328 Non
1248 1298 1332 1328 enim
1357 1298 1490 1329 interest
1515 1299 1598 1329 inter
1610 1298 1747 1330 Paulum
1772 1306 1802 1330 61
1814 1301 1973 1338 Atticmn,
1996 1302 2024 1331 si
2043 1307 2127 1333 uter-

1150 1350 1214 1380 que
1248 1341 1371 1380 pariter
1405 1341 1528 1371 dubitat
1564 1351 1601 1371 se
1636 1352 1654 1372 a
1678 1341 1751 1373 Deo
1776 1344 1895 1383 respici
1919 1350 1950 1373 et
1975 1344 2131 1382 exaudiri,

1151 1389 1181 1413 et
1218 1383 1349 1423 quidem
1372 1384 1468 1414 toties
1500 1384 1612 1414 dicunt
1634 1385 1815 1415 adversarii
1839 1385 2072 1417 dubitationem
2095 1385 2131 1417 il-

1149 1424 1214 1456 lam
1236 1435 1302 1456 non
1326 1435 1400 1456 esse
1423 1433 1606 1466 peccatum.
1653 1426 1831 1458 Praeterea
1861 1434 1995 1459 renatos
2020 1429 2131 1460 dicunt

1151 1469 1255 1498 iustos
1291 1477 1366 1498 esse
1400 1469 1534 1508 propria
1568 1469 1740 1510 dignitate,
1774 1480 1836 1501 nec
1858 1477 2032 1511 peccatum
2055 1481 2130 1503 6556

1151 1509 1323 1551 caliginem
1346 1509 1435 1541 illam
1466 1512 1664 1549 interiorem,
1699 1513 1919 1544 dubitationes
1954 1514 1995 1545 de
2022 1515 2130 1554 provi-

1151 1554 1258 1583 dentia
1283 1560 1311 1583 et
1338 1554 1378 1584 de
1401 1553 1678 1592 reconciliatione,
1702 1561 1733 1586 et
1755 1557 1993 1587 contumaciam
2007 1558 2129 1595 cordis,

1151 1596 1239 1636 quod
1272 1594 1388 1627 leviter
1416 1597 1524 1634 timet,
1559 1606 1625 1627 non
1649 1598 1802 1629 ardenter
1824 1604 1910 1629 amat
1936 1598 2061 1637 Deum,
2095 1606 2131 1631 ut

1151 1639 1310 1675 debebat,
1345 1644 1376 1668 et
1410 1637 1508 1669 habet
1532 1638 1617 1669 31105
1640 1639 1762 1671 multos
1786 1647 1934 1672 errantes
1957 1648 2066 1673 motus
2089 1652 2129 1674 ac

1151 1682 1290 1711 11110565
1328 1680 1478 1712 affectus.
1524 1681 1615 1713 Haec
1650 1689 1840 1720 extenuant,
1877 1690 1906 1714 et
1931 1685 2060 1725 quidem
2084 1685 2129 1715 di-

1151 1733 1226 1754 cere
1261 1723 1398 1761 audent,
1431 1724 1514 1755 haec
1548 1723 1635 1756 mala
1669 1736 1733 1757 non
1768 1736 1918 1768 pugnare
1941 1736 2014 1757 cum
2036 1726 2129 1770 Lege

1150 1766 1222 1796 Dei.

1235 1808 1317 1839 Cum
1339 1810 1438 1851 igitur
1458 1809 1678 1851 Synecdoche
1701 1810 1757 1841 illa
1780 1810 1972 1843 manifestos
1996 1822 2128 1843 errores

1151 1852 1334 1888 contineat,
1376 1853 1497 1883 omissa
1539 1853 1806 1884 adversariorum
1847 1855 2128 1895 interpretatione,

1150 1895 1322 1925 redeamus
1357 1895 1399 1925 ad
1432 1894 1580 1926 Paulum.
1625 1896 1677 1926 Ac
1711 1896 1742 1926 τὸ
1772 1896 1856 1937 §mbr
1880 1897 1996 1928 dextre
2018 1904 2129 1929 tenea-

1150 1947 1233 1974 mus,
1257 1937 1425 1968 discamus
1448 1939 1489 1968 ab
1514 1939 1587 1978 ipso
1612 1937 1715 1970 Paulo
1740 1939 1924 1970 doctrinam
1947 1940 1986 1970 116
2016 1941 2129 1971 1611115-

1151 1981 1243 2010 sione
1266 1986 1480 2020 peccatorum
1504 1987 1535 2011 et
1558 1980 1682 2019 fide,⁶⁴)
1711 1991 1778 2012 non
1800 1981 1995 2013 invehamus
2017 1982 2128 2014 huma·

1150 2033 1210 2053 nas
1242 2023 1411 2062 opiniones
1447 2023 1487 2053 de
1519 2030 1646 2055 nostro.
1692 2024 1986 2065 Deprehendemus
2020 2031 2128 2056 autem

1150 2066 1182 2096 in
1205 2066 1285 2105 ipsis
1299 2064 1393 2095 Pauli
1415 2067 1619 2106 argumentis
1642 2065 1872 2098 refiitationem
1894 2066 1981 2098 illius
2004 2067 2129 2109 Syneo-

1151 2107 1288 2139 doches.

1236 2150 1332 2181 Rom.
1360 2150 1390 2181 4.
1421 2152 1536 2182 recitat
1558 2150 1681 2182 Paulus
1705 2159 1951 2193 argumentum,
1986 2154 2074 2194 quod
2095 2155 2128 2184 in

1153 2192 1215 2223 hac
1253 2203 1373 2224 caussa
1407 2195 1618 2234 praecipuum
1652 2200 1720 2231 est,
1745 2201 1775 2225 et
1811 2205 1851 2225 ex
1876 2196 1954 2236 ipsis
1978 2194 2127 2227 fontibus

1151 2236 1296 2266 sumitur.
1342 2236 1377 2267 Si
1401 2237 1576 2276 promissio
1605 2236 1882 2268 reconciliationis
1906 2239 2062 2279 penderet
2086 2249 2127 2269 ex

1151 2278 1338 2309 ⁴conditione
1369 2278 1484 2320 Legis,
1518 2285 1672 2320 tanquam
1707 2290 1748 2310 ex
1782 2290 1919 2318 caussa,
1955 2280 2043 2312 tieret
2080 2282 2126 2312 in-

1151 2327 1260 2357 certa,
1289 2321 1350 2351 sed
1380 2328 1508 2361 oportet
1532 2322 1619 2352 hanc
1642 2323 1894 2362 promissionem
1917 2325 2126 2354 conscientiis

1150 2365 1271 2394 nostris
1296 2369 1419 2394 certam
1442 2374 1533 2400 esse3
1564 2364 1667 2406 igitur
1689 2375 1829 2397 11666556
1853 2372 1901 2396 651
1926 2367 2028 2407 gratis
2052 2377 2125 2407 pro-

1149 2492 1194 2521 63)
1213 2491 1318 2523 pugnet]
1340 2492 1381 2516 Ed.
1396 2493 1445 2523 25„
1466 2493 1538 2523 Corp.
1561 2494 1581 2518 1.
1601 2494 1624 2518 4.
1644 2498 1738 2524 pugnat

1148 2544 1192 2574 64)
1212 2542 1280 2574 fide]
1303 2543 1374 2568 Eam.
1399 2544 1418 2566 1.
1439 2545 1463 2569 3.
1483 2545 1506 2569 6.
1526 2545 1548 2569 7.
1572 2546 1608 2570 12.
1627 2545 1658 2570 de
1677 2545 1735 2575 fide,
1941 2581 1973 2605 8*

1924 2584 1937 2605 -i
