<?xml version="1.0" encoding="UTF-8"?>
<!DOCTYPE html PUBLIC "-//W3C//DTD XHTML 1.0 Transitional//EN"
    "http://www.w3.org/TR/xhtml1/DTD/xhtml1-transitional.dtd">
<html xmlns="http://www.w3.org/1999/xhtml" xml:lang="en" lang="en">
 <head>
  <title>
</title>
<meta http-equiv="Content-Type" content="text/html;charset=utf-8" />
  <meta name='ocr-system' content='tesseract 3.04.00' />
  <meta name='ocr-capabilities' content='ocr_page ocr_carea ocr_par ocr_line ocrx_word'/>
</head>
<body>
  <div class='ocr_page' id='page_1' title='image "./operaquaesupersu21melauoft/operaquaesupersu21melauoft_0097.png"; bbox 0 0 2358 2933; ppageno 0'>
   <div class='ocr_carea' id='block_1_1' title="bbox 141 128 1130 162">
    <p class='ocr_par' dir='ltr' id='par_1_1' title="bbox 141 128 1130 162">
     <span class='ocr_line' id='line_1_1' title="bbox 141 128 1130 162; baseline -0.002 0"><span class='ocrx_word' id='word_1_1' title='bbox 141 130 203 162; x_wconf 87' lang='lat'><strong>165</strong></span> <span class='ocrx_word' id='word_1_2' title='bbox 626 131 650 160; x_wconf 91' lang='grc' dir='ltr'><strong>Ι.</strong></span> <span class='ocrx_word' id='word_1_3' title='bbox 673 128 774 160; x_wconf 88' lang='lat' dir='ltr'><strong>LOCI</strong></span> <span class='ocrx_word' id='word_1_4' title='bbox 795 128 1069 160; x_wconf 82' lang='lat' dir='ltr'><strong>THEOLOGICI:</strong></span> <span class='ocrx_word' id='word_1_5' title='bbox 1091 129 1130 160; x_wconf 92' lang='lat' dir='ltr'><strong>B.</strong></span> 
     </span>
    </p>
   </div>
   <div class='ocr_carea' id='block_1_2' title="bbox 205 219 1115 347">
    <p class='ocr_par' dir='ltr' id='par_1_2' title="bbox 205 219 1115 347">
     <span class='ocr_line' id='line_1_2' title="bbox 297 219 1115 263; baseline -0.006 -9"><span class='ocrx_word' id='word_1_6' title='bbox 297 224 483 263; x_wconf 15' lang='lat' dir='ltr'><strong>eamque‘217)</strong></span> <span class='ocrx_word' id='word_1_7' title='bbox 506 221 604 252; x_wconf 90' lang='lat' dir='ltr'><strong>fidem</strong></span> <span class='ocrx_word' id='word_1_8' title='bbox 629 221 746 252; x_wconf 87' lang='lat' dir='ltr'><strong>deinde</strong></span> <span class='ocrx_word' id='word_1_9' title='bbox 771 219 951 251; x_wconf 80' lang='lat' dir='ltr'>declaravit</span> <span class='ocrx_word' id='word_1_10' title='bbox 980 220 1115 260; x_wconf 82' lang='lat' dir='ltr'><strong>egregio</strong></span> 
     </span>
     <span class='ocr_line' id='line_1_3' title="bbox 295 261 1115 306; baseline -0.005 -10"><span class='ocrx_word' id='word_1_11' title='bbox 295 265 456 306; x_wconf 83' lang='lat' dir='ltr'><strong>exemplo,</strong></span> <span class='ocrx_word' id='word_1_12' title='bbox 502 274 575 295; x_wconf 88' lang='lat' dir='ltr'><strong>cum</strong></span> <span class='ocrx_word' id='word_1_13' title='bbox 614 263 715 294; x_wconf 90' lang='lat' dir='ltr'><strong>filium</strong></span> <span class='ocrx_word' id='word_1_14' title='bbox 755 268 845 293; x_wconf 85' lang='lat' dir='ltr'><strong>esset</strong></span> <span class='ocrx_word' id='word_1_15' title='bbox 877 261 1115 299; x_wconf 73' lang='lat' dir='ltr'><strong>immolaturus,</strong></span> 
     </span>
     <span class='ocr_line' id='line_1_4' title="bbox 205 305 1115 347; baseline -0.007 -7"><span class='ocrx_word' id='word_1_16' title='bbox 205 318 235 336; x_wconf 85' lang='lat'><strong>20</strong></span> <span class='ocrx_word' id='word_1_17' title='bbox 294 306 376 339; x_wconf 89' lang='lat' dir='ltr'><strong>nihil</strong></span> <span class='ocrx_word' id='word_1_18' title='bbox 399 307 562 343; x_wconf 76' lang='lat' dir='ltr'><strong>dubitans,</strong></span> <span class='ocrx_word' id='word_1_19' title='bbox 586 307 662 347; x_wconf 91' lang='lat' dir='ltr'><strong>quin</strong></span> <span class='ocrx_word' id='word_1_20' title='bbox 687 305 829 336; x_wconf 86' lang='lat' dir='ltr'><strong>da&#39;turus</strong></span> <span class='ocrx_word' id='word_1_21' title='bbox 849 310 938 335; x_wconf 87' lang='lat' dir='ltr'><strong>esset</strong></span> <span class='ocrx_word' id='word_1_22' title='bbox 958 305 1039 335; x_wconf 86' lang='lat' dir='ltr'><strong>deus</strong></span> <span class='ocrx_word' id='word_1_23' title='bbox 1058 315 1115 344; x_wconf 91' lang='lat' dir='ltr'><strong>po-</strong></span> 
     </span>
    </p>
   </div>
   <div class='ocr_carea' id='block_1_3' title="bbox 294 346 1137 386">
    <p class='ocr_par' dir='ltr' id='par_1_3' title="bbox 294 346 1137 386">
     <span class='ocr_line' id='line_1_5' title="bbox 294 346 1137 386; baseline -0.006 -5"><span class='ocrx_word' id='word_1_24' title='bbox 294 351 485 386; x_wconf 66' lang='lat' dir='ltr'><strong>steritatem,</strong></span> <span class='ocrx_word' id='word_1_25' title='bbox 509 350 607 379; x_wconf 89' lang='lat' dir='ltr'><strong>etiam</strong></span> <span class='ocrx_word' id='word_1_26' title='bbox 629 348 693 379; x_wconf 91' lang='lat' dir='ltr'><strong>hoc</strong></span> <span class='ocrx_word' id='word_1_27' title='bbox 711 346 777 378; x_wconf 87' lang='lat' dir='ltr'><strong>filio</strong></span> <span class='ocrx_word' id='word_1_28' title='bbox 796 352 926 378; x_wconf 84' lang='lat' dir='ltr'><strong>necato.</strong></span> <span class='ocrx_word' id='word_1_29' title='bbox 955 346 1021 377; x_wconf 86' lang='lat' dir='ltr'><strong>Iam</strong></span> <span class='ocrx_word' id='word_1_30' title='bbox 1041 357 1115 377; x_wconf 87' lang='lat' dir='ltr'><strong>cum</strong></span> <span class='ocrx_word' id='word_1_31' title='bbox 1135 347 1137 376; x_wconf 61' lang='lat' dir='ltr'><strong>i</strong></span> 
     </span>
    </p>
   </div>
   <div class='ocr_carea' id='block_1_4' title="bbox 202 389 1115 2387">
    <p class='ocr_par' dir='ltr' id='par_1_4' title="bbox 202 389 1115 2387">
     <span class='ocr_line' id='line_1_6' title="bbox 294 389 1113 429; baseline -0.004 -6"><span class='ocrx_word' id='word_1_32' title='bbox 294 392 377 424; x_wconf 89' lang='lat' dir='ltr'><strong>fides</strong></span> <span class='ocrx_word' id='word_1_33' title='bbox 402 393 444 422; x_wconf 89' lang='lat' dir='ltr'><strong>sit</strong></span> <span class='ocrx_word' id='word_1_34' title='bbox 467 392 624 422; x_wconf 82' lang='lat' dir='ltr'>adsentiri</span> <span class='ocrx_word' id='word_1_35' title='bbox 648 391 751 421; x_wconf 89' lang='lat' dir='ltr'><strong>verbo</strong></span> <span class='ocrx_word' id='word_1_36' title='bbox 775 390 843 427; x_wconf 87' lang='lat' dir='ltr'><strong>dei,</strong></span> <span class='ocrx_word' id='word_1_37' title='bbox 866 389 943 429; x_wconf 91' lang='lat' dir='ltr'><strong>quid</strong></span> <span class='ocrx_word' id='word_1_38' title='bbox 967 390 1113 420; x_wconf 86' lang='lat' dir='ltr'><strong>credide-</strong></span> 
     </span>
     <span class='ocr_line' id='line_1_7' title="bbox 293 432 1114 473; baseline -0.006 -7"><span class='ocrx_word' id='word_1_39' title='bbox 293 436 334 466; x_wconf 90' lang='lat' dir='ltr'><strong>rit</strong></span> <span class='ocrx_word' id='word_1_40' title='bbox 357 434 527 466; x_wconf 86' lang='lat' dir='ltr'><strong>Abraham</strong></span> <span class='ocrx_word' id='word_1_41' title='bbox 555 444 596 464; x_wconf 84' lang='lat' dir='ltr'><strong>ex</strong></span> <span class='ocrx_word' id='word_1_42' title='bbox 626 432 844 473; x_wconf 77' lang='lat' dir='ltr'>promissione</span> <span class='ocrx_word' id='word_1_43' title='bbox 878 441 1009 472; x_wconf 89' lang='lat' dir='ltr'><strong>quoque</strong></span> <span class='ocrx_word' id='word_1_44' title='bbox 1033 432 1114 461; x_wconf 85' lang='lat' dir='ltr'><strong>satis</strong></span> 
     </span>
     <span class='ocr_line' id='line_1_8' title="bbox 295 473 1113 518; baseline -0.007 -9"><span class='ocrx_word' id='word_1_45' title='bbox 295 484 443 518; x_wconf 86' lang='lat' dir='ltr'><strong>apparet,</strong></span> <span class='ocrx_word' id='word_1_46' title='bbox 478 487 551 507; x_wconf 87' lang='lat' dir='ltr'><strong>cum</strong></span> <span class='ocrx_word' id='word_1_47' title='bbox 585 485 622 506; x_wconf 89' lang='lat' dir='ltr'><strong>se</strong></span> <span class='ocrx_word' id='word_1_48' title='bbox 662 480 883 516; x_wconf 80' lang='lat' dir='ltr'><strong>protectorem</strong></span> <span class='ocrx_word' id='word_1_49' title='bbox 917 473 963 504; x_wconf 91' lang='lat' dir='ltr'><strong>illi</strong></span> <span class='ocrx_word' id='word_1_50' title='bbox 993 474 1113 504; x_wconf 83' lang='lat' dir='ltr'><strong>addicit</strong></span> 
     </span>
     <span class='ocr_line' id='line_1_9' title="bbox 295 517 1114 560; baseline -0.007 -9"><span class='ocrx_word' id='word_1_51' title='bbox 295 521 387 552; x_wconf 86' lang='lat' dir='ltr'><strong>deus.</strong></span> <span class='ocrx_word' id='word_1_52' title='bbox 434 519 524 560; x_wconf 77' lang='lat' dir='ltr'><strong>Ergo</strong></span> <span class='ocrx_word' id='word_1_53' title='bbox 560 518 698 549; x_wconf 85' lang='lat' dir='ltr'><strong>credunt</strong></span> <span class='ocrx_word' id='word_1_54' title='bbox 731 517 785 557; x_wconf 93' lang='lat' dir='ltr'><strong>qui</strong></span> <span class='ocrx_word' id='word_1_55' title='bbox 819 527 879 557; x_wconf 91' lang='lat' dir='ltr'><strong>pro</strong></span> <span class='ocrx_word' id='word_1_56' title='bbox 913 521 1114 557; x_wconf 68' lang='lat' dir='ltr'>protectore,</span> 
     </span>
     <span class='ocr_line' id='line_1_10' title="bbox 294 558 1114 604; baseline -0.006 -11"><span class='ocrx_word' id='word_1_57' title='bbox 294 573 354 604; x_wconf 89' lang='lat' dir='ltr'><strong>pro</strong></span> <span class='ocrx_word' id='word_1_58' title='bbox 384 568 496 603; x_wconf 84' lang='lat' dir='ltr'><strong>patre,</strong></span> <span class='ocrx_word' id='word_1_59' title='bbox 521 563 524 573; x_wconf 74' lang='lat'><em>⁴</em></span> <span class='ocrx_word' id='word_1_60' title='bbox 550 562 646 591; x_wconf 85' lang='lat' dir='ltr'><strong>deum</strong></span> <span class='ocrx_word' id='word_1_61' title='bbox 668 559 807 596; x_wconf 85' lang='lat' dir='ltr'><strong>habeut,</strong></span> <span class='ocrx_word' id='word_1_62' title='bbox 835 569 901 589; x_wconf 90' lang='lat' dir='ltr'><strong>non</strong></span> <span class='ocrx_word' id='word_1_63' title='bbox 924 569 983 599; x_wconf 92' lang='lat' dir='ltr'><strong>pro</strong></span> <span class='ocrx_word' id='word_1_64' title='bbox 1008 558 1114 589; x_wconf 90' lang='lat' dir='ltr'><strong>iudice</strong></span> 
     </span>
     <span class='ocr_line' id='line_1_11' title="bbox 294 600 1114 636; baseline -0.006 0"><span class='ocrx_word' id='word_1_65' title='bbox 294 611 429 636; x_wconf 85' lang='lat' dir='ltr'><strong>tantum.</strong></span> <span class='ocrx_word' id='word_1_66' title='bbox 492 604 597 634; x_wconf 83' lang='lat' dir='ltr'>Exodi</span> <span class='ocrx_word' id='word_1_67' title='bbox 637 601 736 633; x_wconf 85' lang='lat' dir='ltr'><strong>XIIII.</strong></span> <span class='ocrx_word' id='word_1_68' title='bbox 771 600 914 632; x_wconf 87' lang='lat' dir='ltr'><strong>frenumt</strong></span> <span class='ocrx_word' id='word_1_69' title='bbox 947 600 1114 632; x_wconf 87' lang='lat' dir='ltr'><strong>Israelitae</strong></span> 
     </span>
     <span class='ocr_line' id='line_1_12' title="bbox 293 643 1114 686; baseline -0.006 -9"><span class='ocrx_word' id='word_1_70' title='bbox 293 658 354 686; x_wconf 90' lang='lat' dir='ltr'><strong>per</strong></span> <span class='ocrx_word' id='word_1_71' title='bbox 378 645 600 682; x_wconf 85' lang='lat' dir='ltr'><strong>diffidentiam,</strong></span> <span class='ocrx_word' id='word_1_72' title='bbox 625 656 698 676; x_wconf 88' lang='lat' dir='ltr'><strong>cum</strong></span> <span class='ocrx_word' id='word_1_73' title='bbox 721 643 833 685; x_wconf 81' lang='lat' dir='ltr'><strong>fugam</strong></span> <span class='ocrx_word' id='word_1_74' title='bbox 856 645 997 676; x_wconf 68' lang='lat' dir='ltr'><strong>suam‘22)</strong></span> <span class='ocrx_word' id='word_1_75' title='bbox 1017 644 1114 673; x_wconf 87' lang='lat' dir='ltr'><strong>inter-</strong></span> 
     </span>
     <span class='ocr_line' id='line_1_13' title="bbox 295 686 1114 727; baseline -0.002 -10"><span class='ocrx_word' id='word_1_76' title='bbox 295 687 466 718; x_wconf 87' lang='lat' dir='ltr'><strong>cluderent</strong></span> <span class='ocrx_word' id='word_1_77' title='bbox 487 688 600 725; x_wconf 86' lang='lat' dir='ltr'><strong>maria,</strong></span> <span class='ocrx_word' id='word_1_78' title='bbox 623 693 763 724; x_wconf 84' lang='lat' dir='ltr'><strong>montes,</strong></span> <span class='ocrx_word' id='word_1_79' title='bbox 794 692 826 717; x_wconf 79' lang='lat' dir='ltr'><strong>et</strong></span> <span class='ocrx_word' id='word_1_80' title='bbox 848 686 954 717; x_wconf 82' lang='lat' dir='ltr'><strong>hostis</strong></span> <span class='ocrx_word' id='word_1_81' title='bbox 977 696 997 716; x_wconf 84' lang='lat' dir='ltr'><strong>a</strong></span> <span class='ocrx_word' id='word_1_82' title='bbox 1020 692 1114 727; x_wconf 81' lang='lat' dir='ltr'><strong>tergo</strong></span> 
     </span>
     <span class='ocr_line' id='line_1_14' title="bbox 215 728 1115 765; baseline -0.001 -5"><span class='ocrx_word' id='word_1_83' title='bbox 215 738 228 756; x_wconf 72' lang='grc' dir='ltr'><strong>ὁ</strong></span> <span class='ocrx_word' id='word_1_84' title='bbox 291 731 440 760; x_wconf 73' lang='lat' dir='ltr'><strong>instaret.</strong></span> <span class='ocrx_word' id='word_1_85' title='bbox 487 729 556 759; x_wconf 85' lang='lat' dir='ltr'><strong>Hos</strong></span> <span class='ocrx_word' id='word_1_86' title='bbox 580 730 669 759; x_wconf 87' lang='lat' dir='ltr'><strong>iubet</strong></span> <span class='ocrx_word' id='word_1_87' title='bbox 693 729 897 759; x_wconf 78' lang='lat' dir='ltr'><strong>consiste¹re</strong></span> <span class='ocrx_word' id='word_1_88' title='bbox 920 728 1045 765; x_wconf 79' lang='lat' dir='ltr'><strong>Moses,</strong></span> <span class='ocrx_word' id='word_1_89' title='bbox 1069 730 1115 759; x_wconf 95' lang='lat' dir='ltr'><strong>vi-</strong></span> 
     </span>
     <span class='ocr_line' id='line_1_15' title="bbox 293 770 1114 813; baseline -0.002 -11"><span class='ocrx_word' id='word_1_90' title='bbox 293 782 390 803; x_wconf 84' lang='lat' dir='ltr'><strong>suros</strong></span> <span class='ocrx_word' id='word_1_91' title='bbox 414 770 578 813; x_wconf 82' lang='lat' dir='ltr'><strong>magnalia</strong></span> <span class='ocrx_word' id='word_1_92' title='bbox 601 772 664 808; x_wconf 77' lang='lat' dir='ltr'><strong>dei,</strong></span> <span class='ocrx_word' id='word_1_93' title='bbox 689 777 721 802; x_wconf 87' lang='lat' dir='ltr'><strong>et</strong></span> <span class='ocrx_word' id='word_1_94' title='bbox 744 772 831 802; x_wconf 88' lang='lat' dir='ltr'><strong>addit</strong></span> <span class='ocrx_word' id='word_1_95' title='bbox 852 771 1114 811; x_wconf 69' lang='lat' dir='ltr'><strong>promissionem,</strong></span> 
     </span>
     <span class='ocr_line' id='line_1_16' title="bbox 293 814 1114 855; baseline -0.002 -10"><span class='ocrx_word' id='word_1_96' title='bbox 293 814 454 845; x_wconf 80' lang='lat' dir='ltr'><strong>Dominus</strong></span> <span class='ocrx_word' id='word_1_97' title='bbox 479 815 637 855; x_wconf 79' lang='lat' dir='ltr'><strong>pugnabit</strong></span> <span class='ocrx_word' id='word_1_98' title='bbox 659 824 719 855; x_wconf 91' lang='lat' dir='ltr'><strong>pro</strong></span> <span class='ocrx_word' id='word_1_99' title='bbox 742 814 838 844; x_wconf 85' lang='lat' dir='ltr'><strong>vobis</strong></span> <span class='ocrx_word' id='word_1_100' title='bbox 863 819 895 844; x_wconf 87' lang='lat' dir='ltr'><strong>et</strong></span> <span class='ocrx_word' id='word_1_101' title='bbox 913 822 974 844; x_wconf 82' lang='lat' dir='ltr'><strong>vos</strong></span> <span class='ocrx_word' id='word_1_102' title='bbox 994 814 1114 844; x_wconf 89' lang='lat' dir='ltr'><strong>tacebi-</strong></span> 
     </span>
     <span class='ocr_line' id='line_1_17' title="bbox 292 858 344 887; baseline 0 0"><span class='ocrx_word' id='word_1_103' title='bbox 292 858 344 887; x_wconf 88' lang='lat' dir='ltr'><strong>tis.</strong></span> 
     </span>
     <span class='ocr_line' id='line_1_18' title="bbox 292 898 1114 931; baseline -0.002 -1"><span class='ocrx_word' id='word_1_104' title='bbox 292 910 384 931; x_wconf 89' lang='lat' dir='ltr'><strong>more</strong></span> <span class='ocrx_word' id='word_1_105' title='bbox 407 899 598 930; x_wconf 86' lang='lat' dir='ltr'><strong>scholarum</strong></span> <span class='ocrx_word' id='word_1_106' title='bbox 617 904 804 929; x_wconf 84' lang='lat' dir='ltr'><strong>nostrarum</strong></span> <span class='ocrx_word' id='word_1_107' title='bbox 828 898 1007 929; x_wconf 85' lang='lat' dir='ltr'><strong>Israelitae.</strong></span> <span class='ocrx_word' id='word_1_108' title='bbox 1055 899 1114 929; x_wconf 84' lang='lat' dir='ltr'><strong>Sa-</strong></span> 
     </span>
     <span class='ocr_line' id='line_1_19' title="bbox 292 941 1114 981; baseline -0.002 -9"><span class='ocrx_word' id='word_1_109' title='bbox 292 943 333 972; x_wconf 84' lang='lat' dir='ltr'><strong>tis</strong></span> <span class='ocrx_word' id='word_1_110' title='bbox 366 952 441 972; x_wconf 86' lang='lat' dir='ltr'><strong>csse</strong></span> <span class='ocrx_word' id='word_1_111' title='bbox 472 943 500 971; x_wconf 91' lang='lat' dir='ltr'><strong>si</strong></span> <span class='ocrx_word' id='word_1_112' title='bbox 523 941 680 971; x_wconf 79' lang='lat' dir='ltr'><strong>historiae</strong></span> <span class='ocrx_word' id='word_1_113' title='bbox 706 941 858 978; x_wconf 82' lang='lat' dir='ltr'><strong>credant,</strong></span> <span class='ocrx_word' id='word_1_114' title='bbox 883 941 971 981; x_wconf 86' lang='lat' dir='ltr'><strong>quod</strong></span> <span class='ocrx_word' id='word_1_115' title='bbox 994 941 1036 971; x_wconf 79' lang='lat' dir='ltr'><strong>sit</strong></span> <span class='ocrx_word' id='word_1_116' title='bbox 1060 941 1114 971; x_wconf 90' lang='lat' dir='ltr'><strong>de-</strong></span> 
     </span>
     <span class='ocr_line' id='line_1_20' title="bbox 212 983 1114 1024; baseline -0.003 -9"><span class='ocrx_word' id='word_1_117' title='bbox 212 991 237 1009; x_wconf 69' lang='grc'><strong>10</strong></span> <span class='ocrx_word' id='word_1_118' title='bbox 291 994 342 1021; x_wconf 84' lang='lat' dir='ltr'><strong>us,</strong></span> <span class='ocrx_word' id='word_1_119' title='bbox 366 985 453 1024; x_wconf 89' lang='lat' dir='ltr'><strong>quod</strong></span> <span class='ocrx_word' id='word_1_120' title='bbox 469 983 471 993; x_wconf 72' lang='lat'><strong><em>¹</em></strong></span> <span class='ocrx_word' id='word_1_121' title='bbox 485 983 579 1014; x_wconf 87' lang='lat' dir='ltr'><strong>malis</strong></span> <span class='ocrx_word' id='word_1_122' title='bbox 602 993 739 1023; x_wconf 86' lang='lat' dir='ltr'><strong>poenas,</strong></span> <span class='ocrx_word' id='word_1_123' title='bbox 764 984 859 1013; x_wconf 90' lang='lat' dir='ltr'><strong>bonis</strong></span> <span class='ocrx_word' id='word_1_124' title='bbox 883 984 1027 1023; x_wconf 89' lang='lat' dir='ltr'><strong>praemia</strong></span> <span class='ocrx_word' id='word_1_125' title='bbox 1050 983 1114 1013; x_wconf 88' lang='lat' dir='ltr'><strong>dis-</strong></span> 
     </span>
     <span class='ocr_line' id='line_1_21' title="bbox 292 1025 1114 1066; baseline -0.002 -10"><span class='ocrx_word' id='word_1_126' title='bbox 292 1032 420 1066; x_wconf 66' lang='lat' dir='ltr'><strong>penset.</strong></span> <span class='ocrx_word' id='word_1_127' title='bbox 444 1036 480 1056; x_wconf 87' lang='lat' dir='ltr'><strong>se</strong></span> <span class='ocrx_word' id='word_1_128' title='bbox 504 1035 636 1066; x_wconf 91' lang='lat' dir='ltr'><strong>quoque</strong></span> <span class='ocrx_word' id='word_1_129' title='bbox 660 1025 764 1056; x_wconf 85' lang='lat' dir='ltr'><strong>malos</strong></span> <span class='ocrx_word' id='word_1_130' title='bbox 789 1035 864 1055; x_wconf 82' lang='lat' dir='ltr'><strong>esse</strong></span> <span class='ocrx_word' id='word_1_131' title='bbox 889 1032 921 1055; x_wconf 91' lang='lat' dir='ltr'><strong>et</strong></span> <span class='ocrx_word' id='word_1_132' title='bbox 944 1025 1013 1055; x_wconf 86' lang='lat' dir='ltr'><strong>fieri</strong></span> <span class='ocrx_word' id='word_1_133' title='bbox 1037 1035 1114 1065; x_wconf 86' lang='grc'>1105-</span> 
     </span>
     <span class='ocr_line' id='line_1_22' title="bbox 293 1066 1115 1109; baseline -0.001 -10"><span class='ocrx_word' id='word_1_134' title='bbox 293 1078 341 1106; x_wconf 81' lang='lat' dir='ltr'><strong>se,</strong></span> <span class='ocrx_word' id='word_1_135' title='bbox 365 1074 400 1099; x_wconf 89' lang='lat' dir='ltr'><strong>ut</strong></span> <span class='ocrx_word' id='word_1_136' title='bbox 422 1068 538 1108; x_wconf 90' lang='lat' dir='ltr'><strong>punire</strong></span> <span class='ocrx_word' id='word_1_137' title='bbox 561 1066 640 1098; x_wconf 85' lang='lat' dir='ltr'><strong>velit</strong></span> <span class='ocrx_word' id='word_1_138' title='bbox 663 1074 821 1108; x_wconf 85' lang='lat' dir='ltr'><strong>utrosque</strong></span> <span class='ocrx_word' id='word_1_139' title='bbox 840 1073 906 1098; x_wconf 88' lang='lat' dir='ltr'><strong>tum</strong></span> <span class='ocrx_word' id='word_1_140' title='bbox 919 1067 1115 1109; x_wconf 65' lang='lat' dir='ltr'><strong>Aeg&gt;ptios,</strong></span> 
     </span>
     <span class='ocr_line' id='line_1_23' title="bbox 292 1109 1114 1142; baseline -0.002 -1"><span class='ocrx_word' id='word_1_141' title='bbox 292 1116 359 1142; x_wconf 88' lang='lat' dir='ltr'><strong>tum</strong></span> <span class='ocrx_word' id='word_1_142' title='bbox 382 1109 549 1141; x_wconf 89' lang='lat' dir='ltr'><strong>Israelem.</strong></span> <span class='ocrx_word' id='word_1_143' title='bbox 607 1109 674 1141; x_wconf 88' lang='lat' dir='ltr'><strong>Sed</strong></span> <span class='ocrx_word' id='word_1_144' title='bbox 696 1111 875 1141; x_wconf 87' lang='lat' dir='ltr'><strong>credebant</strong></span> <span class='ocrx_word' id='word_1_145' title='bbox 906 1110 1033 1141; x_wconf 51' lang='lat' dir='ltr'><strong>(lisinae</strong></span> <span class='ocrx_word' id='word_1_146' title='bbox 1057 1119 1114 1141; x_wconf 45' lang='lat' dir='ltr'><strong>vov-</strong></span> 
     </span>
     <span class='ocr_line' id='line_1_24' title="bbox 294 1151 1115 1191; baseline -0.001 -7"><span class='ocrx_word' id='word_1_147' title='bbox 294 1154 334 1191; x_wconf 75' lang='lat' dir='ltr'><strong>ci,</strong></span> <span class='ocrx_word' id='word_1_148' title='bbox 364 1153 480 1184; x_wconf 70' lang='lat' dir='ltr'><strong>divinis</strong></span> <span class='ocrx_word' id='word_1_149' title='bbox 511 1151 693 1190; x_wconf 78' lang='lat' dir='ltr'><strong>miraculis,</strong></span> <span class='ocrx_word' id='word_1_150' title='bbox 723 1152 867 1183; x_wconf 86' lang='lat' dir='ltr'><strong>fidebant</strong></span> <span class='ocrx_word' id='word_1_151' title='bbox 891 1153 1115 1183; x_wconf 74' lang='lat' dir='ltr'><strong>misericordia</strong></span> 
     </span>
     <span class='ocr_line' id='line_1_25' title="bbox 211 1195 1114 1236; baseline -0.002 -9"><span class='ocrx_word' id='word_1_152' title='bbox 211 1201 236 1219; x_wconf 76' lang='lat'><strong>¹⁵</strong></span> <span class='ocrx_word' id='word_1_153' title='bbox 294 1197 357 1233; x_wconf 83' lang='lat' dir='ltr'><strong>dei,</strong></span> <span class='ocrx_word' id='word_1_154' title='bbox 385 1201 420 1227; x_wconf 88' lang='lat' dir='ltr'><strong>ut</strong></span> <span class='ocrx_word' id='word_1_155' title='bbox 448 1195 679 1235; x_wconf 75' lang='lat' dir='ltr'><strong>111axin1e1ipsi</strong></span> <span class='ocrx_word' id='word_1_156' title='bbox 712 1205 843 1236; x_wconf 89' lang='lat' dir='ltr'><strong>quoque</strong></span> <span class='ocrx_word' id='word_1_157' title='bbox 866 1196 979 1226; x_wconf 87' lang='lat' dir='ltr'><strong>mortis</strong></span> <span class='ocrx_word' id='word_1_158' title='bbox 1003 1201 1114 1225; x_wconf 85' lang='lat' dir='ltr'><strong>essent</strong></span> 
     </span>
     <span class='ocr_line' id='line_1_26' title="bbox 292 1237 1115 1279; baseline -0.002 -10"><span class='ocrx_word' id='word_1_159' title='bbox 292 1239 351 1275; x_wconf 84' lang='lat' dir='ltr'><strong>rei,</strong></span> <span class='ocrx_word' id='word_1_160' title='bbox 386 1244 484 1279; x_wconf 86' lang='lat' dir='ltr'><strong>atque</strong></span> <span class='ocrx_word' id='word_1_161' title='bbox 517 1238 562 1268; x_wconf 85' lang='lat' dir='ltr'><strong>ita</strong></span> <span class='ocrx_word' id='word_1_162' title='bbox 596 1238 840 1269; x_wconf 76' lang='lat' dir='ltr'><strong>committebant</strong></span> <span class='ocrx_word' id='word_1_163' title='bbox 865 1248 900 1268; x_wconf 88' lang='lat' dir='ltr'><strong>se</strong></span> <span class='ocrx_word' id='word_1_164' title='bbox 929 1237 1026 1268; x_wconf 84' lang='lat' dir='ltr'><strong>alveo</strong></span> <span class='ocrx_word' id='word_1_165' title='bbox 1056 1248 1115 1278; x_wconf 90' lang='lat' dir='ltr'><strong>per</strong></span> 
     </span>
     <span class='ocr_line' id='line_1_27' title="bbox 292 1279 1114 1321; baseline -0.001 -10"><span class='ocrx_word' id='word_1_166' title='bbox 292 1281 399 1311; x_wconf 88' lang='lat' dir='ltr'><strong>fidem.</strong></span> <span class='ocrx_word' id='word_1_167' title='bbox 446 1279 487 1310; x_wconf 84' lang='lat' dir='ltr'><strong>Et</strong></span> <span class='ocrx_word' id='word_1_168' title='bbox 509 1281 572 1311; x_wconf 83' lang='lat' dir='ltr'><strong>iam</strong></span> <span class='ocrx_word' id='word_1_169' title='bbox 594 1279 658 1311; x_wconf 89' lang='lat' dir='ltr'><strong>hoc</strong></span> <span class='ocrx_word' id='word_1_170' title='bbox 682 1280 832 1321; x_wconf 85' lang='lat' dir='ltr'><strong>exemplo</strong></span> <span class='ocrx_word' id='word_1_171' title='bbox 856 1281 981 1321; x_wconf 85' lang='lat' dir='ltr'><strong>experti</strong></span> <span class='ocrx_word' id='word_1_172' title='bbox 1000 1280 1114 1312; x_wconf 84' lang='lat' dir='ltr'><strong>volun-</strong></span> 
     </span>
     <span class='ocr_line' id='line_1_28' title="bbox 293 1323 1114 1364; baseline -0.002 -9"><span class='ocrx_word' id='word_1_173' title='bbox 293 1329 391 1355; x_wconf 86' lang='lat' dir='ltr'><strong>tatem</strong></span> <span class='ocrx_word' id='word_1_174' title='bbox 416 1323 467 1353; x_wconf 91' lang='lat' dir='ltr'><strong>dei</strong></span> <span class='ocrx_word' id='word_1_175' title='bbox 492 1332 572 1364; x_wconf 80' lang='lat' dir='ltr'><strong>erga</strong></span> <span class='ocrx_word' id='word_1_176' title='bbox 595 1332 643 1361; x_wconf 89' lang='lat' dir='ltr'><strong>se,</strong></span> <span class='ocrx_word' id='word_1_177' title='bbox 667 1333 740 1354; x_wconf 87' lang='lat' dir='ltr'><strong>cum</strong></span> <span class='ocrx_word' id='word_1_178' title='bbox 763 1324 911 1354; x_wconf 81' lang='lat' dir='ltr'><strong>viderent</strong></span> <span class='ocrx_word' id='word_1_179' title='bbox 941 1333 978 1353; x_wconf 86' lang='lat' dir='ltr'><strong>se</strong></span> <span class='ocrx_word' id='word_1_180' title='bbox 1002 1332 1114 1353; x_wconf 84' lang='lat' dir='ltr'><strong>serva-</strong></span> 
     </span>
     <span class='ocr_line' id='line_1_29' title="bbox 292 1365 1114 1407; baseline -0.002 -10"><span class='ocrx_word' id='word_1_181' title='bbox 292 1372 356 1403; x_wconf 84' lang='lat' dir='ltr'><strong>tos,</strong></span> <span class='ocrx_word' id='word_1_182' title='bbox 369 1365 569 1407; x_wconf 55' lang='lat' dir='ltr'><strong>Aegyptitun</strong></span> <span class='ocrx_word' id='word_1_183' title='bbox 591 1365 718 1406; x_wconf 84' lang='lat' dir='ltr'><strong>perisse</strong></span> <span class='ocrx_word' id='word_1_184' title='bbox 737 1366 845 1403; x_wconf 75' lang='lat' dir='ltr'><strong>undis,</strong></span> <span class='ocrx_word' id='word_1_185' title='bbox 864 1366 1048 1403; x_wconf 87' lang='lat' dir='ltr'><strong>timuerunt,</strong></span> <span class='ocrx_word' id='word_1_186' title='bbox 1068 1366 1114 1395; x_wconf 92' lang='lat' dir='ltr'><strong>in-</strong></span> 
     </span>
     <span class='ocr_line' id='line_1_30' title="bbox 205 1408 1114 1450; baseline -0.001 -11"><span class='ocrx_word' id='word_1_187' title='bbox 205 1413 235 1431; x_wconf 66' lang='grc'><strong>20</strong></span> <span class='ocrx_word' id='word_1_188' title='bbox 293 1410 380 1450; x_wconf 84' lang='lat' dir='ltr'><strong>quit,</strong></span> <span class='ocrx_word' id='word_1_189' title='bbox 404 1408 584 1446; x_wconf 86' lang='lat' dir='ltr'><strong>dominum,</strong></span> <span class='ocrx_word' id='word_1_190' title='bbox 616 1414 648 1439; x_wconf 88' lang='lat' dir='ltr'><strong>et</strong></span> <span class='ocrx_word' id='word_1_191' title='bbox 672 1409 881 1439; x_wconf 87' lang='lat' dir='ltr'><strong>erediderunt</strong></span> <span class='ocrx_word' id='word_1_192' title='bbox 904 1409 1058 1446; x_wconf 67' lang='grc'>(1011111110,</span> <span class='ocrx_word' id='word_1_193' title='bbox 1082 1413 1114 1438; x_wconf 85' lang='lat' dir='ltr'><strong>et</strong></span> 
     </span>
     <span class='ocr_line' id='line_1_31' title="bbox 292 1450 1114 1492; baseline -0.002 -9"><span class='ocrx_word' id='word_1_194' title='bbox 292 1451 379 1483; x_wconf 86' lang='lat' dir='ltr'><strong>Mosi</strong></span> <span class='ocrx_word' id='word_1_195' title='bbox 403 1461 501 1482; x_wconf 86' lang='lat' dir='ltr'><strong>servo</strong></span> <span class='ocrx_word' id='word_1_196' title='bbox 526 1451 605 1481; x_wconf 87' lang='lat' dir='ltr'><strong>eius.</strong></span> <span class='ocrx_word' id='word_1_197' title='bbox 651 1450 693 1481; x_wconf 90' lang='lat' dir='ltr'><strong>Et</strong></span> <span class='ocrx_word' id='word_1_198' title='bbox 723 1461 763 1482; x_wconf 85' lang='lat' dir='ltr'><strong>ea</strong></span> <span class='ocrx_word' id='word_1_199' title='bbox 786 1452 917 1492; x_wconf 91' lang='lat' dir='ltr'><strong>quidem</strong></span> <span class='ocrx_word' id='word_1_200' title='bbox 939 1451 1034 1482; x_wconf 88' lang='lat' dir='ltr'><strong>nobis</strong></span> <span class='ocrx_word' id='word_1_201' title='bbox 1059 1460 1114 1481; x_wconf 88' lang='lat' dir='ltr'><strong>ex—</strong></span> 
     </span>
     <span class='ocr_line' id='line_1_32' title="bbox 293 1493 1114 1535; baseline -0.002 -10"><span class='ocrx_word' id='word_1_202' title='bbox 293 1493 401 1535; x_wconf 86' lang='lat' dir='ltr'><strong>empla</strong></span> <span class='ocrx_word' id='word_1_203' title='bbox 422 1499 497 1524; x_wconf 84' lang='lat' dir='ltr'><strong>sunt</strong></span> <span class='ocrx_word' id='word_1_204' title='bbox 520 1494 681 1531; x_wconf 83' lang='lat' dir='ltr'><strong>exhibita,</strong></span> <span class='ocrx_word' id='word_1_205' title='bbox 711 1500 746 1524; x_wconf 89' lang='lat' dir='ltr'><strong>ut</strong></span> <span class='ocrx_word' id='word_1_206' title='bbox 778 1494 942 1525; x_wconf 83' lang='lat' dir='ltr'><strong>discamus</strong></span> <span class='ocrx_word' id='word_1_207' title='bbox 966 1494 1114 1530; x_wconf 78' lang='lat' dir='ltr'><strong>credere,</strong></span> 
     </span>
     <span class='ocr_line' id='line_1_33' title="bbox 291 1536 1114 1577; baseline -0.001 -10"><span class='ocrx_word' id='word_1_208' title='bbox 291 1547 358 1568; x_wconf 88' lang='grc'>11011</span> <span class='ocrx_word' id='word_1_209' title='bbox 392 1536 447 1566; x_wconf 86' lang='lat' dir='ltr'><strong>illa</strong></span> <span class='ocrx_word' id='word_1_210' title='bbox 483 1537 612 1577; x_wconf 89' lang='lat' dir='ltr'><strong>quidem</strong></span> <span class='ocrx_word' id='word_1_211' title='bbox 635 1536 824 1577; x_wconf 80' lang='lat' dir='ltr'><strong>Sophistica</strong></span> <span class='ocrx_word' id='word_1_212' title='bbox 851 1536 933 1574; x_wconf 88' lang='lat' dir='ltr'><strong>fide,</strong></span> <span class='ocrx_word' id='word_1_213' title='bbox 963 1537 1022 1567; x_wconf 86' lang='lat' dir='ltr'><strong>sed</strong></span> <span class='ocrx_word' id='word_1_214' title='bbox 1050 1536 1114 1567; x_wconf 85' lang='lat' dir='ltr'><strong>hac</strong></span> 
     </span>
     <span class='ocr_line' id='line_1_34' title="bbox 292 1578 1112 1619; baseline 0 -10"><span class='ocrx_word' id='word_1_215' title='bbox 292 1579 413 1609; x_wconf 86' lang='lat' dir='ltr'><strong>fiducia</strong></span> <span class='ocrx_word' id='word_1_216' title='bbox 443 1579 536 1609; x_wconf 82' lang='lat' dir='ltr'><strong>verbi</strong></span> <span class='ocrx_word' id='word_1_217' title='bbox 566 1580 633 1616; x_wconf 78' lang='lat' dir='ltr'><strong>dei,</strong></span> <span class='ocrx_word' id='word_1_218' title='bbox 663 1578 793 1619; x_wconf 83' lang='lat' dir='ltr'><strong>qualem</strong></span> <span class='ocrx_word' id='word_1_219' title='bbox 826 1578 930 1610; x_wconf 83' lang='lat' dir='ltr'><strong>fuisse</strong></span> <span class='ocrx_word' id='word_1_220' title='bbox 957 1580 989 1609; x_wconf 91' lang='lat' dir='ltr'><strong>in</strong></span> <span class='ocrx_word' id='word_1_221' title='bbox 1018 1578 1112 1609; x_wconf 82' lang='lat' dir='ltr'><strong>Mose</strong></span> 
     </span>
     <span class='ocr_line' id='line_1_35' title="bbox 292 1619 677 1652; baseline -0.008 0"><span class='ocrx_word' id='word_1_222' title='bbox 292 1622 386 1652; x_wconf 75' lang='lat' dir='ltr'><strong>vides</strong></span> <span class='ocrx_word' id='word_1_223' title='bbox 404 1621 469 1651; x_wconf 90' lang='lat' dir='ltr'><strong>hoc</strong></span> <span class='ocrx_word' id='word_1_224' title='bbox 492 1619 568 1650; x_wconf 92' lang='lat' dir='ltr'><strong>loco</strong></span> <span class='ocrx_word' id='word_1_225' title='bbox 592 1626 655 1651; x_wconf 84' lang='lat' dir='ltr'><strong>etc.</strong></span> <span class='ocrx_word' id='word_1_226' title='bbox 673 1622 677 1649; x_wconf 83' lang='grc'><strong>1</strong></span> 
     </span>
     <span class='ocr_line' id='line_1_36' title="bbox 336 1662 1113 1703; baseline 0 -10"><span class='ocrx_word' id='word_1_227' title='bbox 336 1662 475 1698; x_wconf 85' lang='lat' dir='ltr'><strong>Qualem</strong></span> <span class='ocrx_word' id='word_1_228' title='bbox 509 1668 617 1693; x_wconf 88' lang='lat' dir='ltr'><strong>autem</strong></span> <span class='ocrx_word' id='word_1_229' title='bbox 650 1662 747 1693; x_wconf 89' lang='lat' dir='ltr'><strong>fidem</strong></span> <span class='ocrx_word' id='word_1_230' title='bbox 776 1663 875 1703; x_wconf 83' lang='lat' dir='ltr'><strong>exigit</strong></span> <span class='ocrx_word' id='word_1_231' title='bbox 902 1663 932 1693; x_wconf 92' lang='lat' dir='ltr'><strong>in</strong></span> <span class='ocrx_word' id='word_1_232' title='bbox 961 1663 1113 1695; x_wconf 86' lang='lat' dir='ltr'><strong>Numeris</strong></span> 
     </span>
     <span class='ocr_line' id='line_1_37' title="bbox 292 1705 1113 1745; baseline 0.001 -10"><span class='ocrx_word' id='word_1_233' title='bbox 292 1705 391 1736; x_wconf 90' lang='lat' dir='ltr'><strong>XIIII.</strong></span> <span class='ocrx_word' id='word_1_234' title='bbox 423 1716 496 1735; x_wconf 82' lang='lat' dir='ltr'><strong>cum</strong></span> <span class='ocrx_word' id='word_1_235' title='bbox 525 1705 718 1745; x_wconf 81' lang='lat' dir='ltr'><strong>desperaret</strong></span> <span class='ocrx_word' id='word_1_236' title='bbox 741 1705 782 1735; x_wconf 89' lang='lat' dir='ltr'><strong>de</strong></span> <span class='ocrx_word' id='word_1_237' title='bbox 804 1705 991 1736; x_wconf 82' lang='lat' dir='ltr'><strong>Palaestina</strong></span> <span class='ocrx_word' id='word_1_238' title='bbox 1017 1716 1113 1736; x_wconf 78' lang='lat' dir='ltr'><strong>occu-</strong></span> 
     </span>
     <span class='ocr_line' id='line_1_38' title="bbox 290 1746 1113 1789; baseline 0.001 -11"><span class='ocrx_word' id='word_1_239' title='bbox 290 1748 401 1789; x_wconf 85' lang='lat' dir='ltr'><strong>panda</strong></span> <span class='ocrx_word' id='word_1_240' title='bbox 420 1746 584 1788; x_wconf 72' lang='lat' dir='ltr'><strong>populus?</strong></span> <span class='ocrx_word' id='word_1_241' title='bbox 607 1747 660 1777; x_wconf 90' lang='lat' dir='ltr'><strong>Ait</strong></span> <span class='ocrx_word' id='word_1_242' title='bbox 685 1748 770 1778; x_wconf 89' lang='lat' dir='ltr'><strong>enim</strong></span> <span class='ocrx_word' id='word_1_243' title='bbox 794 1748 952 1779; x_wconf 83' lang='lat' dir='ltr'><strong>dominus.</strong></span> <span class='ocrx_word' id='word_1_244' title='bbox 987 1747 1113 1789; x_wconf 85' lang='lat' dir='ltr'><strong>Usque-</strong></span> 
     </span>
     <span class='ocr_line' id='line_1_39' title="bbox 292 1789 1114 1831; baseline 0.001 -11"><span class='ocrx_word' id='word_1_245' title='bbox 292 1801 357 1831; x_wconf 89' lang='lat' dir='ltr'><strong>quo</strong></span> <span class='ocrx_word' id='word_1_246' title='bbox 387 1789 537 1821; x_wconf 85' lang='lat' dir='ltr'><strong>detrahet</strong></span> <span class='ocrx_word' id='word_1_247' title='bbox 564 1789 641 1820; x_wconf 89' lang='lat' dir='ltr'><strong>mihi</strong></span> <span class='ocrx_word' id='word_1_248' title='bbox 669 1789 811 1831; x_wconf 88' lang='lat' dir='ltr'><strong>populus</strong></span> <span class='ocrx_word' id='word_1_249' title='bbox 835 1790 918 1821; x_wconf 73' lang='lat' dir='ltr'><strong>iste?</strong></span> <span class='ocrx_word' id='word_1_250' title='bbox 942 1801 1114 1831; x_wconf 72' lang='lat' dir='ltr'><strong>quousque</strong></span> 
     </span>
     <span class='ocr_line' id='line_1_40' title="bbox 203 1832 1114 1874; baseline 0 -10"><span class='ocrx_word' id='word_1_251' title='bbox 203 1837 217 1855; x_wconf 71' lang='grc'><strong>-5</strong></span> <span class='ocrx_word' id='word_1_252' title='bbox 287 1843 356 1864; x_wconf 84' lang='grc'>11011</span> <span class='ocrx_word' id='word_1_253' title='bbox 381 1833 517 1863; x_wconf 86' lang='lat' dir='ltr'><strong>credent</strong></span> <span class='ocrx_word' id='word_1_254' title='bbox 537 1834 541 1854; x_wconf 79' lang='lat'>¹</span> <span class='ocrx_word' id='word_1_255' title='bbox 570 1832 646 1863; x_wconf 88' lang='lat' dir='ltr'><strong>mihi</strong></span> <span class='ocrx_word' id='word_1_256' title='bbox 669 1833 701 1863; x_wconf 89' lang='lat' dir='ltr'><strong>in</strong></span> <span class='ocrx_word' id='word_1_257' title='bbox 727 1833 876 1863; x_wconf 88' lang='lat' dir='ltr'><strong>omnibus</strong></span> <span class='ocrx_word' id='word_1_258' title='bbox 900 1833 1003 1874; x_wconf 84' lang='lat' dir='ltr'><strong>signis</strong></span> <span class='ocrx_word' id='word_1_259' title='bbox 1027 1843 1114 1874; x_wconf 86' lang='lat' dir='ltr'><strong>quae</strong></span> 
     </span>
     <span class='ocr_line' id='line_1_41' title="bbox 290 1874 1112 1915; baseline 0 -9"><span class='ocrx_word' id='word_1_260' title='bbox 290 1874 353 1906; x_wconf 87' lang='lat' dir='ltr'><strong>feci</strong></span> <span class='ocrx_word' id='word_1_261' title='bbox 385 1886 496 1906; x_wconf 85' lang='lat' dir='ltr'><strong>coram</strong></span> <span class='ocrx_word' id='word_1_262' title='bbox 523 1875 598 1907; x_wconf 71' lang='lat' dir='ltr'><strong>eis?</strong></span> <span class='ocrx_word' id='word_1_263' title='bbox 643 1875 684 1906; x_wconf 87' lang='lat' dir='ltr'><strong>Et</strong></span> <span class='ocrx_word' id='word_1_264' title='bbox 710 1876 816 1915; x_wconf 89' lang='lat' dir='ltr'><strong>capite</strong></span> <span class='ocrx_word' id='word_1_265' title='bbox 847 1875 920 1906; x_wconf 88' lang='lat' dir='ltr'><strong>XX.</strong></span> <span class='ocrx_word' id='word_1_266' title='bbox 953 1878 1015 1913; x_wconf 90' lang='lat' dir='ltr'><strong>[vs.</strong></span> <span class='ocrx_word' id='word_1_267' title='bbox 1048 1876 1112 1914; x_wconf 64' lang='lat'><strong>12]</strong></span> 
     </span>
     <span class='ocr_line' id='line_1_42' title="bbox 291 1917 1113 1959; baseline 0.001 -11"><span class='ocrx_word' id='word_1_268' title='bbox 291 1918 447 1948; x_wconf 86' lang='lat' dir='ltr'><strong>Irascitur</strong></span> <span class='ocrx_word' id='word_1_269' title='bbox 457 1917 544 1948; x_wconf 87' lang='lat' dir='ltr'><strong>Mosi</strong></span> <span class='ocrx_word' id='word_1_270' title='bbox 563 1924 594 1948; x_wconf 92' lang='lat' dir='ltr'><strong>et</strong></span> <span class='ocrx_word' id='word_1_271' title='bbox 606 1917 755 1956; x_wconf 76' lang='lat' dir='ltr'><strong>Aharon,</strong></span> <span class='ocrx_word' id='word_1_272' title='bbox 774 1919 861 1959; x_wconf 89' lang='lat' dir='ltr'><strong>quod</strong></span> <span class='ocrx_word' id='word_1_273' title='bbox 877 1928 944 1949; x_wconf 88' lang='grc'>11011</span> <span class='ocrx_word' id='word_1_274' title='bbox 958 1919 1113 1949; x_wconf 81' lang='lat' dir='ltr'><strong>credidis-</strong></span> 
     </span>
     <span class='ocr_line' id='line_1_43' title="bbox 292 1961 1114 2002; baseline 0.001 -11"><span class='ocrx_word' id='word_1_275' title='bbox 292 1967 495 2002; x_wconf 84' lang='lat' dir='ltr'><strong>sent-aquam</strong></span> <span class='ocrx_word' id='word_1_276' title='bbox 508 1970 526 1990; x_wconf 91' lang='lat' dir='ltr'><strong>e</strong></span> <span class='ocrx_word' id='word_1_277' title='bbox 538 1967 631 2000; x_wconf 85' lang='lat' dir='ltr'><strong>petra</strong></span> <span class='ocrx_word' id='word_1_278' title='bbox 642 1966 919 2000; x_wconf 84' lang='lat' dir='ltr'><strong>promanaturam.</strong></span> <span class='ocrx_word' id='word_1_279' title='bbox 951 1961 1114 1992; x_wconf 79' lang='lat' dir='ltr'><strong>Credebat</strong></span> 
     </span>
     <span class='ocr_line' id='line_1_44' title="bbox 293 2003 1115 2041; baseline 0.001 -7"><span class='ocrx_word' id='word_1_280' title='bbox 293 2010 382 2035; x_wconf 87' lang='lat' dir='ltr'><strong>certe</strong></span> <span class='ocrx_word' id='word_1_281' title='bbox 390 2003 538 2040; x_wconf 76' lang='lat' dir='ltr'><strong>Aharon,</strong></span> <span class='ocrx_word' id='word_1_282' title='bbox 557 2004 713 2034; x_wconf 88' lang='lat' dir='ltr'><strong>credebat</strong></span> <span class='ocrx_word' id='word_1_283' title='bbox 726 2003 840 2034; x_wconf 87' lang='lat' dir='ltr'><strong>Moses</strong></span> <span class='ocrx_word' id='word_1_284' title='bbox 855 2013 929 2034; x_wconf 88' lang='lat' dir='ltr'><strong>esse</strong></span> <span class='ocrx_word' id='word_1_285' title='bbox 939 2005 1044 2041; x_wconf 76' lang='lat' dir='ltr'><strong>deum,</strong></span> <span class='ocrx_word' id='word_1_286' title='bbox 1054 2005 1115 2035; x_wconf 87' lang='lat' dir='ltr'><strong>sed</strong></span> 
     </span>
     <span class='ocr_line' id='line_1_45' title="bbox 208 2045 1114 2087; baseline 0 -10"><span class='ocrx_word' id='word_1_287' title='bbox 208 2049 234 2066; x_wconf 88' lang='lat'><strong>¹⁰</strong></span> <span class='ocrx_word' id='word_1_288' title='bbox 288 2047 328 2078; x_wconf 91' lang='lat' dir='ltr'><strong>de</strong></span> <span class='ocrx_word' id='word_1_289' title='bbox 342 2047 451 2077; x_wconf 85' lang='lat' dir='ltr'><strong>divina</strong></span> <span class='ocrx_word' id='word_1_290' title='bbox 468 2056 552 2077; x_wconf 89' lang='lat' dir='ltr'><strong>voce</strong></span> <span class='ocrx_word' id='word_1_291' title='bbox 573 2046 752 2083; x_wconf 80' lang='lat' dir='ltr'><strong>dubitabat,</strong></span> <span class='ocrx_word' id='word_1_292' title='bbox 769 2045 772 2071; x_wconf 91' lang='grc' dir='ltr'>Ι</span> <span class='ocrx_word' id='word_1_293' title='bbox 787 2056 852 2086; x_wconf 90' lang='lat' dir='ltr'><strong>qua</strong></span> <span class='ocrx_word' id='word_1_294' title='bbox 863 2047 1025 2087; x_wconf 84' lang='lat' dir='ltr'><strong>promissa</strong></span> <span class='ocrx_word' id='word_1_295' title='bbox 1045 2053 1114 2078; x_wconf 90' lang='lat' dir='ltr'><strong>erat</strong></span> 
     </span>
     <span class='ocr_line' id='line_1_46' title="bbox 291 2087 1115 2129; baseline 0.001 -10"><span class='ocrx_word' id='word_1_296' title='bbox 291 2099 377 2129; x_wconf 88' lang='lat' dir='ltr'><strong>aqua</strong></span> <span class='ocrx_word' id='word_1_297' title='bbox 390 2099 408 2119; x_wconf 88' lang='lat' dir='ltr'><strong>e</strong></span> <span class='ocrx_word' id='word_1_298' title='bbox 420 2095 523 2129; x_wconf 88' lang='lat' dir='ltr'><strong>petra.</strong></span> <span class='ocrx_word' id='word_1_299' title='bbox 547 2088 628 2119; x_wconf 84' lang='lat' dir='ltr'><strong>Eam</strong></span> <span class='ocrx_word' id='word_1_300' title='bbox 640 2087 900 2120; x_wconf 87' lang='lat' dir='ltr'><strong>incrudulitatem</strong></span> <span class='ocrx_word' id='word_1_301' title='bbox 920 2090 1115 2121; x_wconf 85' lang='lat' dir='ltr'><strong>taxatdomi-</strong></span> 
     </span>
     <span class='ocr_line' id='line_1_47' title="bbox 290 2141 363 2162; baseline -0.014 0"><span class='ocrx_word' id='word_1_302' title='bbox 290 2141 363 2162; x_wconf 86' lang='lat' dir='ltr'><strong>nus.</strong></span> 
     </span>
     <span class='ocr_line' id='line_1_48' title="bbox 334 2172 1113 2215; baseline 0.003 -12"><span class='ocrx_word' id='word_1_303' title='bbox 334 2173 401 2203; x_wconf 89' lang='lat' dir='ltr'><strong>Aut</strong></span> <span class='ocrx_word' id='word_1_304' title='bbox 421 2173 461 2203; x_wconf 92' lang='lat' dir='ltr'><strong>de</strong></span> <span class='ocrx_word' id='word_1_305' title='bbox 486 2183 551 2214; x_wconf 87' lang='lat' dir='ltr'><strong>qua</strong></span> <span class='ocrx_word' id='word_1_306' title='bbox 573 2172 636 2204; x_wconf 86' lang='lat' dir='ltr'><strong>fide</strong></span> <span class='ocrx_word' id='word_1_307' title='bbox 659 2172 803 2215; x_wconf 87' lang='lat' dir='ltr'><strong>loquitur</strong></span> <span class='ocrx_word' id='word_1_308' title='bbox 821 2173 934 2205; x_wconf 85' lang='lat' dir='ltr'><strong>Moses</strong></span> <span class='ocrx_word' id='word_1_309' title='bbox 954 2175 1113 2206; x_wconf 88' lang='lat' dir='ltr'><strong>Deutero.</strong></span> 
     </span>
     <span class='ocr_line' id='line_1_49' title="bbox 290 2215 1115 2255; baseline 0.005 -10"><span class='ocrx_word' id='word_1_310' title='bbox 290 2216 313 2246; x_wconf 92' lang='grc' dir='ltr'><strong>Ι.</strong></span> <span class='ocrx_word' id='word_1_311' title='bbox 340 2219 401 2253; x_wconf 74' lang='lat' dir='ltr'><strong>1vs.</strong></span> <span class='ocrx_word' id='word_1_312' title='bbox 426 2215 508 2255; x_wconf 85' lang='lat' dir='ltr'><strong>3l.:]</strong></span> <span class='ocrx_word' id='word_1_313' title='bbox 529 2215 677 2247; x_wconf 80' lang='lat' dir='ltr'><strong>Portavit</strong></span> <span class='ocrx_word' id='word_1_314' title='bbox 699 2222 731 2247; x_wconf 88' lang='lat' dir='ltr'><strong>te</strong></span> <span class='ocrx_word' id='word_1_315' title='bbox 755 2218 837 2248; x_wconf 90' lang='lat' dir='ltr'><strong>deus</strong></span> <span class='ocrx_word' id='word_1_316' title='bbox 860 2223 946 2253; x_wconf 67' lang='lat' dir='ltr'><strong>tuus,</strong></span> <span class='ocrx_word' id='word_1_317' title='bbox 969 2223 1003 2248; x_wconf 93' lang='lat' dir='ltr'><strong>ut</strong></span> <span class='ocrx_word' id='word_1_318' title='bbox 1027 2217 1115 2249; x_wconf 83' lang='lat' dir='ltr'><strong>solet</strong></span> 
     </span>
     <span class='ocr_line' id='line_1_50' title="bbox 289 2258 1113 2300; baseline 0.005 -12"><span class='ocrx_word' id='word_1_319' title='bbox 289 2258 389 2289; x_wconf 83' lang='lat' dir='ltr'><strong>homo</strong></span> <span class='ocrx_word' id='word_1_320' title='bbox 434 2264 566 2300; x_wconf 77' lang='lat' dir='ltr'><strong>gestare</strong></span> <span class='ocrx_word' id='word_1_321' title='bbox 603 2258 775 2299; x_wconf 85' lang='lat' dir='ltr'><strong>parvulum</strong></span> <span class='ocrx_word' id='word_1_322' title='bbox 815 2259 915 2291; x_wconf 80' lang='lat' dir='ltr'><strong>filiuni</strong></span> <span class='ocrx_word' id='word_1_323' title='bbox 952 2271 1046 2292; x_wconf 86' lang='lat' dir='ltr'><strong>suum</strong></span> <span class='ocrx_word' id='word_1_324' title='bbox 1081 2263 1113 2293; x_wconf 92' lang='lat' dir='ltr'><strong>in</strong></span> 
     </span>
     <span class='ocr_line' id='line_1_51' title="bbox 202 2301 1111 2341; baseline 0.007 -12"><span class='ocrx_word' id='word_1_325' title='bbox 202 2311 228 2330; x_wconf 81' lang='lat'><strong>15</strong></span> <span class='ocrx_word' id='word_1_326' title='bbox 291 2301 377 2331; x_wconf 90' lang='lat' dir='ltr'><strong>omni</strong></span> <span class='ocrx_word' id='word_1_327' title='bbox 408 2302 478 2339; x_wconf 82' lang='lat' dir='ltr'><strong>via,</strong></span> <span class='ocrx_word' id='word_1_328' title='bbox 508 2311 567 2341; x_wconf 91' lang='lat' dir='ltr'><strong>per</strong></span> <span class='ocrx_word' id='word_1_329' title='bbox 596 2301 910 2341; x_wconf 72' lang='lat' dir='ltr'><strong>quamtambulastis</strong></span> <span class='ocrx_word' id='word_1_330' title='bbox 927 2305 1032 2334; x_wconf 90' lang='lat' dir='ltr'><strong>donec</strong></span> <span class='ocrx_word' id='word_1_331' title='bbox 1056 2316 1111 2335; x_wconf 87' lang='lat' dir='ltr'><strong>ve-</strong></span> 
     </span>
     <span class='ocr_line' id='line_1_52' title="bbox 288 2343 1112 2387; baseline 0.005 -13"><span class='ocrx_word' id='word_1_332' title='bbox 288 2344 403 2374; x_wconf 89' lang='lat' dir='ltr'><strong>niretis</strong></span> <span class='ocrx_word' id='word_1_333' title='bbox 426 2344 467 2375; x_wconf 91' lang='lat' dir='ltr'><strong>ad</strong></span> <span class='ocrx_word' id='word_1_334' title='bbox 492 2343 600 2374; x_wconf 89' lang='lat' dir='ltr'><strong>locum</strong></span> <span class='ocrx_word' id='word_1_335' title='bbox 623 2344 729 2374; x_wconf 86' lang='lat' dir='ltr'><strong>istum.</strong></span> <span class='ocrx_word' id='word_1_336' title='bbox 781 2346 822 2376; x_wconf 92' lang='lat' dir='ltr'><strong>Et</strong></span> <span class='ocrx_word' id='word_1_337' title='bbox 846 2356 886 2377; x_wconf 92' lang='lat' dir='ltr'><strong>ne</strong></span> <span class='ocrx_word' id='word_1_338' title='bbox 909 2347 957 2377; x_wconf 86' lang='lat' dir='ltr'><strong>sic</strong></span> <span class='ocrx_word' id='word_1_339' title='bbox 981 2347 1112 2387; x_wconf 89' lang='lat' dir='ltr'><strong>quidem</strong></span> 
     </span>
    </p>
   </div>
   <div class='ocr_carea' id='block_1_5' title="bbox 176 570 258 596">
    <p class='ocr_par' dir='ltr' id='par_1_5' title="bbox 176 570 258 596">
     <span class='ocr_line' id='line_1_53' title="bbox 176 570 258 596; baseline -0.012 -1"><span class='ocrx_word' id='word_1_340' title='bbox 176 571 216 596; x_wconf 76' lang='lat'><strong>78.</strong></span> <span class='ocrx_word' id='word_1_341' title='bbox 236 570 258 595; x_wconf 85' lang='lat' dir='ltr'><strong>b.</strong></span> 
     </span>
    </p>
   </div>
   <div class='ocr_carea' id='block_1_6' title="bbox 157 1658 265 1722">
    <p class='ocr_par' dir='ltr' id='par_1_6' title="bbox 157 1658 265 1722">
     <span class='ocr_line' id='line_1_54' title="bbox 175 1658 256 1687; baseline 0 -5"><span class='ocrx_word' id='word_1_342' title='bbox 175 1658 215 1687; x_wconf 77' lang='lat'><strong>79,</strong></span> <span class='ocrx_word' id='word_1_343' title='bbox 235 1664 256 1682; x_wconf 83' lang='lat' dir='ltr'><strong>a.</strong></span> 
     </span>
     <span class='ocr_line' id='line_1_55' title="bbox 157 1692 265 1722; baseline 0.019 -6"><span class='ocrx_word' id='word_1_344' title='bbox 157 1692 211 1722; x_wconf 71' lang='lat'><strong>(42,</strong></span> <span class='ocrx_word' id='word_1_345' title='bbox 231 1692 265 1719; x_wconf 73' lang='lat' dir='ltr'><strong>a.)</strong></span> 
     </span>
    </p>
   </div>
   <div class='ocr_carea' id='block_1_7' title="bbox 133 2471 629 2537">
    <p class='ocr_par' dir='ltr' id='par_1_7' title="bbox 133 2471 629 2537">
     <span class='ocr_line' id='line_1_56' title="bbox 133 2471 629 2510; baseline 0.004 -15"><span class='ocrx_word' id='word_1_346' title='bbox 133 2471 179 2502; x_wconf 83' lang='lat'><strong>21)</strong></span> <span class='ocrx_word' id='word_1_347' title='bbox 204 2471 382 2510; x_wconf 60' lang='lat' dir='ltr'><strong>adjustitiam.</strong></span> <span class='ocrx_word' id='word_1_348' title='bbox 411 2472 474 2501; x_wconf 83' lang='lat' dir='ltr'><strong>Quid</strong></span> <span class='ocrx_word' id='word_1_349' title='bbox 492 2473 568 2502; x_wconf 81' lang='lat' dir='ltr'><strong>igitur</strong></span> <span class='ocrx_word' id='word_1_350' title='bbox 586 2489 591 2495; x_wconf 91' lang='lat'><strong>.</strong></span> <span class='ocrx_word' id='word_1_351' title='bbox 607 2490 629 2497; x_wconf 93' lang='lat'><strong>..</strong></span> 
     </span>
     <span class='ocr_line' id='line_1_57' title="bbox 201 2506 450 2537; baseline 0.004 -8"><span class='ocrx_word' id='word_1_352' title='bbox 201 2507 302 2530; x_wconf 76' lang='lat' dir='ltr'><strong>stiuam.</strong></span> <span class='ocrx_word' id='word_1_353' title='bbox 340 2506 450 2537; x_wconf 85' lang='lat' dir='ltr'><strong>Eamque</strong></span> 
     </span>
    </p>
   </div>
   <div class='ocr_carea' id='block_1_8' title="bbox 133 2555 466 2586">
    <p class='ocr_par' dir='ltr' id='par_1_8' title="bbox 133 2555 466 2586">
     <span class='ocr_line' id='line_1_58' title="bbox 133 2555 466 2586; baseline 0 -6"><span class='ocrx_word' id='word_1_354' title='bbox 133 2555 179 2586; x_wconf 81' lang='lat'><strong>22)</strong></span> <span class='ocrx_word' id='word_1_355' title='bbox 205 2556 289 2586; x_wconf 84' lang='lat' dir='ltr'><strong>suam]</strong></span> <span class='ocrx_word' id='word_1_356' title='bbox 309 2564 364 2581; x_wconf 85' lang='lat' dir='ltr'><strong>om.</strong></span> <span class='ocrx_word' id='word_1_357' title='bbox 383 2557 424 2581; x_wconf 88' lang='lat' dir='ltr'><strong>Ed.</strong></span> <span class='ocrx_word' id='word_1_358' title='bbox 444 2558 466 2581; x_wconf 86' lang='lat'><strong>7.</strong></span> 
     </span>
    </p>
   </div>
   <div class='ocr_carea' id='block_1_9' title="bbox 648 2472 1110 2505">
    <p class='ocr_par' dir='ltr' id='par_1_9' title="bbox 648 2472 1110 2505">
     <span class='ocr_line' id='line_1_59' title="bbox 648 2472 1110 2505; baseline 0.006 -8"><span class='ocrx_word' id='word_1_359' title='bbox 648 2472 761 2499; x_wconf 81' lang='lat' dir='ltr'><strong>credidit.</strong></span> <span class='ocrx_word' id='word_1_360' title='bbox 781 2474 899 2505; x_wconf 81' lang='lat' dir='ltr'><strong>eamque]</strong></span> <span class='ocrx_word' id='word_1_361' title='bbox 918 2474 959 2499; x_wconf 89' lang='lat' dir='ltr'><strong>Ed.</strong></span> <span class='ocrx_word' id='word_1_362' title='bbox 978 2475 1001 2499; x_wconf 81' lang='lat'><strong>7.</strong></span> <span class='ocrx_word' id='word_1_363' title='bbox 1021 2475 1054 2499; x_wconf 89' lang='lat' dir='ltr'><strong>ad</strong></span> <span class='ocrx_word' id='word_1_364' title='bbox 1073 2475 1110 2500; x_wconf 93' lang='lat' dir='ltr'><strong>iu-</strong></span> 
     </span>
    </p>
   </div>
   <div class='ocr_carea' id='block_1_10' title="bbox 392 856 1137 896">
    <p class='ocr_par' dir='ltr' id='par_1_10' title="bbox 392 856 1137 896">
     <span class='ocr_line' id='line_1_60' title="bbox 392 856 1137 896; baseline 0.001 -9"><span class='ocrx_word' id='word_1_365' title='bbox 392 857 477 892; x_wconf 85' lang='lat' dir='ltr'><strong>Quid</strong></span> <span class='ocrx_word' id='word_1_366' title='bbox 501 857 527 887; x_wconf 87' lang='lat' dir='ltr'><strong>si</strong></span> <span class='ocrx_word' id='word_1_367' title='bbox 561 856 615 887; x_wconf 92' lang='lat' dir='ltr'><strong>hic</strong></span> <span class='ocrx_word' id='word_1_368' title='bbox 639 857 679 887; x_wconf 91' lang='lat' dir='ltr'><strong>de</strong></span> <span class='ocrx_word' id='word_1_369' title='bbox 702 856 765 887; x_wconf 83' lang='lat' dir='ltr'><strong>fide</strong></span> <span class='ocrx_word' id='word_1_370' title='bbox 791 856 1015 896; x_wconf 74' lang='lat' dir='ltr'><strong>disputassent</strong></span> <span class='ocrx_word' id='word_1_371' title='bbox 1054 866 1114 896; x_wconf 93' lang='lat' dir='ltr'><strong>pro</strong></span> <span class='ocrx_word' id='word_1_372' title='bbox 1136 878 1137 888; x_wconf 45' lang='grc'><strong>1</strong></span> 
     </span>
    </p>
   </div>
   <div class='ocr_carea' id='block_1_11' title="bbox 1136 1366 1410 1404">
    <p class='ocr_par' dir='ltr' id='par_1_11' title="bbox 1136 1366 1410 1404">
     <span class='ocr_line' id='line_1_61' title="bbox 1136 1366 1410 1404; baseline 0.004 -8"><span class='ocrx_word' id='word_1_373' title='bbox 1136 1366 1138 1372; x_wconf 68' lang='grc'><strong>“</strong></span> <span class='ocrx_word' id='word_1_374' title='bbox 1158 1366 1267 1397; x_wconf 90' lang='lat' dir='ltr'><strong>Anani</strong></span> <span class='ocrx_word' id='word_1_375' title='bbox 1309 1372 1410 1404; x_wconf 82' lang='lat' dir='ltr'><strong>taxat,</strong></span> 
     </span>
    </p>
   </div>
   <div class='ocr_carea' id='block_1_12' title="bbox 1135 237 1144 2561">
    <p class='ocr_par' dir='ltr' id='par_1_12' title="bbox 1135 237 1144 2561">
     <span class='ocr_line' id='line_1_62' title="bbox 1135 237 1144 2561; baseline 0 0"><span class='ocrx_word' id='word_1_376' title='bbox 1135 237 1144 2561; x_wconf 95' lang='lat' dir='ltr'><strong> </strong></span> 
     </span>
    </p>
   </div>
   <div class='ocr_carea' id='block_1_13' title="bbox 1155 126 1650 160">
    <p class='ocr_par' dir='ltr' id='par_1_13' title="bbox 1155 126 1650 160">
     <span class='ocr_line' id='line_1_63' title="bbox 1155 126 1650 160; baseline -0.002 -1"><span class='ocrx_word' id='word_1_377' title='bbox 1155 128 1294 160; x_wconf 84' lang='lat' dir='ltr'><strong>PRIMA</strong></span> <span class='ocrx_word' id='word_1_378' title='bbox 1316 127 1471 159; x_wconf 84' lang='lat' dir='ltr'><strong>EORUM</strong></span> <span class='ocrx_word' id='word_1_379' title='bbox 1494 126 1650 159; x_wconf 81' lang='lat' dir='ltr'><strong>AETAS.</strong></span> 
     </span>
    </p>
   </div>
   <div class='ocr_carea' id='block_1_14' title="bbox 1157 220 1985 599">
    <p class='ocr_par' dir='ltr' id='par_1_14' title="bbox 1157 220 1985 599">
     <span class='ocr_line' id='line_1_64' title="bbox 1161 220 1981 260; baseline -0.001 -10"><span class='ocrx_word' id='word_1_380' title='bbox 1161 222 1345 252; x_wconf 83' lang='lat' dir='ltr'><strong>credidistis</strong></span> <span class='ocrx_word' id='word_1_381' title='bbox 1369 221 1499 251; x_wconf 87' lang='lat' dir='ltr'><strong>domino</strong></span> <span class='ocrx_word' id='word_1_382' title='bbox 1525 221 1586 251; x_wconf 81' lang='lat' dir='ltr'><strong>deo</strong></span> <span class='ocrx_word' id='word_1_383' title='bbox 1611 227 1735 251; x_wconf 78' lang='lat' dir='ltr'><strong>vestro.</strong></span> <span class='ocrx_word' id='word_1_384' title='bbox 1755 220 1808 260; x_wconf 90' lang='lat' dir='ltr'><strong>qui</strong></span> <span class='ocrx_word' id='word_1_385' title='bbox 1828 229 1981 260; x_wconf 80' lang='lat' dir='ltr'><strong>praeces-</strong></span> 
     </span>
     <span class='ocr_line' id='line_1_65' title="bbox 1159 261 1982 294; baseline 0 -2"><span class='ocrx_word' id='word_1_386' title='bbox 1159 263 1201 293; x_wconf 83' lang='lat' dir='ltr'><strong>sit</strong></span> <span class='ocrx_word' id='word_1_387' title='bbox 1225 273 1284 293; x_wconf 88' lang='lat' dir='ltr'><strong>vos</strong></span> <span class='ocrx_word' id='word_1_388' title='bbox 1308 264 1340 293; x_wconf 91' lang='lat' dir='ltr'><strong>in</strong></span> <span class='ocrx_word' id='word_1_389' title='bbox 1360 264 1413 293; x_wconf 87' lang='lat' dir='ltr'><strong>via</strong></span> <span class='ocrx_word' id='word_1_390' title='bbox 1431 269 1493 293; x_wconf 89' lang='lat' dir='ltr'><strong>etc.</strong></span> <span class='ocrx_word' id='word_1_391' title='bbox 1518 263 1692 294; x_wconf 84' lang='lat' dir='ltr'><strong>Habebant</strong></span> <span class='ocrx_word' id='word_1_392' title='bbox 1710 261 1757 293; x_wconf 90' lang='lat' dir='ltr'><strong>illi</strong></span> <span class='ocrx_word' id='word_1_393' title='bbox 1778 268 1866 293; x_wconf 89' lang='lat' dir='ltr'><strong>certe</strong></span> <span class='ocrx_word' id='word_1_394' title='bbox 1885 261 1982 292; x_wconf 87' lang='lat' dir='ltr'><strong>fidem</strong></span> 
     </span>
     <span class='ocr_line' id='line_1_66' title="bbox 1157 304 1981 345; baseline 0.001 -11"><span class='ocrx_word' id='word_1_395' title='bbox 1157 304 1346 342; x_wconf 71' lang='lat' dir='ltr'><strong>informem,</strong></span> <span class='ocrx_word' id='word_1_396' title='bbox 1376 305 1543 336; x_wconf 83' lang='lat' dir='ltr'><strong>habebant</strong></span> <span class='ocrx_word' id='word_1_397' title='bbox 1572 305 1668 336; x_wconf 79' lang='lat' dir='ltr'><strong>fidem</strong></span> <span class='ocrx_word' id='word_1_398' title='bbox 1691 305 1896 345; x_wconf 85' lang='lat' dir='ltr'><strong>acquisitam,</strong></span> <span class='ocrx_word' id='word_1_399' title='bbox 1922 305 1981 335; x_wconf 91' lang='lat' dir='ltr'><strong>sed</strong></span> 
     </span>
     <span class='ocr_line' id='line_1_67' title="bbox 1157 345 1985 387; baseline 0 -10"><span class='ocrx_word' id='word_1_400' title='bbox 1157 347 1430 387; x_wconf 85' lang='lat' dir='ltr'><strong>promissionibus</strong></span> <span class='ocrx_word' id='word_1_401' title='bbox 1454 348 1697 378; x_wconf 84' lang='lat' dir='ltr'><strong>misericordiae</strong></span> <span class='ocrx_word' id='word_1_402' title='bbox 1720 351 1723 363; x_wconf 90' lang='lat'><strong>¹</strong></span> <span class='ocrx_word' id='word_1_403' title='bbox 1744 348 1795 378; x_wconf 90' lang='lat' dir='ltr'><strong>dei</strong></span> <span class='ocrx_word' id='word_1_404' title='bbox 1815 357 1880 377; x_wconf 90' lang='lat' dir='ltr'><strong>non</strong></span> <span class='ocrx_word' id='word_1_405' title='bbox 1904 345 1985 378; x_wconf 86' lang='lat' dir='ltr'><strong>fide-</strong></span> 
     </span>
     <span class='ocr_line' id='line_1_68' title="bbox 1158 388 1985 423; baseline 0.001 -4"><span class='ocrx_word' id='word_1_406' title='bbox 1158 390 1254 423; x_wconf 81' lang='lat' dir='ltr'><strong>bant.</strong></span> <span class='ocrx_word' id='word_1_407' title='bbox 1280 400 1347 420; x_wconf 90' lang='lat' dir='ltr'><strong>non</strong></span> <span class='ocrx_word' id='word_1_408' title='bbox 1378 396 1469 420; x_wconf 86' lang='lat' dir='ltr'><strong>erant</strong></span> <span class='ocrx_word' id='word_1_409' title='bbox 1496 396 1607 420; x_wconf 87' lang='lat' dir='ltr'><strong>erecta</strong></span> <span class='ocrx_word' id='word_1_410' title='bbox 1633 391 1735 420; x_wconf 82' lang='lat' dir='ltr'><strong>corda</strong></span> <span class='ocrx_word' id='word_1_411' title='bbox 1764 400 1877 420; x_wconf 90' lang='lat' dir='ltr'><strong>eorum</strong></span> <span class='ocrx_word' id='word_1_412' title='bbox 1900 388 1985 420; x_wconf 83' lang='lat' dir='ltr'><strong>sidu-</strong></span> 
     </span>
     <span class='ocr_line' id='line_1_69' title="bbox 1159 432 1984 463; baseline 0.002 -2"><span class='ocrx_word' id='word_1_413' title='bbox 1159 432 1209 461; x_wconf 87' lang='lat' dir='ltr'><strong>cia</strong></span> <span class='ocrx_word' id='word_1_414' title='bbox 1247 433 1493 463; x_wconf 80' lang='lat' dir='ltr'><strong>misericordiae</strong></span> <span class='ocrx_word' id='word_1_415' title='bbox 1524 433 1586 463; x_wconf 89' lang='lat' dir='ltr'><strong>dei.</strong></span> <span class='ocrx_word' id='word_1_416' title='bbox 1619 433 1773 463; x_wconf 84' lang='lat' dir='ltr'><strong>vivebant</strong></span> <span class='ocrx_word' id='word_1_417' title='bbox 1808 433 1840 462; x_wconf 91' lang='lat' dir='ltr'><strong>in</strong></span> <span class='ocrx_word' id='word_1_418' title='bbox 1881 434 1984 463; x_wconf 88' lang='lat' dir='ltr'><strong>incre-</strong></span> 
     </span>
     <span class='ocr_line' id='line_1_70' title="bbox 1159 472 1984 515; baseline 0 -12"><span class='ocrx_word' id='word_1_419' title='bbox 1159 472 1295 504; x_wconf 84' lang='lat' dir='ltr'><strong>dulitate</strong></span> <span class='ocrx_word' id='word_1_420' title='bbox 1308 496 1317 511; x_wconf 78' lang='grc'>,</span> <span class='ocrx_word' id='word_1_421' title='bbox 1362 480 1608 505; x_wconf 78' lang='lat' dir='ltr'><strong>contemnentes</strong></span> <span class='ocrx_word' id='word_1_422' title='bbox 1647 476 1739 505; x_wconf 90' lang='lat' dir='ltr'><strong>verbi</strong></span> <span class='ocrx_word' id='word_1_423' title='bbox 1788 475 1856 511; x_wconf 64' lang='lat' dir='ltr'><strong>dei,</strong></span> <span class='ocrx_word' id='word_1_424' title='bbox 1902 484 1984 515; x_wconf 86' lang='lat' dir='ltr'><strong>opus</strong></span> 
     </span>
     <span class='ocr_line' id='line_1_71' title="bbox 1159 516 1982 558; baseline 0.002 -13"><span class='ocrx_word' id='word_1_425' title='bbox 1159 516 1223 553; x_wconf 73' lang='lat' dir='ltr'><strong>dei,</strong></span> <span class='ocrx_word' id='word_1_426' title='bbox 1247 516 1471 546; x_wconf 87' lang='lat' dir='ltr'><strong>reductionem</strong></span> <span class='ocrx_word' id='word_1_427' title='bbox 1495 526 1536 546; x_wconf 87' lang='lat' dir='ltr'><strong>ex</strong></span> <span class='ocrx_word' id='word_1_428' title='bbox 1559 517 1714 558; x_wconf 68' lang='lat' dir='ltr'><strong>Aegypto</strong></span> <span class='ocrx_word' id='word_1_429' title='bbox 1741 517 1874 557; x_wconf 79' lang='lat' dir='ltr'><strong>indigne</strong></span> <span class='ocrx_word' id='word_1_430' title='bbox 1898 516 1982 547; x_wconf 85' lang='lat' dir='ltr'><strong>fere-</strong></span> 
     </span>
     <span class='ocr_line' id='line_1_72' title="bbox 1160 558 1984 599; baseline 0.001 -11"><span class='ocrx_word' id='word_1_431' title='bbox 1160 559 1250 595; x_wconf 85' lang='lat' dir='ltr'><strong>bant,</strong></span> <span class='ocrx_word' id='word_1_432' title='bbox 1274 559 1348 589; x_wconf 86' lang='lat' dir='ltr'><strong>ideo</strong></span> <span class='ocrx_word' id='word_1_433' title='bbox 1373 559 1443 588; x_wconf 88' lang='lat' dir='ltr'><strong>eius</strong></span> <span class='ocrx_word' id='word_1_434' title='bbox 1467 558 1706 589; x_wconf 78' lang='lat' dir='ltr'><strong>incredulitatis</strong></span> <span class='ocrx_word' id='word_1_435' title='bbox 1729 569 1854 599; x_wconf 83' lang='lat' dir='ltr'><strong>poenas</strong></span> <span class='ocrx_word' id='word_1_436' title='bbox 1886 560 1984 590; x_wconf 91' lang='lat' dir='ltr'><strong>dede-</strong></span> 
     </span>
    </p>
   </div>
   <div class='ocr_carea' id='block_1_15' title="bbox 2078 125 2138 157">
    <p class='ocr_par' dir='ltr' id='par_1_15' title="bbox 2078 125 2138 157">
     <span class='ocr_line' id='line_1_73' title="bbox 2078 125 2138 157; baseline 0 -1"><span class='ocrx_word' id='word_1_437' title='bbox 2078 125 2138 157; x_wconf 83' lang='lat'><strong>166</strong></span> 
     </span>
    </p>
   </div>
   <div class='ocr_carea' id='block_1_16' title="bbox 2049 347 2078 365">
    <p class='ocr_par' dir='ltr' id='par_1_16' title="bbox 2049 347 2078 365">
     <span class='ocr_line' id='line_1_74' title="bbox 2049 347 2078 365; baseline -0.034 0"><span class='ocrx_word' id='word_1_438' title='bbox 2049 347 2078 365; x_wconf 70' lang='lat'><strong>&#39;20</strong></span> 
     </span>
    </p>
   </div>
   <div class='ocr_carea' id='block_1_17' title="bbox 1160 600 2105 642">
    <p class='ocr_par' dir='ltr' id='par_1_17' title="bbox 1160 600 2105 642">
     <span class='ocr_line' id='line_1_75' title="bbox 1160 600 2105 642; baseline 0.004 -11"><span class='ocrx_word' id='word_1_439' title='bbox 1160 600 1331 638; x_wconf 58' lang='lat' dir='ltr'><strong>1‘e,⁴llaud</strong></span> <span class='ocrx_word' id='word_1_440' title='bbox 1354 601 1451 631; x_wconf 89' lang='lat' dir='ltr'><strong>dubie</strong></span> <span class='ocrx_word' id='word_1_441' title='bbox 1475 600 1557 631; x_wconf 88' lang='lat' dir='ltr'><strong>alias</strong></span> <span class='ocrx_word' id='word_1_442' title='bbox 1583 602 1658 632; x_wconf 89' lang='lat' dir='ltr'><strong>boni</strong></span> <span class='ocrx_word' id='word_1_443' title='bbox 1683 602 1743 632; x_wconf 85' lang='lat' dir='ltr'><strong>viri</strong></span> <span class='ocrx_word' id='word_1_444' title='bbox 1766 603 1798 632; x_wconf 92' lang='lat' dir='ltr'><strong>in</strong></span> <span class='ocrx_word' id='word_1_445' title='bbox 1829 603 1983 642; x_wconf 88' lang='lat' dir='ltr'><strong>speciem.</strong></span> <span class='ocrx_word' id='word_1_446' title='bbox 2022 611 2063 640; x_wconf 76' lang='lat'><strong>79,</strong></span> <span class='ocrx_word' id='word_1_447' title='bbox 2084 610 2105 635; x_wconf 81' lang='lat' dir='ltr'><strong>b.</strong></span> 
     </span>
    </p>
   </div>
   <div class='ocr_carea' id='block_1_18' title="bbox 1157 643 1987 1750">
    <p class='ocr_par' dir='ltr' id='par_1_18' title="bbox 1157 643 1987 1750">
     <span class='ocr_line' id='line_1_76' title="bbox 1159 643 1987 684; baseline 0.001 -11"><span class='ocrx_word' id='word_1_448' title='bbox 1159 643 1251 674; x_wconf 85' lang='lat' dir='ltr'><strong>Haec</strong></span> <span class='ocrx_word' id='word_1_449' title='bbox 1279 649 1331 674; x_wconf 88' lang='lat' dir='ltr'><strong>est</strong></span> <span class='ocrx_word' id='word_1_450' title='bbox 1354 643 1540 684; x_wconf 75' lang='lat' dir='ltr'><strong>hypocrisis</strong></span> <span class='ocrx_word' id='word_1_451' title='bbox 1564 643 1742 681; x_wconf 75' lang='lat' dir='ltr'><strong>hominum,</strong></span> <span class='ocrx_word' id='word_1_452' title='bbox 1769 644 1823 684; x_wconf 89' lang='lat' dir='ltr'><strong>qui</strong></span> <span class='ocrx_word' id='word_1_453' title='bbox 1847 646 1889 675; x_wconf 92' lang='lat' dir='ltr'><strong>ad</strong></span> <span class='ocrx_word' id='word_1_454' title='bbox 1913 655 1987 675; x_wconf 88' lang='lat' dir='ltr'><strong>eum</strong></span> 
     </span>
     <span class='ocr_line' id='line_1_77' title="bbox 1159 684 1986 726; baseline 0.001 -10"><span class='ocrx_word' id='word_1_455' title='bbox 1159 686 1291 717; x_wconf 87' lang='lat' dir='ltr'><strong>modum</strong></span> <span class='ocrx_word' id='word_1_456' title='bbox 1314 684 1415 716; x_wconf 85' lang='lat' dir='ltr'><strong>fucati</strong></span> <span class='ocrx_word' id='word_1_457' title='bbox 1438 692 1514 716; x_wconf 88' lang='lat' dir='ltr'><strong>sunt</strong></span> <span class='ocrx_word' id='word_1_458' title='bbox 1537 687 1632 717; x_wconf 86' lang='lat' dir='ltr'><strong>bonis</strong></span> <span class='ocrx_word' id='word_1_459' title='bbox 1653 688 1823 726; x_wconf 84' lang='lat' dir='ltr'><strong>operibus.</strong></span> <span class='ocrx_word' id='word_1_460' title='bbox 1849 697 1908 717; x_wconf 88' lang='lat' dir='ltr'><strong>cor</strong></span> <span class='ocrx_word' id='word_1_461' title='bbox 1931 698 1986 718; x_wconf 90' lang='lat' dir='ltr'><strong>au-</strong></span> 
     </span>
     <span class='ocr_line' id='line_1_78' title="bbox 1160 728 1986 771; baseline 0.001 -13"><span class='ocrx_word' id='word_1_462' title='bbox 1160 735 1226 759; x_wconf 89' lang='lat' dir='ltr'><strong>tem</strong></span> <span class='ocrx_word' id='word_1_463' title='bbox 1257 739 1322 759; x_wconf 91' lang='lat' dir='ltr'><strong>non</strong></span> <span class='ocrx_word' id='word_1_464' title='bbox 1348 734 1398 759; x_wconf 87' lang='lat' dir='ltr'><strong>est</strong></span> <span class='ocrx_word' id='word_1_465' title='bbox 1422 735 1577 767; x_wconf 69' lang='lat' dir='ltr'><strong>erectum,</strong></span> <span class='ocrx_word' id='word_1_466' title='bbox 1608 728 1728 759; x_wconf 82' lang='lat' dir='ltr'><strong>fiducia</strong></span> <span class='ocrx_word' id='word_1_467' title='bbox 1752 735 1784 759; x_wconf 90' lang='lat' dir='ltr'><strong>et</strong></span> <span class='ocrx_word' id='word_1_468' title='bbox 1807 730 1927 771; x_wconf 78' lang='lat' dir='ltr'><strong>gaudio</strong></span> <span class='ocrx_word' id='word_1_469' title='bbox 1954 730 1986 759; x_wconf 92' lang='lat' dir='ltr'><strong>in</strong></span> 
     </span>
     <span class='ocr_line' id='line_1_79' title="bbox 1160 771 1984 813; baseline -0.001 -11"><span class='ocrx_word' id='word_1_470' title='bbox 1160 772 1242 808; x_wconf 68' lang='lat' dir='ltr'><strong>deo,</strong></span> <span class='ocrx_word' id='word_1_471' title='bbox 1277 781 1350 801; x_wconf 87' lang='lat' dir='ltr'><strong>cum</strong></span> <span class='ocrx_word' id='word_1_472' title='bbox 1380 771 1466 801; x_wconf 85' lang='lat' dir='ltr'><strong>hanc</strong></span> <span class='ocrx_word' id='word_1_473' title='bbox 1495 771 1497 796; x_wconf 65' lang='lat' dir='ltr'><strong>l</strong></span> <span class='ocrx_word' id='word_1_474' title='bbox 1523 782 1621 803; x_wconf 90' lang='lat' dir='ltr'><strong>unam</strong></span> <span class='ocrx_word' id='word_1_475' title='bbox 1654 771 1807 803; x_wconf 74' lang='lat' dir='ltr'><strong>fiduciam</strong></span> <span class='ocrx_word' id='word_1_476' title='bbox 1841 772 1984 813; x_wconf 84' lang='lat' dir='ltr'><strong>requirat</strong></span> 
     </span>
     <span class='ocr_line' id='line_1_80' title="bbox 1160 813 1984 855; baseline 0 -11"><span class='ocrx_word' id='word_1_477' title='bbox 1160 814 1259 850; x_wconf 76' lang='grc'>(16115,</span> <span class='ocrx_word' id='word_1_478' title='bbox 1294 824 1368 845; x_wconf 89' lang='lat' dir='ltr'><strong>cum</strong></span> <span class='ocrx_word' id='word_1_479' title='bbox 1398 813 1485 844; x_wconf 87' lang='lat' dir='ltr'><strong>illius</strong></span> <span class='ocrx_word' id='word_1_480' title='bbox 1515 815 1610 845; x_wconf 84' lang='lat' dir='ltr'><strong>unius</strong></span> <span class='ocrx_word' id='word_1_481' title='bbox 1643 814 1886 846; x_wconf 78' lang='lat' dir='ltr'><strong>confirmandae</strong></span> <span class='ocrx_word' id='word_1_482' title='bbox 1911 824 1984 855; x_wconf 81' lang='lat' dir='ltr'><strong>gra-</strong></span> 
     </span>
     <span class='ocr_line' id='line_1_81' title="bbox 1160 854 1985 894; baseline 0 -7"><span class='ocrx_word' id='word_1_483' title='bbox 1160 857 1220 893; x_wconf 78' lang='lat' dir='ltr'><strong>tia,</strong></span> <span class='ocrx_word' id='word_1_484' title='bbox 1251 854 1356 887; x_wconf 89' lang='lat' dir='ltr'><strong>filium</strong></span> <span class='ocrx_word' id='word_1_485' title='bbox 1385 857 1527 894; x_wconf 75' lang='lat' dir='ltr'><strong>dederit,</strong></span> <span class='ocrx_word' id='word_1_486' title='bbox 1558 867 1600 887; x_wconf 91' lang='lat' dir='ltr'><strong>ne</strong></span> <span class='ocrx_word' id='word_1_487' title='bbox 1629 858 1669 888; x_wconf 88' lang='lat' dir='ltr'><strong>de</strong></span> <span class='ocrx_word' id='word_1_488' title='bbox 1700 858 1786 888; x_wconf 86' lang='lat' dir='ltr'><strong>bona</strong></span> <span class='ocrx_word' id='word_1_489' title='bbox 1815 857 1985 888; x_wconf 85' lang='lat' dir='ltr'><strong>voluntate</strong></span> 
     </span>
     <span class='ocr_line' id='line_1_82' title="bbox 1160 899 1984 940; baseline 0.002 -12"><span class='ocrx_word' id='word_1_490' title='bbox 1160 909 1241 940; x_wconf 78' lang='lat' dir='ltr'><strong>erga</strong></span> <span class='ocrx_word' id='word_1_491' title='bbox 1274 909 1336 929; x_wconf 88' lang='lat' dir='ltr'><strong>nos</strong></span> <span class='ocrx_word' id='word_1_492' title='bbox 1371 909 1432 929; x_wconf 91' lang='lat' dir='ltr'><strong>sua</strong></span> <span class='ocrx_word' id='word_1_493' title='bbox 1466 899 1667 937; x_wconf 36' lang='grc'>111111116111115,</span> <span class='ocrx_word' id='word_1_494' title='bbox 1702 906 1737 931; x_wconf 90' lang='lat' dir='ltr'><strong>ut</strong></span> <span class='ocrx_word' id='word_1_495' title='bbox 1765 910 1928 940; x_wconf 78' lang='lat' dir='ltr'><strong>ponamus</strong></span> <span class='ocrx_word' id='word_1_496' title='bbox 1953 900 1984 930; x_wconf 88' lang='lat' dir='ltr'><strong>in</strong></span> 
     </span>
     <span class='ocr_line' id='line_1_83' title="bbox 1160 942 1986 981; baseline 0.001 -10"><span class='ocrx_word' id='word_1_497' title='bbox 1160 942 1222 971; x_wconf 87' lang='lat' dir='ltr'><strong>deo</strong></span> <span class='ocrx_word' id='word_1_498' title='bbox 1257 950 1349 981; x_wconf 88' lang='lat' dir='ltr'><strong>spem</strong></span> <span class='ocrx_word' id='word_1_499' title='bbox 1379 947 1545 979; x_wconf 79' lang='lat' dir='ltr'><strong>nostram,</strong></span> <span class='ocrx_word' id='word_1_500' title='bbox 1585 948 1617 972; x_wconf 89' lang='lat' dir='ltr'><strong>et</strong></span> <span class='ocrx_word' id='word_1_501' title='bbox 1651 952 1717 973; x_wconf 90' lang='lat' dir='ltr'><strong>non</strong></span> <span class='ocrx_word' id='word_1_502' title='bbox 1752 942 1986 974; x_wconf 83' lang='lat' dir='ltr'><strong>obliviscamur</strong></span> 
     </span>
     <span class='ocr_line' id='line_1_84' title="bbox 1160 984 1983 1026; baseline 0 -13"><span class='ocrx_word' id='word_1_503' title='bbox 1160 994 1296 1023; x_wconf 88' lang='lat' dir='ltr'><strong>operum</strong></span> <span class='ocrx_word' id='word_1_504' title='bbox 1319 984 1389 1021; x_wconf 78' lang='lat' dir='ltr'><strong>dei,</strong></span> <span class='ocrx_word' id='word_1_505' title='bbox 1419 990 1451 1014; x_wconf 85' lang='lat' dir='ltr'><strong>et</strong></span> <span class='ocrx_word' id='word_1_506' title='bbox 1474 985 1627 1014; x_wconf 85' lang='lat' dir='ltr'><strong>mandata</strong></span> <span class='ocrx_word' id='word_1_507' title='bbox 1659 985 1729 1015; x_wconf 82' lang='lat' dir='ltr'><strong>eius</strong></span> <span class='ocrx_word' id='word_1_508' title='bbox 1758 986 1983 1026; x_wconf 66' lang='lat' dir='ltr'><strong>requiramus.</strong></span> 
     </span>
     <span class='ocr_line' id='line_1_85' title="bbox 1158 1024 1985 1069; baseline 0.004 -14"><span class='ocrx_word' id='word_1_509' title='bbox 1158 1024 1248 1056; x_wconf 85' lang='lat' dir='ltr'><strong>Psal.</strong></span> <span class='ocrx_word' id='word_1_510' title='bbox 1278 1025 1444 1056; x_wconf 90' lang='lat' dir='ltr'><strong>LXXVII.</strong></span> <span class='ocrx_word' id='word_1_511' title='bbox 1475 1029 1537 1063; x_wconf 83' lang='lat' dir='ltr'><strong>[vs.</strong></span> <span class='ocrx_word' id='word_1_512' title='bbox 1570 1027 1614 1064; x_wconf 84' lang='grc'><strong>7.]</strong></span> <span class='ocrx_word' id='word_1_513' title='bbox 1644 1027 1722 1058; x_wconf 83' lang='lat' dir='ltr'><strong>Item</strong></span> <span class='ocrx_word' id='word_1_514' title='bbox 1752 1027 1774 1057; x_wconf 88' lang='lat'><strong>1.</strong></span> <span class='ocrx_word' id='word_1_515' title='bbox 1804 1030 1985 1069; x_wconf 72' lang='grc' dir='ltr'><strong><em>παραλειπο-</em></strong></span> 
     </span>
     <span class='ocr_line' id='line_1_86' title="bbox 1158 1067 1985 1110; baseline 0.002 -12"><span class='ocrx_word' id='word_1_516' title='bbox 1158 1072 1253 1106; x_wconf 76' lang='grc' dir='ltr'>μένων</span> <span class='ocrx_word' id='word_1_517' title='bbox 1272 1067 1313 1098; x_wconf 88' lang='lat' dir='ltr'><strong>V.</strong></span> <span class='ocrx_word' id='word_1_518' title='bbox 1334 1070 1395 1106; x_wconf 87' lang='lat' dir='ltr'><strong>[vs.</strong></span> <span class='ocrx_word' id='word_1_519' title='bbox 1415 1069 1498 1106; x_wconf 79' lang='lat'><strong>20.:]</strong></span> <span class='ocrx_word' id='word_1_520' title='bbox 1519 1068 1627 1099; x_wconf 90' lang='lat' dir='ltr'><strong>Deum</strong></span> <span class='ocrx_word' id='word_1_521' title='bbox 1645 1071 1892 1110; x_wconf 76' lang='lat' dir='ltr'><strong>invocaverunt,</strong></span> <span class='ocrx_word' id='word_1_522' title='bbox 1912 1080 1985 1101; x_wconf 86' lang='lat' dir='ltr'><strong>cum</strong></span> 
     </span>
     <span class='ocr_line' id='line_1_87' title="bbox 1158 1109 1983 1154; baseline 0.004 -14"><span class='ocrx_word' id='word_1_523' title='bbox 1158 1109 1416 1150; x_wconf 74' lang='lat' dir='ltr'><strong>praeliarentur.</strong></span> <span class='ocrx_word' id='word_1_524' title='bbox 1451 1117 1483 1141; x_wconf 88' lang='lat' dir='ltr'><strong>et</strong></span> <span class='ocrx_word' id='word_1_525' title='bbox 1518 1112 1683 1142; x_wconf 81' lang='lat' dir='ltr'><strong>exaudivit</strong></span> <span class='ocrx_word' id='word_1_526' title='bbox 1716 1123 1791 1151; x_wconf 75' lang='lat' dir='ltr'><strong>eos,</strong></span> <span class='ocrx_word' id='word_1_527' title='bbox 1825 1123 1864 1143; x_wconf 90' lang='lat' dir='ltr'><strong>eo</strong></span> <span class='ocrx_word' id='word_1_528' title='bbox 1896 1113 1983 1154; x_wconf 87' lang='lat' dir='ltr'><strong>quod</strong></span> 
     </span>
     <span class='ocr_line' id='line_1_88' title="bbox 1160 1154 1984 1197; baseline 0.004 -14"><span class='ocrx_word' id='word_1_529' title='bbox 1160 1154 1378 1184; x_wconf 81' lang='lat' dir='ltr'><strong>credidissent</strong></span> <span class='ocrx_word' id='word_1_530' title='bbox 1401 1154 1434 1184; x_wconf 91' lang='lat' dir='ltr'><strong>in</strong></span> <span class='ocrx_word' id='word_1_531' title='bbox 1458 1163 1541 1185; x_wconf 89' lang='lat' dir='ltr'><strong>eum.</strong></span> <span class='ocrx_word' id='word_1_532' title='bbox 1588 1154 1629 1185; x_wconf 88' lang='lat' dir='ltr'><strong>Et</strong></span> <span class='ocrx_word' id='word_1_533' title='bbox 1653 1154 1690 1184; x_wconf 93' lang='lat' dir='ltr'><strong>lI.</strong></span> <span class='ocrx_word' id='word_1_534' title='bbox 1720 1159 1984 1197; x_wconf 69' lang='grc' dir='ltr'><strong>παραλειπομένων</strong></span> 
     </span>
     <span class='ocr_line' id='line_1_89' title="bbox 1160 1195 1985 1239; baseline 0.002 -14"><span class='ocrx_word' id='word_1_535' title='bbox 1160 1195 1247 1226; x_wconf 90' lang='lat' dir='ltr'><strong>XVI.</strong></span> <span class='ocrx_word' id='word_1_536' title='bbox 1273 1199 1335 1233; x_wconf 80' lang='lat' dir='ltr'><strong>lvs.</strong></span> <span class='ocrx_word' id='word_1_537' title='bbox 1360 1196 1422 1234; x_wconf 80' lang='lat'><strong>9.:1</strong></span> <span class='ocrx_word' id='word_1_538' title='bbox 1458 1196 1555 1228; x_wconf 79' lang='lat' dir='ltr'><strong>Oculi</strong></span> <span class='ocrx_word' id='word_1_539' title='bbox 1578 1198 1697 1228; x_wconf 89' lang='lat' dir='ltr'><strong>domini</strong></span> <span class='ocrx_word' id='word_1_540' title='bbox 1721 1197 1985 1239; x_wconf 77' lang='lat' dir='ltr'><strong>contemplantur</strong></span> 
     </span>
     <span class='ocr_line' id='line_1_90' title="bbox 1159 1239 1984 1279; baseline 0.004 -11"><span class='ocrx_word' id='word_1_541' title='bbox 1159 1239 1348 1269; x_wconf 72' lang='lat' dir='ltr'><strong>universam</strong></span> <span class='ocrx_word' id='word_1_542' title='bbox 1362 1245 1493 1277; x_wconf 84' lang='lat' dir='ltr'><strong>terram,</strong></span> <span class='ocrx_word' id='word_1_543' title='bbox 1517 1246 1548 1270; x_wconf 93' lang='lat' dir='ltr'><strong>et</strong></span> <span class='ocrx_word' id='word_1_544' title='bbox 1571 1242 1731 1279; x_wconf 79' lang='lat' dir='ltr'><strong>praebent</strong></span> <span class='ocrx_word' id='word_1_545' title='bbox 1750 1240 1984 1271; x_wconf 83' lang='lat' dir='ltr'><strong>for&#39;titudinem</strong></span> 
     </span>
     <span class='ocr_line' id='line_1_91' title="bbox 1159 1280 1984 1322; baseline 0.004 -12"><span class='ocrx_word' id='word_1_546' title='bbox 1159 1280 1211 1311; x_wconf 88' lang='lat' dir='ltr'><strong>his</strong></span> <span class='ocrx_word' id='word_1_547' title='bbox 1245 1282 1300 1322; x_wconf 86' lang='lat' dir='ltr'><strong>qui</strong></span> <span class='ocrx_word' id='word_1_548' title='bbox 1336 1280 1486 1312; x_wconf 85' lang='lat' dir='ltr'><strong>CORDE</strong></span> <span class='ocrx_word' id='word_1_549' title='bbox 1520 1282 1750 1313; x_wconf 76' lang='lat' dir='ltr'><strong>PERFECTO</strong></span> <span class='ocrx_word' id='word_1_550' title='bbox 1785 1284 1922 1314; x_wconf 85' lang='lat' dir='ltr'><strong>credunt.</strong></span> <span class='ocrx_word' id='word_1_551' title='bbox 1952 1283 1984 1313; x_wconf 93' lang='lat' dir='ltr'><strong>in</strong></span> 
     </span>
     <span class='ocr_line' id='line_1_92' title="bbox 1160 1323 1986 1367; baseline 0.002 -13"><span class='ocrx_word' id='word_1_552' title='bbox 1160 1333 1244 1354; x_wconf 88' lang='lat' dir='ltr'><strong>eum.</strong></span> <span class='ocrx_word' id='word_1_553' title='bbox 1307 1323 1372 1354; x_wconf 90' lang='lat' dir='ltr'><strong>Ubi</strong></span> <span class='ocrx_word' id='word_1_554' title='bbox 1406 1324 1510 1355; x_wconf 89' lang='lat' dir='ltr'><strong>Asam</strong></span> <span class='ocrx_word' id='word_1_555' title='bbox 1552 1335 1665 1366; x_wconf 82' lang='lat' dir='ltr'><strong>regem</strong></span> <span class='ocrx_word' id='word_1_556' title='bbox 1699 1326 1779 1357; x_wconf 85' lang='lat' dir='ltr'><strong>luda</strong></span> <span class='ocrx_word' id='word_1_557' title='bbox 1823 1325 1986 1367; x_wconf 86' lang='lat' dir='ltr'><strong>propheta</strong></span> 
     </span>
     <span class='ocr_line' id='line_1_93' title="bbox 1453 1367 1983 1408; baseline 0.002 -11"><span class='ocrx_word' id='word_1_558' title='bbox 1453 1367 1615 1408; x_wconf 79' lang='lat' dir='ltr'><strong>Syrorum</strong></span> <span class='ocrx_word' id='word_1_559' title='bbox 1656 1368 1785 1400; x_wconf 76' lang='lat' dir='ltr'><strong>auxiliis</strong></span> <span class='ocrx_word' id='word_1_560' title='bbox 1820 1369 1983 1400; x_wconf 85' lang='lat' dir='ltr'><strong>fidentem.</strong></span> 
     </span>
     <span class='ocr_line' id='line_1_94' title="bbox 1158 1408 1984 1452; baseline 0.004 -13"><span class='ocrx_word' id='word_1_561' title='bbox 1158 1409 1284 1440; x_wconf 87' lang='lat' dir='ltr'><strong>Verum</strong></span> <span class='ocrx_word' id='word_1_562' title='bbox 1307 1408 1396 1439; x_wconf 86' lang='lat' dir='ltr'><strong>haud</strong></span> <span class='ocrx_word' id='word_1_563' title='bbox 1420 1410 1502 1448; x_wconf 78' lang='lat' dir='ltr'><strong>scio,</strong></span> <span class='ocrx_word' id='word_1_564' title='bbox 1527 1421 1568 1441; x_wconf 87' lang='lat' dir='ltr'><strong>an</strong></span> <span class='ocrx_word' id='word_1_565' title='bbox 1591 1420 1732 1452; x_wconf 83' lang='lat' dir='ltr'><strong>usquam</strong></span> <span class='ocrx_word' id='word_1_566' title='bbox 1751 1411 1826 1443; x_wconf 89' lang='lat' dir='ltr'><strong>fidei</strong></span> <span class='ocrx_word' id='word_1_567' title='bbox 1846 1412 1910 1443; x_wconf 82' lang='lat' dir='ltr'><strong>vim</strong></span> <span class='ocrx_word' id='word_1_568' title='bbox 1930 1422 1984 1442; x_wconf 89' lang='lat' dir='ltr'><strong>ex-</strong></span> 
     </span>
     <span class='ocr_line' id='line_1_95' title="bbox 1159 1451 1984 1495; baseline 0.004 -14"><span class='ocrx_word' id='word_1_569' title='bbox 1159 1451 1267 1493; x_wconf 90' lang='lat' dir='ltr'><strong>emplo</strong></span> <span class='ocrx_word' id='word_1_570' title='bbox 1291 1452 1421 1492; x_wconf 86' lang='lat' dir='ltr'><strong>potiore</strong></span> <span class='ocrx_word' id='word_1_571' title='bbox 1444 1453 1597 1484; x_wconf 82' lang='lat' dir='ltr'><strong>exhibeat</strong></span> <span class='ocrx_word' id='word_1_572' title='bbox 1622 1455 1796 1495; x_wconf 81' lang='lat' dir='ltr'><strong>scriptura,</strong></span> <span class='ocrx_word' id='word_1_573' title='bbox 1813 1457 1816 1475; x_wconf 53' lang='lat'>1</span> <span class='ocrx_word' id='word_1_574' title='bbox 1832 1465 1929 1495; x_wconf 88' lang='lat' dir='ltr'><strong>quam</strong></span> <span class='ocrx_word' id='word_1_575' title='bbox 1951 1455 1984 1485; x_wconf 89' lang='lat' dir='ltr'><strong>id</strong></span> 
     </span>
     <span class='ocr_line' id='line_1_96' title="bbox 1159 1495 1984 1538; baseline 0.004 -14"><span class='ocrx_word' id='word_1_576' title='bbox 1159 1500 1209 1525; x_wconf 81' lang='lat' dir='ltr'><strong>est</strong></span> <span class='ocrx_word' id='word_1_577' title='bbox 1237 1495 1326 1535; x_wconf 85' lang='lat' dir='ltr'><strong>quod</strong></span> <span class='ocrx_word' id='word_1_578' title='bbox 1355 1495 1395 1526; x_wconf 83' lang='lat' dir='ltr'><strong>(le</strong></span> <span class='ocrx_word' id='word_1_579' title='bbox 1424 1495 1590 1536; x_wconf 74' lang='lat' dir='ltr'><strong>Iosaphat.</strong></span> <span class='ocrx_word' id='word_1_580' title='bbox 1646 1497 1684 1527; x_wconf 90' lang='grc'><strong>11.</strong></span> <span class='ocrx_word' id='word_1_581' title='bbox 1720 1500 1984 1538; x_wconf 74' lang='grc' dir='ltr'><em>παραλειπομένων</em></span> 
     </span>
     <span class='ocr_line' id='line_1_97' title="bbox 1157 1536 1983 1580; baseline 0.005 -13"><span class='ocrx_word' id='word_1_582' title='bbox 1157 1536 1230 1568; x_wconf 89' lang='grc' dir='ltr'><strong>ΧΧ.</strong></span> <span class='ocrx_word' id='word_1_583' title='bbox 1257 1540 1337 1574; x_wconf 62' lang='grc'>[155.</span> <span class='ocrx_word' id='word_1_584' title='bbox 1361 1538 1401 1568; x_wconf 77' lang='lat'><strong>21</strong></span> <span class='ocrx_word' id='word_1_585' title='bbox 1428 1542 1516 1579; x_wconf 87' lang='lat' dir='ltr'><strong>sqq.]</strong></span> <span class='ocrx_word' id='word_1_586' title='bbox 1548 1538 1679 1580; x_wconf 78' lang='lat' dir='ltr'><strong>legitur,</strong></span> <span class='ocrx_word' id='word_1_587' title='bbox 1714 1550 1787 1570; x_wconf 86' lang='lat' dir='ltr'><strong>cum</strong></span> <span class='ocrx_word' id='word_1_588' title='bbox 1818 1540 1873 1571; x_wconf 90' lang='lat' dir='ltr'><strong>ille</strong></span> <span class='ocrx_word' id='word_1_589' title='bbox 1906 1540 1983 1570; x_wconf 92' lang='lat' dir='ltr'><strong>Am-</strong></span> 
     </span>
     <span class='ocr_line' id='line_1_98' title="bbox 1157 1580 1983 1619; baseline 0.004 -9"><span class='ocrx_word' id='word_1_590' title='bbox 1157 1581 1314 1617; x_wconf 72' lang='lat' dir='ltr'><strong>monitas,</strong></span> <span class='ocrx_word' id='word_1_591' title='bbox 1349 1587 1379 1611; x_wconf 91' lang='lat' dir='ltr'><strong>et</strong></span> <span class='ocrx_word' id='word_1_592' title='bbox 1404 1580 1569 1612; x_wconf 83' lang='lat' dir='ltr'><strong>Moabitas</strong></span> <span class='ocrx_word' id='word_1_593' title='bbox 1596 1581 1669 1612; x_wconf 78' lang='lat' dir='ltr'><strong>solo</strong></span> <span class='ocrx_word' id='word_1_594' title='bbox 1701 1588 1798 1613; x_wconf 82' lang='lat' dir='ltr'><strong>cantu</strong></span> <span class='ocrx_word' id='word_1_595' title='bbox 1821 1582 1983 1619; x_wconf 69' lang='lat' dir='ltr'><strong>funderet,</strong></span> 
     </span>
     <span class='ocr_line' id='line_1_99' title="bbox 1158 1622 1982 1666; baseline 0.005 -14"><span class='ocrx_word' id='word_1_596' title='bbox 1158 1632 1219 1653; x_wconf 87' lang='lat' dir='ltr'><strong>nec</strong></span> <span class='ocrx_word' id='word_1_597' title='bbox 1242 1622 1330 1653; x_wconf 85' lang='lat' dir='ltr'><strong>aliud</strong></span> <span class='ocrx_word' id='word_1_598' title='bbox 1352 1624 1578 1664; x_wconf 84' lang='lat' dir='ltr'><strong>praecepisset</strong></span> <span class='ocrx_word' id='word_1_599' title='bbox 1596 1626 1751 1656; x_wconf 81' lang='lat' dir='ltr'><strong>exercitui</strong></span> <span class='ocrx_word' id='word_1_600' title='bbox 1776 1635 1853 1663; x_wconf 85' lang='lat' dir='ltr'><strong>suo,</strong></span> <span class='ocrx_word' id='word_1_601' title='bbox 1886 1636 1982 1666; x_wconf 74' lang='lat' dir='ltr'><strong>qumu</strong></span> 
     </span>
     <span class='ocr_line' id='line_1_100' title="bbox 1157 1667 1982 1703; baseline 0.006 -9"><span class='ocrx_word' id='word_1_602' title='bbox 1157 1670 1192 1695; x_wconf 87' lang='lat' dir='ltr'><strong>ut</strong></span> <span class='ocrx_word' id='word_1_603' title='bbox 1216 1667 1436 1696; x_wconf 86' lang='lat' dir='ltr'><strong>consisterent</strong></span> <span class='ocrx_word' id='word_1_604' title='bbox 1471 1667 1686 1698; x_wconf 79' lang='lat' dir='ltr'><strong>confidenter.</strong></span> <span class='ocrx_word' id='word_1_605' title='bbox 1732 1668 1901 1703; x_wconf 84' lang='lat' dir='ltr'><strong>Eiusmodi</strong></span> <span class='ocrx_word' id='word_1_606' title='bbox 1932 1675 1982 1699; x_wconf 89' lang='lat' dir='ltr'><strong>est</strong></span> 
     </span>
     <span class='ocr_line' id='line_1_101' title="bbox 1158 1707 1607 1750; baseline 0.007 -13"><span class='ocrx_word' id='word_1_607' title='bbox 1158 1713 1190 1738; x_wconf 91' lang='lat' dir='ltr'><strong>et</strong></span> <span class='ocrx_word' id='word_1_608' title='bbox 1212 1707 1376 1739; x_wconf 80' lang='lat' dir='ltr'><strong>Ezechiae</strong></span> <span class='ocrx_word' id='word_1_609' title='bbox 1400 1708 1607 1750; x_wconf 65' lang='lat' dir='ltr'><strong>exemplum*</strong></span> 
     </span>
    </p>
   </div>
   <div class='ocr_carea' id='block_1_19' title="bbox 1202 1770 1980 1815">
    <p class='ocr_par' dir='ltr' id='par_1_19' title="bbox 1202 1770 1980 1815">
     <span class='ocr_line' id='line_1_102' title="bbox 1202 1770 1980 1815; baseline 0.006 -14"><span class='ocrx_word' id='word_1_610' title='bbox 1202 1770 1307 1805; x_wconf 88' lang='lat' dir='ltr'><strong>Quam</strong></span> <span class='ocrx_word' id='word_1_611' title='bbox 1330 1770 1428 1803; x_wconf 88' lang='lat' dir='ltr'><strong>fidem</strong></span> <span class='ocrx_word' id='word_1_612' title='bbox 1452 1780 1560 1804; x_wconf 82' lang='lat' dir='ltr'><strong>autem</strong></span> <span class='ocrx_word' id='word_1_613' title='bbox 1587 1774 1776 1815; x_wconf 76' lang='lat' dir='ltr'><strong>requirebat</strong></span> <span class='ocrx_word' id='word_1_614' title='bbox 1805 1776 1846 1805; x_wconf 87' lang='lat' dir='ltr'><strong>ab</strong></span> <span class='ocrx_word' id='word_1_615' title='bbox 1866 1775 1980 1806; x_wconf 81' lang='lat' dir='ltr'><strong>Achaz</strong></span> 
     </span>
    </p>
   </div>
   <div class='ocr_carea' id='block_1_20' title="bbox 2055 994 2081 1011">
    <p class='ocr_par' dir='ltr' id='par_1_20' title="bbox 2055 994 2081 1011">
     <span class='ocr_line' id='line_1_103' title="bbox 2055 994 2081 1011; baseline 0 0"><span class='ocrx_word' id='word_1_616' title='bbox 2055 994 2081 1011; x_wconf 85' lang='lat'><strong>10</strong></span> 
     </span>
    </p>
   </div>
   <div class='ocr_carea' id='block_1_21' title="bbox 2056 1247 2082 1266">
    <p class='ocr_par' dir='ltr' id='par_1_21' title="bbox 2056 1247 2082 1266">
     <span class='ocr_line' id='line_1_104' title="bbox 2056 1247 2082 1266; baseline -0.038 0"><span class='ocrx_word' id='word_1_617' title='bbox 2056 1247 2082 1266; x_wconf 76' lang='lat'><strong>15</strong></span> 
     </span>
    </p>
   </div>
   <div class='ocr_carea' id='block_1_22' title="bbox 2054 1461 2084 1479">
    <p class='ocr_par' dir='ltr' id='par_1_22' title="bbox 2054 1461 2084 1479">
     <span class='ocr_line' id='line_1_105' title="bbox 2054 1461 2084 1479; baseline 0 0"><span class='ocrx_word' id='word_1_618' title='bbox 2054 1461 2084 1479; x_wconf 80' lang='lat'><strong>20</strong></span> 
     </span>
    </p>
   </div>
   <div class='ocr_carea' id='block_1_23' title="bbox 1159 1812 2116 1901">
    <p class='ocr_par' dir='ltr' id='par_1_23' title="bbox 1159 1812 2116 1901">
     <span class='ocr_line' id='line_1_106' title="bbox 1159 1812 2099 1855; baseline 0.003 -12"><span class='ocrx_word' id='word_1_619' title='bbox 1159 1812 1295 1851; x_wconf 81' lang='lat' dir='ltr'><strong>Esaias,</strong></span> <span class='ocrx_word' id='word_1_620' title='bbox 1324 1824 1396 1855; x_wconf 82' lang='lat' dir='ltr'><strong>cap.</strong></span> <span class='ocrx_word' id='word_1_621' title='bbox 1427 1815 1497 1845; x_wconf 90' lang='lat' dir='ltr'><strong>VII.</strong></span> <span class='ocrx_word' id='word_1_622' title='bbox 1523 1826 1595 1847; x_wconf 87' lang='lat' dir='ltr'><strong>cum</strong></span> <span class='ocrx_word' id='word_1_623' title='bbox 1620 1823 1707 1847; x_wconf 88' lang='lat' dir='ltr'><strong>vetat</strong></span> <span class='ocrx_word' id='word_1_624' title='bbox 1732 1817 1853 1849; x_wconf 85' lang='lat' dir='ltr'><strong>auxilia</strong></span> <span class='ocrx_word' id='word_1_625' title='bbox 1874 1817 1980 1853; x_wconf 59' lang='lat' dir='ltr'><strong>Assy·</strong></span> <span class='ocrx_word' id='word_1_626' title='bbox 2017 1819 2057 1848; x_wconf 78' lang='lat'><strong>80.</strong></span> <span class='ocrx_word' id='word_1_627' title='bbox 2077 1825 2099 1844; x_wconf 79' lang='lat' dir='ltr'><strong>a.</strong></span> 
     </span>
     <span class='ocr_line' id='line_1_107' title="bbox 1159 1851 2116 1901; baseline 0.006 -16"><span class='ocrx_word' id='word_1_628' title='bbox 1159 1856 1281 1886; x_wconf 89' lang='lat' dir='ltr'><strong>riorum</strong></span> <span class='ocrx_word' id='word_1_629' title='bbox 1305 1857 1492 1897; x_wconf 85' lang='lat' dir='ltr'><strong>implorare,</strong></span> <span class='ocrx_word' id='word_1_630' title='bbox 1516 1858 1758 1900; x_wconf 82' lang='lat' dir='ltr'><strong>polliceturque</strong></span> <span class='ocrx_word' id='word_1_631' title='bbox 1783 1871 1878 1901; x_wconf 91' lang='lat' dir='ltr'><strong>opem</strong></span> <span class='ocrx_word' id='word_1_632' title='bbox 1901 1853 1979 1892; x_wconf 57' lang='lat' dir='ltr'><strong>‹lid-</strong></span> <span class='ocrx_word' id='word_1_633' title='bbox 1999 1851 2061 1883; x_wconf 64' lang='lat'><strong>(4⁴3,</strong></span> <span class='ocrx_word' id='word_1_634' title='bbox 2081 1852 2116 1883; x_wconf 47' lang='grc' dir='ltr'><strong>η)</strong></span> 
     </span>
    </p>
   </div>
   <div class='ocr_carea' id='block_1_24' title="bbox 1159 1899 1980 1982">
    <p class='ocr_par' dir='ltr' id='par_1_24' title="bbox 1159 1899 1980 1982">
     <span class='ocr_line' id='line_1_108' title="bbox 1159 1899 1980 1940; baseline 0.006 -11"><span class='ocrx_word' id='word_1_635' title='bbox 1159 1909 1251 1936; x_wconf 79' lang='lat' dir='ltr'><strong>nam,</strong></span> <span class='ocrx_word' id='word_1_636' title='bbox 1280 1899 1407 1930; x_wconf 89' lang='lat' dir='ltr'><strong>addens</strong></span> <span class='ocrx_word' id='word_1_637' title='bbox 1438 1904 1499 1938; x_wconf 79' lang='lat' dir='ltr'><strong>[vs.</strong></span> <span class='ocrx_word' id='word_1_638' title='bbox 1524 1902 1581 1939; x_wconf 53' lang='lat' dir='ltr'><strong>tm,</strong></span> <span class='ocrx_word' id='word_1_639' title='bbox 1612 1901 1646 1932; x_wconf 87' lang='lat' dir='ltr'><strong>Si</strong></span> <span class='ocrx_word' id='word_1_640' title='bbox 1676 1912 1741 1933; x_wconf 92' lang='lat' dir='ltr'><strong>non</strong></span> <span class='ocrx_word' id='word_1_641' title='bbox 1765 1904 1980 1940; x_wconf 77' lang='lat' dir='ltr'><strong>credideritis,</strong></span> 
     </span>
     <span class='ocr_line' id='line_1_109' title="bbox 1159 1944 1502 1982; baseline 0.009 -11"><span class='ocrx_word' id='word_1_642' title='bbox 1159 1952 1225 1972; x_wconf 92' lang='grc'>11011</span> <span class='ocrx_word' id='word_1_643' title='bbox 1248 1944 1502 1982; x_wconf 81' lang='lat' dir='ltr'><strong>permamebitis.</strong></span> 
     </span>
    </p>
   </div>
   <div class='ocr_carea' id='block_1_25' title="bbox 1156 2004 1981 2348">
    <p class='ocr_par' dir='ltr' id='par_1_25' title="bbox 1156 2004 1981 2348">
     <span class='ocr_line' id='line_1_110' title="bbox 1202 2004 1981 2050; baseline 0.008 -16"><span class='ocrx_word' id='word_1_644' title='bbox 1202 2004 1327 2036; x_wconf 89' lang='lat' dir='ltr'><strong>Plenae</strong></span> <span class='ocrx_word' id='word_1_645' title='bbox 1361 2012 1436 2037; x_wconf 85' lang='lat' dir='ltr'><strong>sunt</strong></span> <span class='ocrx_word' id='word_1_646' title='bbox 1470 2007 1566 2038; x_wconf 89' lang='lat' dir='ltr'><strong>huius</strong></span> <span class='ocrx_word' id='word_1_647' title='bbox 1597 2010 1729 2049; x_wconf 79' lang='lat' dir='ltr'><strong>generis</strong></span> <span class='ocrx_word' id='word_1_648' title='bbox 1757 2009 1981 2050; x_wconf 83' lang='lat' dir='ltr'><strong>exemplorum</strong></span> 
     </span>
     <span class='ocr_line' id='line_1_111' title="bbox 1160 2048 1981 2093; baseline 0.007 -16"><span class='ocrx_word' id='word_1_649' title='bbox 1160 2058 1276 2078; x_wconf 81' lang='lat' dir='ltr'><strong>sacrae</strong></span> <span class='ocrx_word' id='word_1_650' title='bbox 1307 2048 1463 2079; x_wconf 85' lang='lat' dir='ltr'><strong>historiae</strong></span> <span class='ocrx_word' id='word_1_651' title='bbox 1494 2060 1625 2089; x_wconf 82' lang='lat' dir='ltr'><strong>omnes,</strong></span> <span class='ocrx_word' id='word_1_652' title='bbox 1661 2052 1719 2082; x_wconf 91' lang='lat' dir='ltr'><strong>erit</strong></span> <span class='ocrx_word' id='word_1_653' title='bbox 1751 2053 1849 2093; x_wconf 79' lang='lat' dir='ltr'><strong>igitur</strong></span> <span class='ocrx_word' id='word_1_654' title='bbox 1876 2053 1918 2093; x_wconf 91' lang='lat' dir='ltr'><strong>pii</strong></span> <span class='ocrx_word' id='word_1_655' title='bbox 1942 2063 1981 2083; x_wconf 81' lang='lat' dir='ltr'><strong>ac</strong></span> 
     </span>
     <span class='ocr_line' id='line_1_112' title="bbox 1161 2090 1981 2134; baseline 0.006 -13"><span class='ocrx_word' id='word_1_656' title='bbox 1161 2092 1298 2122; x_wconf 82' lang='lat' dir='ltr'><strong>studiosi</strong></span> <span class='ocrx_word' id='word_1_657' title='bbox 1322 2090 1475 2130; x_wconf 84' lang='lat' dir='ltr'><strong>lectoris,</strong></span> <span class='ocrx_word' id='word_1_658' title='bbox 1505 2098 1537 2123; x_wconf 92' lang='lat' dir='ltr'><strong>et</strong></span> <span class='ocrx_word' id='word_1_659' title='bbox 1566 2105 1627 2134; x_wconf 90' lang='lat' dir='ltr'><strong>pro</strong></span> <span class='ocrx_word' id='word_1_660' title='bbox 1649 2095 1806 2125; x_wconf 84' lang='lat' dir='ltr'><strong>discenda</strong></span> <span class='ocrx_word' id='word_1_661' title='bbox 1831 2095 1905 2126; x_wconf 85' lang='lat' dir='ltr'><strong>fidei</strong></span> <span class='ocrx_word' id='word_1_662' title='bbox 1930 2106 1981 2126; x_wconf 87' lang='lat' dir='ltr'><strong>ra-</strong></span> 
     </span>
     <span class='ocr_line' id='line_1_113' title="bbox 1160 2135 1980 2174; baseline 0.004 -9"><span class='ocrx_word' id='word_1_663' title='bbox 1160 2135 1258 2171; x_wconf 83' lang='lat' dir='ltr'><strong>tione,</strong></span> <span class='ocrx_word' id='word_1_664' title='bbox 1283 2139 1312 2165; x_wconf 84' lang='lat' dir='ltr'><strong>et</strong></span> <span class='ocrx_word' id='word_1_665' title='bbox 1335 2137 1443 2174; x_wconf 77' lang='lat' dir='ltr'><strong>pi·o‘·’3)</strong></span> <span class='ocrx_word' id='word_1_666' title='bbox 1468 2135 1691 2168; x_wconf 83' lang='lat' dir='ltr'><strong>confirmanda</strong></span> <span class='ocrx_word' id='word_1_667' title='bbox 1710 2138 1911 2169; x_wconf 83' lang='lat' dir='ltr'><strong>conscientia</strong></span> <span class='ocrx_word' id='word_1_668' title='bbox 1925 2139 1980 2168; x_wconf 92' lang='lat' dir='ltr'><strong>de-</strong></span> 
     </span>
     <span class='ocr_line' id='line_1_114' title="bbox 1160 2177 1980 2220; baseline 0.006 -13"><span class='ocrx_word' id='word_1_669' title='bbox 1160 2187 1297 2217; x_wconf 88' lang='lat' dir='ltr'><strong>cerpere</strong></span> <span class='ocrx_word' id='word_1_670' title='bbox 1326 2177 1505 2219; x_wconf 78' lang='lat' dir='ltr'><strong>exem&#39;pla.</strong></span> <span class='ocrx_word' id='word_1_671' title='bbox 1558 2178 1758 2220; x_wconf 78' lang='lat' dir='ltr'><strong>Repetemus</strong></span> <span class='ocrx_word' id='word_1_672' title='bbox 1787 2186 1894 2211; x_wconf 83' lang='lat' dir='ltr'><strong>autem</strong></span> <span class='ocrx_word' id='word_1_673' title='bbox 1922 2180 1980 2212; x_wconf 89' lang='lat' dir='ltr'><strong>ali-</strong></span> 
     </span>
     <span class='ocr_line' id='line_1_115' title="bbox 1159 2219 1979 2261; baseline 0.005 -11"><span class='ocrx_word' id='word_1_674' title='bbox 1159 2226 1238 2261; x_wconf 89' lang='lat' dir='ltr'><strong>quot</strong></span> <span class='ocrx_word' id='word_1_675' title='bbox 1261 2219 1357 2249; x_wconf 85' lang='lat' dir='ltr'><strong>locos</strong></span> <span class='ocrx_word' id='word_1_676' title='bbox 1380 2222 1475 2252; x_wconf 85' lang='lat' dir='ltr'><strong>etiam</strong></span> <span class='ocrx_word' id='word_1_677' title='bbox 1500 2231 1540 2251; x_wconf 78' lang='lat' dir='ltr'><strong>ex</strong></span> <span class='ocrx_word' id='word_1_678' title='bbox 1562 2221 1666 2253; x_wconf 90' lang='lat' dir='ltr'><strong>literis</strong></span> <span class='ocrx_word' id='word_1_679' title='bbox 1686 2224 1762 2254; x_wconf 89' lang='lat' dir='ltr'><strong>novi</strong></span> <span class='ocrx_word' id='word_1_680' title='bbox 1782 2225 1979 2261; x_wconf 74' lang='lat' dir='ltr'><strong>testamenti,</strong></span> 
     </span>
     <span class='ocr_line' id='line_1_116' title="bbox 1158 2262 1978 2307; baseline 0.006 -15"><span class='ocrx_word' id='word_1_681' title='bbox 1158 2262 1211 2293; x_wconf 81' lang='lat' dir='ltr'><strong>vel</strong></span> <span class='ocrx_word' id='word_1_682' title='bbox 1235 2264 1265 2293; x_wconf 92' lang='lat' dir='ltr'><strong>in</strong></span> <span class='ocrx_word' id='word_1_683' title='bbox 1290 2262 1354 2293; x_wconf 83' lang='lat' dir='ltr'><strong>hoc</strong></span> <span class='ocrx_word' id='word_1_684' title='bbox 1377 2268 1411 2294; x_wconf 92' lang='lat' dir='ltr'><strong>ut</strong></span> <span class='ocrx_word' id='word_1_685' title='bbox 1436 2263 1638 2306; x_wconf 77' lang='lat' dir='ltr'><strong>intelligatur</strong></span> <span class='ocrx_word' id='word_1_686' title='bbox 1661 2266 1745 2296; x_wconf 87' lang='lat' dir='ltr'><strong>idem</strong></span> <span class='ocrx_word' id='word_1_687' title='bbox 1758 2266 1891 2307; x_wconf 87' lang='lat' dir='ltr'><strong>spiritus</strong></span> <span class='ocrx_word' id='word_1_688' title='bbox 1904 2277 1978 2297; x_wconf 78' lang='lat' dir='ltr'><strong>esse</strong></span> 
     </span>
     <span class='ocr_line' id='line_1_117' title="bbox 1156 2305 1769 2348; baseline 0.007 -13"><span class='ocrx_word' id='word_1_689' title='bbox 1156 2305 1367 2336; x_wconf 82' lang='lat' dir='ltr'><strong>historiarum</strong></span> <span class='ocrx_word' id='word_1_690' title='bbox 1391 2307 1561 2348; x_wconf 84' lang='lat' dir='ltr'><strong>utriusque</strong></span> <span class='ocrx_word' id='word_1_691' title='bbox 1574 2309 1769 2339; x_wconf 80' lang='lat' dir='ltr'><strong>testamenti.</strong></span> 
     </span>
    </p>
   </div>
   <div class='ocr_carea' id='block_1_26' title="bbox 1156 2364 1978 2452">
    <p class='ocr_par' dir='ltr' id='par_1_26' title="bbox 1156 2364 1978 2452">
     <span class='ocr_line' id='line_1_118' title="bbox 1199 2364 1978 2410; baseline 0.006 -16"><span class='ocrx_word' id='word_1_692' title='bbox 1199 2364 1239 2395; x_wconf 82' lang='lat' dir='ltr'><strong>Et</strong></span> <span class='ocrx_word' id='word_1_693' title='bbox 1273 2371 1308 2396; x_wconf 89' lang='lat' dir='ltr'><strong>ut</strong></span> <span class='ocrx_word' id='word_1_694' title='bbox 1338 2365 1413 2396; x_wconf 89' lang='lat' dir='ltr'><strong>hinc</strong></span> <span class='ocrx_word' id='word_1_695' title='bbox 1442 2367 1570 2403; x_wconf 77' lang='lat' dir='ltr'><strong>ordiar,</strong></span> <span class='ocrx_word' id='word_1_696' title='bbox 1602 2367 1744 2398; x_wconf 85' lang='lat' dir='ltr'><strong>Actuum</strong></span> <span class='ocrx_word' id='word_1_697' title='bbox 1775 2368 1848 2399; x_wconf 84' lang='lat' dir='ltr'><strong>XV.</strong></span> <span class='ocrx_word' id='word_1_698' title='bbox 1877 2374 1978 2410; x_wconf 80' lang='lat' dir='ltr'><strong>negat</strong></span> 
     </span>
     <span class='ocr_line' id='line_1_119' title="bbox 1156 2407 1976 2452; baseline 0.005 -15"><span class='ocrx_word' id='word_1_699' title='bbox 1156 2407 1284 2438; x_wconf 71' lang='lat' dir='ltr'><strong>Pe³trus</strong></span> <span class='ocrx_word' id='word_1_700' title='bbox 1314 2409 1469 2448; x_wconf 86' lang='lat' dir='ltr'><strong>operibus</strong></span> <span class='ocrx_word' id='word_1_701' title='bbox 1506 2408 1588 2450; x_wconf 78' lang='lat' dir='ltr'><strong>Iegis</strong></span> <span class='ocrx_word' id='word_1_702' title='bbox 1625 2410 1818 2441; x_wconf 84' lang='lat' dir='ltr'><strong>iustificatos</strong></span> <span class='ocrx_word' id='word_1_703' title='bbox 1852 2417 1976 2452; x_wconf 79' lang='lat' dir='ltr'><strong>patres,</strong></span> 
     </span>
    </p>
   </div>
   <div class='ocr_carea' id='block_1_27' title="bbox 1162 2503 1328 2506">
    <p class='ocr_par' dir='ltr' id='par_1_27' title="bbox 1162 2503 1328 2506">
     <span class='ocr_line' id='line_1_120' title="bbox 1162 2503 1328 2506; baseline 0 0"><span class='ocrx_word' id='word_1_704' title='bbox 1162 2503 1328 2506; x_wconf 95' lang='lat' dir='ltr'><strong> </strong></span> 
     </span>
    </p>
   </div>
   <div class='ocr_carea' id='block_1_28' title="bbox 1154 2561 1982 2641">
    <p class='ocr_par' dir='ltr' id='par_1_28' title="bbox 1154 2561 1982 2641">
     <span class='ocr_line' id='line_1_121' title="bbox 1154 2561 1510 2591; baseline 0.006 -5"><span class='ocrx_word' id='word_1_705' title='bbox 1154 2562 1199 2591; x_wconf 71' lang='lat'><strong>23)</strong></span> <span class='ocrx_word' id='word_1_706' title='bbox 1224 2561 1281 2591; x_wconf 83' lang='lat' dir='ltr'><strong>pro]</strong></span> <span class='ocrx_word' id='word_1_707' title='bbox 1301 2569 1356 2585; x_wconf 85' lang='lat' dir='ltr'><strong>om.</strong></span> <span class='ocrx_word' id='word_1_708' title='bbox 1377 2562 1419 2587; x_wconf 82' lang='lat' dir='ltr'><strong>Ed.</strong></span> <span class='ocrx_word' id='word_1_709' title='bbox 1441 2563 1459 2587; x_wconf 83' lang='grc' dir='ltr'><strong>ἶ.</strong></span> <span class='ocrx_word' id='word_1_710' title='bbox 1506 2585 1510 2588; x_wconf 96' lang='grc'><em>,</em></span> 
     </span>
     <span class='ocr_line' id='line_1_122' title="bbox 1932 2616 1982 2641; baseline 0 0"><span class='ocrx_word' id='word_1_711' title='bbox 1932 2616 1982 2641; x_wconf 72' lang='lat'><strong>11*</strong></span> 
     </span>
    </p>
   </div>
   <div class='ocr_carea' id='block_1_29' title="bbox 2050 1980 2063 1998">
    <p class='ocr_par' dir='ltr' id='par_1_29' title="bbox 2050 1980 2063 1998">
     <span class='ocr_line' id='line_1_123' title="bbox 2050 1980 2063 1998; baseline 0 0"><span class='ocrx_word' id='word_1_712' title='bbox 2050 1980 2063 1998; x_wconf 81' lang='lat'>5</span> 
     </span>
    </p>
   </div>
   <div class='ocr_carea' id='block_1_30' title="bbox 2053 2203 2078 2221">
    <p class='ocr_par' dir='ltr' id='par_1_30' title="bbox 2053 2203 2078 2221">
     <span class='ocr_line' id='line_1_124' title="bbox 2053 2203 2078 2221; baseline 0 0"><span class='ocrx_word' id='word_1_713' title='bbox 2053 2203 2078 2221; x_wconf 90' lang='lat'><strong>10</strong></span> 
     </span>
    </p>
   </div>
   <div class='ocr_carea' id='block_1_31' title="bbox 2050 2422 2076 2441">
    <p class='ocr_par' dir='ltr' id='par_1_31' title="bbox 2050 2422 2076 2441">
     <span class='ocr_line' id='line_1_125' title="bbox 2050 2422 2076 2441; baseline 0 0"><span class='ocrx_word' id='word_1_714' title='bbox 2050 2422 2076 2441; x_wconf 81' lang='lat'><strong>15</strong></span> 
     </span>
    </p>
   </div>
  </div>
 </body>
</html>
