<?xml version="1.0" encoding="UTF-8"?>
<!DOCTYPE html PUBLIC "-//W3C//DTD XHTML 1.0 Transitional//EN"
    "http://www.w3.org/TR/xhtml1/DTD/xhtml1-transitional.dtd">
<html xmlns="http://www.w3.org/1999/xhtml" xml:lang="en" lang="en">
 <head>
  <title>
</title>
<meta http-equiv="Content-Type" content="text/html;charset=utf-8" />
  <meta name='ocr-system' content='tesseract 3.04.00' />
  <meta name='ocr-capabilities' content='ocr_page ocr_carea ocr_par ocr_line ocrx_word'/>
</head>
<body>
  <div class='ocr_page' id='page_1' title='image "./operaquaesupersu21melauoft/operaquaesupersu21melauoft_0460.png"; bbox 0 0 2358 2933; ppageno 0'>
   <div class='ocr_carea' id='block_1_1' title="bbox 238 113 296 144">
    <p class='ocr_par' dir='ltr' id='par_1_1' title="bbox 238 113 296 144">
     <span class='ocr_line' id='line_1_1' title="bbox 238 113 296 144; baseline -0.034 0"><span class='ocrx_word' id='word_1_1' title='bbox 238 113 296 144; x_wconf 74' lang='lat'><strong>891</strong></span> 
     </span>
    </p>
   </div>
   <div class='ocr_carea' id='block_1_2' title="bbox 837 105 1576 139">
    <p class='ocr_par' dir='ltr' id='par_1_2' title="bbox 837 105 1576 139">
     <span class='ocr_line' id='line_1_2' title="bbox 837 105 1576 139; baseline -0.003 0"><span class='ocrx_word' id='word_1_2' title='bbox 837 108 947 139; x_wconf 87' lang='lat' dir='ltr'><strong>PHlL.</strong></span> <span class='ocrx_word' id='word_1_3' title='bbox 970 107 1072 139; x_wconf 84' lang='lat' dir='ltr'><strong>MEL.</strong></span> <span class='ocrx_word' id='word_1_4' title='bbox 1096 107 1280 139; x_wconf 80' lang='lat' dir='ltr'><strong>SCRIPTA</strong></span> <span class='ocrx_word' id='word_1_5' title='bbox 1302 105 1576 138; x_wconf 84' lang='lat' dir='ltr'><strong>DOGMATICA.</strong></span> 
     </span>
    </p>
   </div>
   <div class='ocr_carea' id='block_1_3' title="bbox 244 199 1237 244">
    <p class='ocr_par' dir='ltr' id='par_1_3' title="bbox 244 199 1237 244">
     <span class='ocr_line' id='line_1_3' title="bbox 244 199 1237 244; baseline -0.006 -9"><span class='ocrx_word' id='word_1_6' title='bbox 244 213 467 244; x_wconf 79' lang='lat' dir='ltr'><strong>peccatorum,</strong></span> <span class='ocrx_word' id='word_1_7' title='bbox 502 210 530 233; x_wconf 85' lang='lat' dir='ltr'><strong>et</strong></span> <span class='ocrx_word' id='word_1_8' title='bbox 556 201 757 241; x_wconf 78' lang='lat' dir='ltr'><strong>amplectitur</strong></span> <span class='ocrx_word' id='word_1_9' title='bbox 780 202 1040 240; x_wconf 63' lang='lat' dir='ltr'>promissionem,</span> <span class='ocrx_word' id='word_1_10' title='bbox 1064 209 1094 230; x_wconf 90' lang='lat' dir='ltr'><strong>ut</strong></span> <span class='ocrx_word' id='word_1_11' title='bbox 1120 199 1212 230; x_wconf 70' lang='grc'>110111.</span> <span class='ocrx_word' id='word_1_12' title='bbox 1235 207 1237 215; x_wconf 78' lang='grc'><em>’</em></span> 
     </span>
    </p>
   </div>
   <div class='ocr_carea' id='block_1_4' title="bbox 243 242 1216 410">
    <p class='ocr_par' dir='ltr' id='par_1_4' title="bbox 243 242 1214 284">
     <span class='ocr_line' id='line_1_4' title="bbox 243 242 1214 284; baseline -0.005 -8"><span class='ocrx_word' id='word_1_13' title='bbox 243 248 272 276; x_wconf 70' lang='grc'><strong>4.</strong></span> <span class='ocrx_word' id='word_1_14' title='bbox 300 250 363 283; x_wconf 68' lang='lat' dir='ltr'><strong>[vs.</strong></span> <span class='ocrx_word' id='word_1_15' title='bbox 392 246 452 284; x_wconf 79' lang='lat'>16.]</span> <span class='ocrx_word' id='word_1_16' title='bbox 485 243 573 274; x_wconf 81' lang='lat' dir='ltr'><strong>clare</strong></span> <span class='ocrx_word' id='word_1_17' title='bbox 602 244 727 273; x_wconf 86' lang='lat' dir='ltr'><strong>dicitur.</strong></span> <span class='ocrx_word' id='word_1_18' title='bbox 776 242 881 272; x_wconf 84' lang='lat' dir='ltr'><strong>Porro</strong></span> <span class='ocrx_word' id='word_1_19' title='bbox 905 242 1019 279; x_wconf 84' lang='lat' dir='ltr'><strong>Fides,</strong></span> <span class='ocrx_word' id='word_1_20' title='bbox 1050 252 1133 281; x_wconf 89' lang='lat' dir='ltr'><strong>qnae</strong></span> <span class='ocrx_word' id='word_1_21' title='bbox 1163 252 1214 271; x_wconf 86' lang='lat' dir='ltr'><strong>as-</strong></span> 
     </span>
    </p>

    <p class='ocr_par' dir='ltr' id='par_1_5' title="bbox 243 284 1216 365">
     <span class='ocr_line' id='line_1_5' title="bbox 243 284 1116 327; baseline -0.005 -10"><span class='ocrx_word' id='word_1_22' title='bbox 243 289 380 318; x_wconf 77' lang='lat' dir='ltr'><strong>sentitur</strong></span> <span class='ocrx_word' id='word_1_23' title='bbox 403 286 622 327; x_wconf 68' lang='lat' dir='ltr'><strong>promissioni,</strong></span> <span class='ocrx_word' id='word_1_24' title='bbox 648 293 695 315; x_wconf 87' lang='lat' dir='ltr'><strong>est</strong></span> <span class='ocrx_word' id='word_1_25' title='bbox 722 285 839 315; x_wconf 83' lang='lat' dir='ltr'><strong>liducia</strong></span> <span class='ocrx_word' id='word_1_26' title='bbox 863 284 1116 314; x_wconf 77' lang='lat' dir='ltr'><strong>misericordiae.</strong></span> 
     </span>
     <span class='ocr_line' id='line_1_6' title="bbox 330 325 1216 365; baseline -0.006 -6"><span class='ocrx_word' id='word_1_27' title='bbox 330 329 498 359; x_wconf 82' lang='lat' dir='ltr'><strong>Postremo</strong></span> <span class='ocrx_word' id='word_1_28' title='bbox 519 329 548 357; x_wconf 94' lang='lat' dir='ltr'><strong>in</strong></span> <span class='ocrx_word' id='word_1_29' title='bbox 572 326 624 356; x_wconf 80' lang='lat' dir='ltr'><strong>liis</strong></span> <span class='ocrx_word' id='word_1_30' title='bbox 637 327 829 357; x_wconf 80' lang='lat' dir='ltr'><strong>testimoniis</strong></span> <span class='ocrx_word' id='word_1_31' title='bbox 845 325 1052 356; x_wconf 85' lang='lat' dir='ltr'><strong>conferamus</strong></span> <span class='ocrx_word' id='word_1_32' title='bbox 1075 326 1216 365; x_wconf 70' lang='lat' dir='ltr'><strong>Aposto-</strong></span> 
     </span>
    </p>

    <p class='ocr_par' dir='ltr' id='par_1_6' title="bbox 246 368 1216 410">
     <span class='ocr_line' id='line_1_7' title="bbox 246 368 1216 410; baseline -0.005 -9"><span class='ocrx_word' id='word_1_33' title='bbox 246 371 348 402; x_wconf 86' lang='lat' dir='ltr'><strong>lorum</strong></span> <span class='ocrx_word' id='word_1_34' title='bbox 373 378 401 401; x_wconf 87' lang='lat' dir='ltr'><strong>et</strong></span> <span class='ocrx_word' id='word_1_35' title='bbox 426 368 664 410; x_wconf 72' lang='lat' dir='ltr'>Prophetarum</span> <span class='ocrx_word' id='word_1_36' title='bbox 688 369 784 406; x_wconf 88' lang='lat' dir='ltr'><strong>dicta,</strong></span> <span class='ocrx_word' id='word_1_37' title='bbox 797 374 831 399; x_wconf 90' lang='lat' dir='ltr'><strong>ut</strong></span> <span class='ocrx_word' id='word_1_38' title='bbox 843 369 1012 398; x_wconf 61' lang='lat' dir='ltr'><strong>videamus</strong></span> <span class='ocrx_word' id='word_1_39' title='bbox 1025 373 1216 407; x_wconf 86' lang='lat' dir='ltr'><strong>perpetuum</strong></span> 
     </span>
    </p>
   </div>
   <div class='ocr_carea' id='block_1_5' title="bbox 1236 280 1238 297">
    <p class='ocr_par' dir='ltr' id='par_1_7' title="bbox 1236 280 1238 297">
     <span class='ocr_line' id='line_1_8' title="bbox 1236 280 1238 297; baseline 0 0"><span class='ocrx_word' id='word_1_40' title='bbox 1236 280 1238 297; x_wconf 77' lang='lat' dir='ltr'><strong>t</strong></span> 
     </span>
    </p>
   </div>
   <div class='ocr_carea' id='block_1_6' title="bbox 247 410 1239 450">
    <p class='ocr_par' dir='ltr' id='par_1_8' title="bbox 247 410 1239 450">
     <span class='ocr_line' id='line_1_9' title="bbox 247 410 1239 450; baseline -0.005 -7"><span class='ocrx_word' id='word_1_41' title='bbox 247 423 442 443; x_wconf 83' lang='lat' dir='ltr'><strong>consensum</strong></span> <span class='ocrx_word' id='word_1_42' title='bbox 473 413 649 442; x_wconf 70' lang='lat' dir='ltr'><strong>universae</strong></span> <span class='ocrx_word' id='word_1_43' title='bbox 672 410 843 441; x_wconf 81' lang='lat' dir='ltr'><strong>Ecclesiae</strong></span> <span class='ocrx_word' id='word_1_44' title='bbox 871 411 946 440; x_wconf 89' lang='lat' dir='ltr'><strong>inde</strong></span> <span class='ocrx_word' id='word_1_45' title='bbox 968 420 1072 450; x_wconf 81' lang='lat' dir='ltr'><strong>usquc</strong></span> <span class='ocrx_word' id='word_1_46' title='bbox 1095 410 1136 440; x_wconf 90' lang='lat' dir='ltr'><strong>ab</strong></span> <span class='ocrx_word' id='word_1_47' title='bbox 1160 410 1217 438; x_wconf 94' lang='lat' dir='ltr'><strong>ini-</strong></span> <span class='ocrx_word' id='word_1_48' title='bbox 1238 411 1239 420; x_wconf 67' lang='lat'>¹</span> 
     </span>
    </p>
   </div>
   <div class='ocr_carea' id='block_1_7' title="bbox 247 451 1240 2216">
    <p class='ocr_par' dir='ltr' id='par_1_9' title="bbox 247 451 1223 1042">
     <span class='ocr_line' id='line_1_10' title="bbox 247 451 1217 492; baseline -0.004 -8"><span class='ocrx_word' id='word_1_49' title='bbox 247 456 302 484; x_wconf 88' lang='lat' dir='ltr'><strong>tio.</strong></span> <span class='ocrx_word' id='word_1_50' title='bbox 347 454 422 484; x_wconf 85' lang='lat' dir='ltr'><strong>ldeo</strong></span> <span class='ocrx_word' id='word_1_51' title='bbox 453 461 480 484; x_wconf 89' lang='lat' dir='ltr'><strong>et</strong></span> <span class='ocrx_word' id='word_1_52' title='bbox 507 451 627 483; x_wconf 83' lang='lat' dir='ltr'><strong>Paulus</strong></span> <span class='ocrx_word' id='word_1_53' title='bbox 654 454 728 482; x_wconf 86' lang='lat' dir='ltr'><strong>citat</strong></span> <span class='ocrx_word' id='word_1_54' title='bbox 759 463 798 483; x_wconf 78' lang='lat' dir='ltr'><strong>ex</strong></span> <span class='ocrx_word' id='word_1_55' title='bbox 821 451 962 482; x_wconf 76' lang='lat' dir='ltr'><strong>Psalmis</strong></span> <span class='ocrx_word' id='word_1_56' title='bbox 987 452 1162 492; x_wconf 79' lang='lat' dir='ltr'><strong>quaedam,</strong></span> <span class='ocrx_word' id='word_1_57' title='bbox 1187 457 1217 481; x_wconf 87' lang='lat' dir='ltr'><strong>et</strong></span> 
     </span>
     <span class='ocr_line' id='line_1_11' title="bbox 248 494 1218 536; baseline -0.004 -10"><span class='ocrx_word' id='word_1_58' title='bbox 248 496 399 536; x_wconf 71' lang='lat' dir='ltr'><strong>plurima,</strong></span> <span class='ocrx_word' id='word_1_59' title='bbox 427 506 510 536; x_wconf 89' lang='lat' dir='ltr'><strong>quae</strong></span> <span class='ocrx_word' id='word_1_60' title='bbox 534 495 608 525; x_wconf 87' lang='lat' dir='ltr'><strong>huic</strong></span> <span class='ocrx_word' id='word_1_61' title='bbox 633 496 817 525; x_wconf 81' lang='lat' dir='ltr'><strong>sententiae</strong></span> <span class='ocrx_word' id='word_1_62' title='bbox 840 494 1072 535; x_wconf 64' lang='lat' dir='ltr'><strong>suffragantur,</strong></span> <span class='ocrx_word' id='word_1_63' title='bbox 1095 494 1218 533; x_wconf 85' lang='lat' dir='ltr'><strong>passim</strong></span> 
     </span>
     <span class='ocr_line' id='line_1_12' title="bbox 248 535 1219 574; baseline -0.004 -5"><span class='ocrx_word' id='word_1_64' title='bbox 248 545 433 569; x_wconf 86' lang='lat' dir='ltr'><strong>occurrunt.</strong></span> <span class='ocrx_word' id='word_1_65' title='bbox 458 536 545 567; x_wconf 89' lang='lat' dir='ltr'><strong>Psal.</strong></span> <span class='ocrx_word' id='word_1_66' title='bbox 569 536 620 567; x_wconf 79' lang='lat'><strong>31.</strong></span> <span class='ocrx_word' id='word_1_67' title='bbox 646 537 766 574; x_wconf 52' lang='lat' dir='ltr'><strong>{vs-,54</strong></span> <span class='ocrx_word' id='word_1_68' title='bbox 790 536 877 572; x_wconf 68' lang='lat' dir='ltr'><strong>Dixi,</strong></span> <span class='ocrx_word' id='word_1_69' title='bbox 901 536 1084 566; x_wconf 84' lang='lat' dir='ltr'><strong>confitebor</strong></span> <span class='ocrx_word' id='word_1_70' title='bbox 1105 535 1219 565; x_wconf 79' lang='lat' dir='ltr'><strong>adver-</strong></span> 
     </span>
     <span class='ocr_line' id='line_1_13' title="bbox 249 577 1219 615; baseline -0.003 -5"><span class='ocrx_word' id='word_1_71' title='bbox 249 592 318 612; x_wconf 89' lang='lat' dir='ltr'><strong>sum</strong></span> <span class='ocrx_word' id='word_1_72' title='bbox 348 591 399 611; x_wconf 89' lang='lat' dir='ltr'><strong>me</strong></span> <span class='ocrx_word' id='word_1_73' title='bbox 430 580 618 610; x_wconf 85' lang='lat' dir='ltr'><strong>iniustitiam</strong></span> <span class='ocrx_word' id='word_1_74' title='bbox 648 589 750 609; x_wconf 87' lang='lat' dir='ltr'><strong>meam</strong></span> <span class='ocrx_word' id='word_1_75' title='bbox 775 578 935 615; x_wconf 72' lang='lat' dir='ltr'><strong>Domum,</strong></span> <span class='ocrx_word' id='word_1_76' title='bbox 965 584 994 608; x_wconf 78' lang='grc'><strong>01</strong></span> <span class='ocrx_word' id='word_1_77' title='bbox 1026 585 1060 608; x_wconf 88' lang='grc'><strong>111</strong></span> <span class='ocrx_word' id='word_1_78' title='bbox 1084 577 1219 608; x_wconf 82' lang='lat' dir='ltr'><strong>remittis</strong></span> 
     </span>
     <span class='ocr_line' id='line_1_14' title="bbox 248 619 1218 663; baseline -0.005 -10"><span class='ocrx_word' id='word_1_79' title='bbox 248 624 446 663; x_wconf 85' lang='lat' dir='ltr'><strong>iniquitatem</strong></span> <span class='ocrx_word' id='word_1_80' title='bbox 475 622 599 662; x_wconf 83' lang='lat' dir='ltr'><strong>peccati</strong></span> <span class='ocrx_word' id='word_1_81' title='bbox 631 622 701 651; x_wconf 80' lang='lat' dir='ltr'><strong>mci.</strong></span> <span class='ocrx_word' id='word_1_82' title='bbox 752 619 841 650; x_wconf 85' lang='lat' dir='ltr'><strong>Psal.</strong></span> <span class='ocrx_word' id='word_1_83' title='bbox 874 620 943 650; x_wconf 67' lang='lat'>14⁶2.</span> <span class='ocrx_word' id='word_1_84' title='bbox 976 622 1038 659; x_wconf 81' lang='grc'>[1-5.</span> <span class='ocrx_word' id='word_1_85' title='bbox 1070 620 1113 657; x_wconf 74' lang='grc'><strong>2.]</strong></span> <span class='ocrx_word' id='word_1_86' title='bbox 1145 619 1218 649; x_wconf 84' lang='grc' dir='ltr'><strong>Νο11</strong></span> 
     </span>
     <span class='ocr_line' id='line_1_15' title="bbox 249 659 1219 703; baseline -0.005 -8"><span class='ocrx_word' id='word_1_87' title='bbox 249 664 475 696; x_wconf 83' lang='lat' dir='ltr'><strong>iustificabitur</strong></span> <span class='ocrx_word' id='word_1_88' title='bbox 498 665 528 694; x_wconf 92' lang='lat' dir='ltr'><strong>in</strong></span> <span class='ocrx_word' id='word_1_89' title='bbox 553 670 732 703; x_wconf 86' lang='lat' dir='ltr'><strong>conspectu</strong></span> <span class='ocrx_word' id='word_1_90' title='bbox 756 671 810 693; x_wconf 83' lang='lat' dir='ltr'><strong>tuo</strong></span> <span class='ocrx_word' id='word_1_91' title='bbox 831 664 934 693; x_wconf 87' lang='lat' dir='ltr'><strong>onmis</strong></span> <span class='ocrx_word' id='word_1_92' title='bbox 959 663 1084 692; x_wconf 66' lang='lat' dir='ltr'><strong>vivens.</strong></span> <span class='ocrx_word' id='word_1_93' title='bbox 1131 659 1219 691; x_wconf 79' lang='lat' dir='ltr'><strong>Psal-</strong></span> 
     </span>
     <span class='ocr_line' id='line_1_16' title="bbox 250 703 1221 744; baseline -0.004 -7"><span class='ocrx_word' id='word_1_94' title='bbox 250 707 301 737; x_wconf 86' lang='lat'><strong>51.</strong></span> <span class='ocrx_word' id='word_1_95' title='bbox 327 711 388 743; x_wconf 64' lang='lat' dir='ltr'><strong>[vs.</strong></span> <span class='ocrx_word' id='word_1_96' title='bbox 412 707 457 743; x_wconf 81' lang='grc'><strong>6.]</strong></span> <span class='ocrx_word' id='word_1_97' title='bbox 482 705 551 736; x_wconf 88' lang='lat' dir='ltr'><strong>Tibi</strong></span> <span class='ocrx_word' id='word_1_98' title='bbox 571 713 693 735; x_wconf 85' lang='lat' dir='ltr'><strong>tantum</strong></span> <span class='ocrx_word' id='word_1_99' title='bbox 717 716 788 736; x_wconf 84' lang='lat' dir='ltr'><strong>sum</strong></span> <span class='ocrx_word' id='word_1_100' title='bbox 812 712 979 744; x_wconf 77' lang='lat' dir='ltr'><strong>peccator,</strong></span> <span class='ocrx_word' id='word_1_101' title='bbox 1003 709 1035 734; x_wconf 92' lang='lat' dir='ltr'><strong>ut</strong></span> <span class='ocrx_word' id='word_1_102' title='bbox 1066 710 1099 734; x_wconf 74' lang='lat' dir='ltr'><strong>ru</strong></span> <span class='ocrx_word' id='word_1_103' title='bbox 1135 703 1221 734; x_wconf 84' lang='lat' dir='ltr'><strong>iusti-</strong></span> 
     </span>
     <span class='ocr_line' id='line_1_17' title="bbox 251 745 1222 779; baseline -0.005 0"><span class='ocrx_word' id='word_1_104' title='bbox 251 749 358 779; x_wconf 77' lang='lat' dir='ltr'><strong>ficeris</strong></span> <span class='ocrx_word' id='word_1_105' title='bbox 384 750 414 779; x_wconf 93' lang='lat' dir='ltr'><strong>in</strong></span> <span class='ocrx_word' id='word_1_106' title='bbox 434 748 639 778; x_wconf 69' lang='lat' dir='ltr'><strong>sermonibus</strong></span> <span class='ocrx_word' id='word_1_107' title='bbox 665 748 737 778; x_wconf 74' lang='lat' dir='ltr'><strong>tuis.</strong></span> <span class='ocrx_word' id='word_1_108' title='bbox 785 747 853 777; x_wconf 87' lang='lat' dir='ltr'><strong>llae</strong></span> <span class='ocrx_word' id='word_1_109' title='bbox 876 747 1060 777; x_wconf 86' lang='lat' dir='ltr'><strong>sententiae</strong></span> <span class='ocrx_word' id='word_1_110' title='bbox 1083 753 1114 775; x_wconf 91' lang='lat' dir='ltr'><strong>et.</strong></span> <span class='ocrx_word' id='word_1_111' title='bbox 1137 745 1222 775; x_wconf 89' lang='lat' dir='ltr'><strong>simi-</strong></span> 
     </span>
     <span class='ocr_line' id='line_1_18' title="bbox 251 787 1222 821; baseline -0.004 -1"><span class='ocrx_word' id='word_1_112' title='bbox 251 790 299 821; x_wconf 86' lang='lat' dir='ltr'><strong>les</strong></span> <span class='ocrx_word' id='word_1_113' title='bbox 328 797 490 821; x_wconf 86' lang='lat' dir='ltr'><strong>testantur</strong></span> <span class='ocrx_word' id='word_1_114' title='bbox 520 800 580 820; x_wconf 78' lang='lat' dir='ltr'><strong>nos</strong></span> <span class='ocrx_word' id='word_1_115' title='bbox 610 790 806 820; x_wconf 76' lang='lat' dir='ltr'><strong>accedentes</strong></span> <span class='ocrx_word' id='word_1_116' title='bbox 834 789 875 818; x_wconf 90' lang='lat' dir='ltr'><strong>ad</strong></span> <span class='ocrx_word' id='word_1_117' title='bbox 898 788 1004 819; x_wconf 85' lang='lat' dir='ltr'><strong>Deum</strong></span> <span class='ocrx_word' id='word_1_118' title='bbox 1035 798 1099 817; x_wconf 93' lang='lat' dir='ltr'><strong>non</strong></span> <span class='ocrx_word' id='word_1_119' title='bbox 1128 787 1222 818; x_wconf 82' lang='lat' dir='ltr'><strong>affer-</strong></span> 
     </span>
     <span class='ocr_line' id='line_1_19' title="bbox 252 829 1222 872; baseline -0.004 -10"><span class='ocrx_word' id='word_1_120' title='bbox 252 843 286 862; x_wconf 83' lang='lat' dir='ltr'><strong>re</strong></span> <span class='ocrx_word' id='word_1_121' title='bbox 302 834 346 872; x_wconf 67' lang='grc'><strong>65)</strong></span> <span class='ocrx_word' id='word_1_122' title='bbox 382 840 526 863; x_wconf 88' lang='lat' dir='ltr'><strong>nostram</strong></span> <span class='ocrx_word' id='word_1_123' title='bbox 551 832 713 868; x_wconf 85' lang='lat' dir='ltr'><strong>iustitiam,</strong></span> <span class='ocrx_word' id='word_1_124' title='bbox 748 841 808 861; x_wconf 84' lang='lat' dir='ltr'><strong>nee</strong></span> <span class='ocrx_word' id='word_1_125' title='bbox 830 841 931 870; x_wconf 84' lang='lat' dir='ltr'><strong>posse</strong></span> <span class='ocrx_word' id='word_1_126' title='bbox 956 839 1121 870; x_wconf 90' lang='lat' dir='ltr'><strong>opponere</strong></span> <span class='ocrx_word' id='word_1_127' title='bbox 1144 829 1222 859; x_wconf 93' lang='lat' dir='ltr'><strong>iudi-</strong></span> 
     </span>
     <span class='ocr_line' id='line_1_20' title="bbox 253 870 1223 912; baseline -0.005 -7"><span class='ocrx_word' id='word_1_128' title='bbox 253 876 302 905; x_wconf 84' lang='lat' dir='ltr'><strong>cio</strong></span> <span class='ocrx_word' id='word_1_129' title='bbox 337 881 367 905; x_wconf 85' lang='lat' dir='ltr'><strong>et</strong></span> <span class='ocrx_word' id='word_1_130' title='bbox 402 875 468 904; x_wconf 87' lang='lat' dir='ltr'><strong>irae</strong></span> <span class='ocrx_word' id='word_1_131' title='bbox 486 875 549 904; x_wconf 83' lang='lat' dir='ltr'><strong>Dei</strong></span> <span class='ocrx_word' id='word_1_132' title='bbox 584 880 695 903; x_wconf 81' lang='lat' dir='ltr'><strong>nostra</strong></span> <span class='ocrx_word' id='word_1_133' title='bbox 730 874 854 910; x_wconf 80' lang='lat' dir='ltr'><strong>merita,</strong></span> <span class='ocrx_word' id='word_1_134' title='bbox 888 873 947 903; x_wconf 81' lang='lat' dir='ltr'><strong>sed</strong></span> <span class='ocrx_word' id='word_1_135' title='bbox 971 870 1223 912; x_wconf 77' lang='lat' dir='ltr'><strong>confugiendum</strong></span> 
     </span>
     <span class='ocr_line' id='line_1_21' title="bbox 254 914 1223 947; baseline -0.005 0"><span class='ocrx_word' id='word_1_136' title='bbox 254 926 330 947; x_wconf 86' lang='lat' dir='ltr'><strong>esse</strong></span> <span class='ocrx_word' id='word_1_137' title='bbox 363 917 404 946; x_wconf 90' lang='lat' dir='ltr'><strong>ad</strong></span> <span class='ocrx_word' id='word_1_138' title='bbox 427 915 640 946; x_wconf 81' lang='lat' dir='ltr'><strong>Mediatorem</strong></span> <span class='ocrx_word' id='word_1_139' title='bbox 664 914 829 946; x_wconf 79' lang='lat' dir='ltr'><strong>Christum</strong></span> <span class='ocrx_word' id='word_1_140' title='bbox 863 922 891 944; x_wconf 86' lang='lat' dir='ltr'><strong>et</strong></span> <span class='ocrx_word' id='word_1_141' title='bbox 916 914 1121 944; x_wconf 80' lang='lat' dir='ltr'><strong>statuendum</strong></span> <span class='ocrx_word' id='word_1_142' title='bbox 1146 923 1223 943; x_wconf 79' lang='lat' dir='ltr'><strong>vere</strong></span> 
     </span>
     <span class='ocr_line' id='line_1_22' title="bbox 252 955 1222 999; baseline -0.006 -10"><span class='ocrx_word' id='word_1_143' title='bbox 252 965 385 998; x_wconf 85' lang='lat' dir='ltr'><strong>propter</strong></span> <span class='ocrx_word' id='word_1_144' title='bbox 408 959 512 997; x_wconf 86' lang='lat' dir='ltr'><strong>ipsum</strong></span> <span class='ocrx_word' id='word_1_145' title='bbox 537 958 640 999; x_wconf 79' lang='lat' dir='ltr'><strong>gratis</strong></span> <span class='ocrx_word' id='word_1_146' title='bbox 660 958 786 998; x_wconf 75' lang='lat' dir='ltr'><strong>ignosci</strong></span> <span class='ocrx_word' id='word_1_147' title='bbox 811 957 905 987; x_wconf 82' lang='lat' dir='ltr'><strong>nobis</strong></span> <span class='ocrx_word' id='word_1_148' title='bbox 929 962 959 986; x_wconf 91' lang='lat' dir='ltr'><strong>et</strong></span> <span class='ocrx_word' id='word_1_149' title='bbox 983 966 1046 986; x_wconf 90' lang='grc'>1105</span> <span class='ocrx_word' id='word_1_150' title='bbox 1069 956 1167 994; x_wconf 86' lang='lat' dir='ltr'><strong>recipi</strong></span> <span class='ocrx_word' id='word_1_151' title='bbox 1192 955 1222 984; x_wconf 94' lang='lat' dir='ltr'><strong>in</strong></span> 
     </span>
     <span class='ocr_line' id='line_1_23' title="bbox 255 1001 401 1042; baseline -0.021 -11"><span class='ocrx_word' id='word_1_152' title='bbox 255 1001 401 1042; x_wconf 84' lang='lat' dir='ltr'><strong>gratiam.</strong></span> 
     </span>
    </p>

    <p class='ocr_par' dir='ltr' id='par_1_10' title="bbox 254 1040 1231 1668">
     <span class='ocr_line' id='line_1_24' title="bbox 340 1040 1224 1081; baseline -0.002 -10"><span class='ocrx_word' id='word_1_153' title='bbox 340 1041 415 1072; x_wconf 88' lang='lat' dir='ltr'><strong>ldeo</strong></span> <span class='ocrx_word' id='word_1_154' title='bbox 446 1048 552 1072; x_wconf 89' lang='lat' dir='ltr'><strong>autem</strong></span> <span class='ocrx_word' id='word_1_155' title='bbox 588 1041 670 1071; x_wconf 80' lang='lat' dir='ltr'><strong>lianc</strong></span> <span class='ocrx_word' id='word_1_156' title='bbox 706 1048 829 1081; x_wconf 83' lang='lat' dir='ltr'><strong>partem</strong></span> <span class='ocrx_word' id='word_1_157' title='bbox 864 1042 903 1071; x_wconf 89' lang='lat' dir='ltr'><strong>de</strong></span> <span class='ocrx_word' id='word_1_158' title='bbox 938 1040 1017 1070; x_wconf 85' lang='lat' dir='ltr'><strong>Fide</strong></span> <span class='ocrx_word' id='word_1_159' title='bbox 1051 1041 1224 1070; x_wconf 83' lang='lat' dir='ltr'><strong>omiserunt</strong></span> 
     </span>
     <span class='ocr_line' id='line_1_25' title="bbox 254 1081 1226 1124; baseline -0.003 -10"><span class='ocrx_word' id='word_1_160' title='bbox 254 1083 343 1115; x_wconf 88' lang='lat' dir='ltr'><strong>multi</strong></span> <span class='ocrx_word' id='word_1_161' title='bbox 367 1084 567 1124; x_wconf 74' lang='lat' dir='ltr'><strong>scriptores,</strong></span> <span class='ocrx_word' id='word_1_162' title='bbox 602 1085 676 1114; x_wconf 77' lang='lat' dir='ltr'><strong>(uia</strong></span> <span class='ocrx_word' id='word_1_163' title='bbox 700 1084 817 1114; x_wconf 86' lang='lat' dir='ltr'><strong>iudicio</strong></span> <span class='ocrx_word' id='word_1_164' title='bbox 841 1082 1001 1113; x_wconf 84' lang='lat' dir='ltr'><strong>humanae</strong></span> <span class='ocrx_word' id='word_1_165' title='bbox 1024 1082 1159 1113; x_wconf 84' lang='lat' dir='ltr'><strong>rationis</strong></span> <span class='ocrx_word' id='word_1_166' title='bbox 1183 1081 1226 1111; x_wconf 79' lang='lat' dir='ltr'><strong>vi-</strong></span> 
     </span>
     <span class='ocr_line' id='line_1_26' title="bbox 256 1125 1227 1165; baseline -0.003 -9"><span class='ocrx_word' id='word_1_167' title='bbox 256 1127 348 1156; x_wconf 89' lang='lat' dir='ltr'><strong>detur</strong></span> <span class='ocrx_word' id='word_1_168' title='bbox 371 1126 568 1162; x_wconf 71' lang='lat' dir='ltr'><strong>absurditas,</strong></span> <span class='ocrx_word' id='word_1_169' title='bbox 592 1125 766 1156; x_wconf 80' lang='lat' dir='ltr'><strong>afirmare.</strong></span> <span class='ocrx_word' id='word_1_170' title='bbox 790 1126 876 1165; x_wconf 82' lang='lat' dir='ltr'><strong>quod</strong></span> <span class='ocrx_word' id='word_1_171' title='bbox 896 1125 989 1155; x_wconf 82' lang='lat' dir='ltr'><strong>Deus</strong></span> <span class='ocrx_word' id='word_1_172' title='bbox 1012 1125 1067 1154; x_wconf 89' lang='lat' dir='ltr'><strong>tibi</strong></span> <span class='ocrx_word' id='word_1_173' title='bbox 1092 1125 1132 1154; x_wconf 82' lang='lat' dir='ltr'><strong>sit</strong></span> <span class='ocrx_word' id='word_1_174' title='bbox 1155 1134 1227 1163; x_wconf 91' lang='lat' dir='ltr'><strong>pro-</strong></span> 
     </span>
     <span class='ocr_line' id='line_1_27' title="bbox 255 1166 1227 1209; baseline -0.005 -10"><span class='ocrx_word' id='word_1_175' title='bbox 255 1170 363 1209; x_wconf 83' lang='lat' dir='ltr'><strong>pitius.</strong></span> <span class='ocrx_word' id='word_1_176' title='bbox 393 1167 637 1198; x_wconf 85' lang='lat' dir='ltr'><strong>Discedendum</strong></span> <span class='ocrx_word' id='word_1_177' title='bbox 661 1175 709 1198; x_wconf 88' lang='lat' dir='ltr'><strong>est</strong></span> <span class='ocrx_word' id='word_1_178' title='bbox 734 1174 841 1197; x_wconf 88' lang='lat' dir='ltr'><strong>autem</strong></span> <span class='ocrx_word' id='word_1_179' title='bbox 865 1166 969 1201; x_wconf 67' lang='lat' dir='ltr'><strong>hit-¹³⁹&gt;</strong></span> <span class='ocrx_word' id='word_1_180' title='bbox 993 1178 1013 1197; x_wconf 82' lang='lat' dir='ltr'><strong>a</strong></span> <span class='ocrx_word' id='word_1_181' title='bbox 1036 1166 1153 1196; x_wconf 87' lang='lat' dir='ltr'><strong>iudicio</strong></span> <span class='ocrx_word' id='word_1_182' title='bbox 1178 1176 1227 1195; x_wconf 87' lang='lat' dir='ltr'><strong>ra-</strong></span> 
     </span>
     <span class='ocr_line' id='line_1_28' title="bbox 258 1208 1226 1250; baseline -0.004 -10"><span class='ocrx_word' id='word_1_183' title='bbox 258 1211 354 1240; x_wconf 78' lang='lat' dir='ltr'><strong>tionis</strong></span> <span class='ocrx_word' id='word_1_184' title='bbox 385 1216 518 1240; x_wconf 83' lang='lat' dir='ltr'><strong>nostrae</strong></span> <span class='ocrx_word' id='word_1_185' title='bbox 548 1217 577 1239; x_wconf 88' lang='lat' dir='ltr'><strong>et</strong></span> <span class='ocrx_word' id='word_1_186' title='bbox 601 1210 785 1250; x_wconf 84' lang='lat' dir='ltr'><strong>quaerenda</strong></span> <span class='ocrx_word' id='word_1_187' title='bbox 811 1208 962 1239; x_wconf 80' lang='lat' dir='ltr'><strong>voluntas</strong></span> <span class='ocrx_word' id='word_1_188' title='bbox 987 1209 1048 1239; x_wconf 86' lang='lat' dir='ltr'><strong>Dei</strong></span> <span class='ocrx_word' id='word_1_189' title='bbox 1068 1209 1098 1238; x_wconf 95' lang='lat' dir='ltr'><strong>in</strong></span> <span class='ocrx_word' id='word_1_190' title='bbox 1123 1209 1226 1248; x_wconf 80' lang='lat' dir='ltr'><strong>ipsius</strong></span> 
     </span>
     <span class='ocr_line' id='line_1_29' title="bbox 256 1250 1226 1292; baseline -0.003 -10"><span class='ocrx_word' id='word_1_191' title='bbox 256 1250 446 1292; x_wconf 69' lang='lat' dir='ltr'><strong>Evangelio.</strong></span> <span class='ocrx_word' id='word_1_192' title='bbox 482 1251 561 1282; x_wconf 80' lang='lat' dir='ltr'><strong>Cum</strong></span> <span class='ocrx_word' id='word_1_193' title='bbox 574 1251 712 1292; x_wconf 77' lang='lat' dir='ltr'><strong>legimus</strong></span> <span class='ocrx_word' id='word_1_194' title='bbox 725 1251 842 1281; x_wconf 80' lang='lat' dir='ltr'><strong>Davidi</strong></span> <span class='ocrx_word' id='word_1_195' title='bbox 855 1252 1076 1282; x_wconf 77' lang='lat' dir='ltr'><strong>annuntiatam</strong></span> <span class='ocrx_word' id='word_1_196' title='bbox 1090 1260 1166 1280; x_wconf 82' lang='lat' dir='ltr'><strong>esse</strong></span> <span class='ocrx_word' id='word_1_197' title='bbox 1179 1260 1226 1279; x_wconf 89' lang='lat' dir='ltr'><strong>re-</strong></span> 
     </span>
     <span class='ocr_line' id='line_1_30' title="bbox 256 1290 1226 1334; baseline -0.004 -10"><span class='ocrx_word' id='word_1_198' title='bbox 256 1294 444 1325; x_wconf 80' lang='lat' dir='ltr'><strong>missionem</strong></span> <span class='ocrx_word' id='word_1_199' title='bbox 478 1292 633 1334; x_wconf 77' lang='lat' dir='ltr'><strong>peculiari</strong></span> <span class='ocrx_word' id='word_1_200' title='bbox 666 1294 818 1324; x_wconf 82' lang='lat' dir='ltr'><strong>mandato</strong></span> <span class='ocrx_word' id='word_1_201' title='bbox 853 1294 927 1330; x_wconf 85' lang='lat' dir='ltr'><strong>Dei.</strong></span> <span class='ocrx_word' id='word_1_202' title='bbox 962 1294 1117 1323; x_wconf 83' lang='lat' dir='ltr'><strong>miramur</strong></span> <span class='ocrx_word' id='word_1_203' title='bbox 1149 1290 1226 1322; x_wconf 90' lang='lat' dir='ltr'><strong>illud</strong></span> 
     </span>
     <span class='ocr_line' id='line_1_31' title="bbox 258 1332 1228 1377; baseline -0.003 -11"><span class='ocrx_word' id='word_1_204' title='bbox 258 1334 425 1377; x_wconf 81' lang='lat' dir='ltr'><strong>singulare</strong></span> <span class='ocrx_word' id='word_1_205' title='bbox 460 1335 669 1372; x_wconf 71' lang='lat' dir='ltr'><strong>benefichun,</strong></span> <span class='ocrx_word' id='word_1_206' title='bbox 705 1342 733 1366; x_wconf 88' lang='lat' dir='ltr'><strong>et</strong></span> <span class='ocrx_word' id='word_1_207' title='bbox 760 1337 883 1376; x_wconf 75' lang='lat' dir='ltr'><strong>cogitat</strong></span> <span class='ocrx_word' id='word_1_208' title='bbox 907 1336 1044 1376; x_wconf 88' lang='lat' dir='ltr'><strong>quisque</strong></span> <span class='ocrx_word' id='word_1_209' title='bbox 1067 1335 1110 1364; x_wconf 86' lang='lat' dir='ltr'><strong>ita</strong></span> <span class='ocrx_word' id='word_1_210' title='bbox 1133 1344 1170 1364; x_wconf 85' lang='lat' dir='ltr'><strong>se</strong></span> <span class='ocrx_word' id='word_1_211' title='bbox 1193 1332 1228 1363; x_wconf 90' lang='lat' dir='ltr'><strong>li-</strong></span> 
     </span>
     <span class='ocr_line' id='line_1_32' title="bbox 259 1374 1227 1409; baseline -0.004 0"><span class='ocrx_word' id='word_1_212' title='bbox 259 1380 374 1409; x_wconf 67' lang='grc'>11011101</span> <span class='ocrx_word' id='word_1_213' title='bbox 407 1378 603 1408; x_wconf 85' lang='lat' dir='ltr'><strong>crediturum</strong></span> <span class='ocrx_word' id='word_1_214' title='bbox 640 1388 726 1408; x_wconf 81' lang='lat' dir='ltr'><strong>esse.</strong></span> <span class='ocrx_word' id='word_1_215' title='bbox 762 1378 788 1407; x_wconf 85' lang='lat' dir='ltr'><strong>si</strong></span> <span class='ocrx_word' id='word_1_216' title='bbox 823 1378 883 1408; x_wconf 81' lang='lat' dir='ltr'><strong>sibi</strong></span> <span class='ocrx_word' id='word_1_217' title='bbox 907 1376 981 1407; x_wconf 90' lang='lat' dir='ltr'><strong>talis</strong></span> <span class='ocrx_word' id='word_1_218' title='bbox 1005 1387 1069 1408; x_wconf 71' lang='lat' dir='ltr'><strong>vox</strong></span> <span class='ocrx_word' id='word_1_219' title='bbox 1093 1386 1111 1406; x_wconf 91' lang='lat' dir='ltr'><strong>e</strong></span> <span class='ocrx_word' id='word_1_220' title='bbox 1134 1374 1227 1406; x_wconf 87' lang='lat' dir='ltr'><strong>coelo</strong></span> 
     </span>
     <span class='ocr_line' id='line_1_33' title="bbox 258 1417 1227 1460; baseline -0.003 -10"><span class='ocrx_word' id='word_1_221' title='bbox 258 1420 495 1460; x_wconf 76' lang='lat' dir='ltr'><strong>affe1·reru1·.⁷⁰)</strong></span> <span class='ocrx_word' id='word_1_222' title='bbox 541 1420 582 1450; x_wconf 78' lang='lat' dir='ltr'><strong>At</strong></span> <span class='ocrx_word' id='word_1_223' title='bbox 615 1420 701 1450; x_wconf 90' lang='lat' dir='ltr'><strong>scire</strong></span> <span class='ocrx_word' id='word_1_224' title='bbox 726 1420 882 1450; x_wconf 88' lang='lat' dir='ltr'><strong>debemus</strong></span> <span class='ocrx_word' id='word_1_225' title='bbox 905 1420 968 1449; x_wconf 90' lang='lat' dir='ltr'><strong>iam</strong></span> <span class='ocrx_word' id='word_1_226' title='bbox 998 1429 1073 1448; x_wconf 91' lang='lat' dir='ltr'><strong>esse</strong></span> <span class='ocrx_word' id='word_1_227' title='bbox 1096 1417 1227 1448; x_wconf 87' lang='lat' dir='ltr'><strong>allatam</strong></span> 
     </span>
     <span class='ocr_line' id='line_1_34' title="bbox 258 1460 1227 1497; baseline -0.004 -4"><span class='ocrx_word' id='word_1_228' title='bbox 258 1463 341 1493; x_wconf 84' lang='lat' dir='ltr'><strong>hanc</strong></span> <span class='ocrx_word' id='word_1_229' title='bbox 377 1472 490 1492; x_wconf 79' lang='lat' dir='ltr'><strong>vocem</strong></span> <span class='ocrx_word' id='word_1_230' title='bbox 526 1463 631 1492; x_wconf 82' lang='lat' dir='ltr'><strong>nobis.</strong></span> <span class='ocrx_word' id='word_1_231' title='bbox 677 1461 757 1493; x_wconf 88' lang='lat' dir='ltr'><strong>Tam</strong></span> <span class='ocrx_word' id='word_1_232' title='bbox 791 1468 879 1492; x_wconf 89' lang='lat' dir='ltr'><strong>certo</strong></span> <span class='ocrx_word' id='word_1_233' title='bbox 914 1462 968 1491; x_wconf 90' lang='lat' dir='ltr'><strong>tibi</strong></span> <span class='ocrx_word' id='word_1_234' title='bbox 993 1461 1180 1497; x_wconf 78' lang='lat' dir='ltr'><strong>remittitur,</strong></span> <span class='ocrx_word' id='word_1_235' title='bbox 1201 1460 1227 1489; x_wconf 90' lang='lat' dir='ltr'><strong>si</strong></span> 
     </span>
     <span class='ocr_line' id='line_1_35' title="bbox 261 1502 1229 1545; baseline -0.004 -10"><span class='ocrx_word' id='word_1_236' title='bbox 261 1505 368 1535; x_wconf 87' lang='lat' dir='ltr'><strong>credis</strong></span> <span class='ocrx_word' id='word_1_237' title='bbox 391 1502 584 1545; x_wconf 74' lang='lat' dir='ltr'><strong>Evangelio,</strong></span> <span class='ocrx_word' id='word_1_238' title='bbox 616 1514 711 1544; x_wconf 86' lang='lat' dir='ltr'><strong>quam</strong></span> <span class='ocrx_word' id='word_1_239' title='bbox 731 1509 820 1534; x_wconf 87' lang='lat' dir='ltr'><strong>certo</strong></span> <span class='ocrx_word' id='word_1_240' title='bbox 841 1503 1012 1536; x_wconf 75' lang='lat' dir='ltr'><strong>Davidi71)</strong></span> <span class='ocrx_word' id='word_1_241' title='bbox 1048 1502 1229 1532; x_wconf 85' lang='lat' dir='ltr'><strong>remitteba-</strong></span> 
     </span>
     <span class='ocr_line' id='line_1_36' title="bbox 260 1544 1230 1586; baseline -0.003 -10"><span class='ocrx_word' id='word_1_242' title='bbox 260 1554 322 1583; x_wconf 88' lang='lat' dir='ltr'><strong>tur,</strong></span> <span class='ocrx_word' id='word_1_243' title='bbox 347 1553 377 1576; x_wconf 90' lang='lat' dir='ltr'><strong>et</strong></span> <span class='ocrx_word' id='word_1_244' title='bbox 401 1552 464 1576; x_wconf 89' lang='lat' dir='ltr'><strong>tam</strong></span> <span class='ocrx_word' id='word_1_245' title='bbox 488 1557 507 1576; x_wconf 84' lang='lat' dir='ltr'><strong>a</strong></span> <span class='ocrx_word' id='word_1_246' title='bbox 530 1552 560 1576; x_wconf 85' lang='lat' dir='ltr'><strong>te</strong></span> <span class='ocrx_word' id='word_1_247' title='bbox 578 1545 772 1586; x_wconf 63' lang='lat' dir='ltr'><strong>postulatur,</strong></span> <span class='ocrx_word' id='word_1_248' title='bbox 792 1552 823 1576; x_wconf 91' lang='lat' dir='ltr'><strong>ut</strong></span> <span class='ocrx_word' id='word_1_249' title='bbox 845 1546 961 1576; x_wconf 89' lang='lat' dir='ltr'><strong>credas</strong></span> <span class='ocrx_word' id='word_1_250' title='bbox 985 1545 1058 1575; x_wconf 77' lang='lat' dir='ltr'><strong>voci</strong></span> <span class='ocrx_word' id='word_1_251' title='bbox 1080 1544 1230 1584; x_wconf 77' lang='lat' dir='ltr'><strong>Evange-</strong></span> 
     </span>
     <span class='ocr_line' id='line_1_37' title="bbox 260 1585 1231 1628; baseline -0.003 -10"><span class='ocrx_word' id='word_1_252' title='bbox 260 1588 292 1619; x_wconf 91' lang='lat' dir='ltr'><strong>lii</strong></span> <span class='ocrx_word' id='word_1_253' title='bbox 323 1589 523 1619; x_wconf 81' lang='lat' dir='ltr'><strong>annuntianti</strong></span> <span class='ocrx_word' id='word_1_254' title='bbox 557 1589 791 1625; x_wconf 68' lang='lat' dir='ltr'><strong>remissionem,</strong></span> <span class='ocrx_word' id='word_1_255' title='bbox 826 1598 920 1628; x_wconf 87' lang='lat' dir='ltr'><strong>quam</strong></span> <span class='ocrx_word' id='word_1_256' title='bbox 951 1585 1180 1627; x_wconf 78' lang='lat' dir='ltr'><strong>postulabatur</strong></span> <span class='ocrx_word' id='word_1_257' title='bbox 1214 1596 1231 1615; x_wconf 90' lang='lat' dir='ltr'><strong>a</strong></span> 
     </span>
     <span class='ocr_line' id='line_1_38' title="bbox 260 1630 881 1668; baseline -0.003 -7"><span class='ocrx_word' id='word_1_258' title='bbox 260 1630 398 1668; x_wconf 67' lang='lat' dir='ltr'><strong>Davide,</strong></span> <span class='ocrx_word' id='word_1_259' title='bbox 422 1638 453 1660; x_wconf 88' lang='lat' dir='ltr'><strong>ut</strong></span> <span class='ocrx_word' id='word_1_260' title='bbox 479 1632 551 1661; x_wconf 68' lang='lat' dir='ltr'><strong>vot-i</strong></span> <span class='ocrx_word' id='word_1_261' title='bbox 575 1630 704 1661; x_wconf 72' lang='lat' dir='ltr'><strong>Nathan</strong></span> <span class='ocrx_word' id='word_1_262' title='bbox 725 1631 881 1660; x_wconf 80' lang='lat' dir='ltr'><strong>crederet.</strong></span> 
     </span>
    </p>

    <p class='ocr_par' dir='ltr' id='par_1_11' title="bbox 263 1671 1240 2216">
     <span class='ocr_line' id='line_1_39' title="bbox 346 1671 1234 1704; baseline -0.005 0"><span class='ocrx_word' id='word_1_263' title='bbox 346 1673 513 1704; x_wconf 73' lang='lat' dir='ltr'><strong>Hactenus</strong></span> <span class='ocrx_word' id='word_1_264' title='bbox 544 1673 583 1702; x_wconf 79' lang='lat' dir='ltr'><strong>de</strong></span> <span class='ocrx_word' id='word_1_265' title='bbox 606 1672 809 1703; x_wconf 67' lang='lat' dir='ltr'><strong>Contritionc</strong></span> <span class='ocrx_word' id='word_1_266' title='bbox 833 1679 860 1702; x_wconf 89' lang='lat' dir='ltr'><strong>et</strong></span> <span class='ocrx_word' id='word_1_267' title='bbox 887 1672 926 1701; x_wconf 91' lang='lat' dir='ltr'><strong>de</strong></span> <span class='ocrx_word' id='word_1_268' title='bbox 950 1671 1027 1702; x_wconf 78' lang='lat' dir='ltr'><strong>Fide</strong></span> <span class='ocrx_word' id='word_1_269' title='bbox 1051 1671 1127 1701; x_wconf 73' lang='lat' dir='ltr'><strong>dixi.</strong></span> <span class='ocrx_word' id='word_1_270' title='bbox 1172 1671 1234 1700; x_wconf 66' lang='grc' dir='ltr'><strong>1Νο-</strong></span> 
     </span>
     <span class='ocr_line' id='line_1_40' title="bbox 264 1713 1234 1746; baseline -0.004 -1"><span class='ocrx_word' id='word_1_271' title='bbox 264 1726 358 1746; x_wconf 84' lang='lat' dir='ltr'><strong>cesse</strong></span> <span class='ocrx_word' id='word_1_272' title='bbox 393 1721 441 1745; x_wconf 75' lang='lat' dir='ltr'><strong>est</strong></span> <span class='ocrx_word' id='word_1_273' title='bbox 473 1722 581 1745; x_wconf 89' lang='lat' dir='ltr'><strong>autem</strong></span> <span class='ocrx_word' id='word_1_274' title='bbox 606 1722 633 1745; x_wconf 90' lang='lat' dir='ltr'><strong>et</strong></span> <span class='ocrx_word' id='word_1_275' title='bbox 657 1714 750 1746; x_wconf 79' lang='lat' dir='ltr'><strong>simul</strong></span> <span class='ocrx_word' id='word_1_276' title='bbox 770 1713 915 1744; x_wconf 80' lang='lat' dir='ltr'><strong>inchoari</strong></span> <span class='ocrx_word' id='word_1_277' title='bbox 939 1724 1057 1744; x_wconf 72' lang='lat' dir='ltr'><strong>novam</strong></span> <span class='ocrx_word' id='word_1_278' title='bbox 1082 1713 1234 1744; x_wconf 81' lang='lat' dir='ltr'><strong>obedien-</strong></span> 
     </span>
     <span class='ocr_line' id='line_1_41' title="bbox 263 1756 1233 1796; baseline -0.002 -9"><span class='ocrx_word' id='word_1_279' title='bbox 263 1759 347 1795; x_wconf 68' lang='lat' dir='ltr'><strong>tiam,</strong></span> <span class='ocrx_word' id='word_1_280' title='bbox 367 1764 399 1788; x_wconf 93' lang='lat' dir='ltr'><strong>ut</strong></span> <span class='ocrx_word' id='word_1_281' title='bbox 424 1756 517 1787; x_wconf 82' lang='lat' dir='ltr'><strong>Rom.</strong></span> <span class='ocrx_word' id='word_1_282' title='bbox 541 1757 571 1787; x_wconf 81' lang='grc'><strong>6.</strong></span> <span class='ocrx_word' id='word_1_283' title='bbox 591 1759 634 1796; x_wconf 74' lang='lat'><strong>72)</strong></span> <span class='ocrx_word' id='word_1_284' title='bbox 672 1760 733 1793; x_wconf 66' lang='lat' dir='ltr'><strong>lvs.</strong></span> <span class='ocrx_word' id='word_1_285' title='bbox 756 1758 820 1795; x_wconf 60' lang='lat'><strong>12]</strong></span> <span class='ocrx_word' id='word_1_286' title='bbox 846 1757 978 1787; x_wconf 86' lang='lat' dir='ltr'><strong>dicitur:</strong></span> <span class='ocrx_word' id='word_1_287' title='bbox 1023 1756 1097 1786; x_wconf 92' lang='lat' dir='ltr'><strong>Non</strong></span> <span class='ocrx_word' id='word_1_288' title='bbox 1122 1761 1233 1795; x_wconf 77' lang='lat' dir='ltr'><strong>regnet</strong></span> 
     </span>
     <span class='ocr_line' id='line_1_42' title="bbox 263 1797 1234 1841; baseline -0.004 -11"><span class='ocrx_word' id='word_1_289' title='bbox 263 1806 433 1841; x_wconf 78' lang='lat' dir='ltr'><strong>peecatum</strong></span> <span class='ocrx_word' id='word_1_290' title='bbox 457 1801 487 1829; x_wconf 89' lang='grc'><strong>111</strong></span> <span class='ocrx_word' id='word_1_291' title='bbox 513 1799 641 1830; x_wconf 88' lang='lat' dir='ltr'><strong>mortali</strong></span> <span class='ocrx_word' id='word_1_292' title='bbox 666 1810 805 1839; x_wconf 80' lang='lat' dir='ltr'><strong>cotpore</strong></span> <span class='ocrx_word' id='word_1_293' title='bbox 831 1805 953 1829; x_wconf 73' lang='lat' dir='ltr'><strong>vestro.</strong></span> <span class='ocrx_word' id='word_1_294' title='bbox 998 1797 1093 1828; x_wconf 81' lang='lat' dir='ltr'><strong>Rom.</strong></span> <span class='ocrx_word' id='word_1_295' title='bbox 1116 1798 1146 1828; x_wconf 80' lang='lat' dir='ltr'><strong>S.</strong></span> <span class='ocrx_word' id='word_1_296' title='bbox 1173 1801 1234 1834; x_wconf 74' lang='lat' dir='ltr'><strong>[vs.</strong></span> 
     </span>
     <span class='ocr_line' id='line_1_43' title="bbox 267 1839 1235 1881; baseline -0.003 -9"><span class='ocrx_word' id='word_1_297' title='bbox 267 1843 306 1880; x_wconf 88' lang='grc'><strong>1.]</strong></span> <span class='ocrx_word' id='word_1_298' title='bbox 332 1840 430 1872; x_wconf 83' lang='lat' dir='ltr'><strong>Nulla</strong></span> <span class='ocrx_word' id='word_1_299' title='bbox 453 1852 539 1872; x_wconf 85' lang='lat' dir='ltr'><strong>nunc</strong></span> <span class='ocrx_word' id='word_1_300' title='bbox 564 1842 790 1872; x_wconf 80' lang='lat' dir='ltr'><strong>condemnatio</strong></span> <span class='ocrx_word' id='word_1_301' title='bbox 811 1847 861 1871; x_wconf 90' lang='lat' dir='ltr'><strong>est</strong></span> <span class='ocrx_word' id='word_1_302' title='bbox 884 1840 952 1878; x_wconf 82' lang='lat' dir='ltr'><strong>his,</strong></span> <span class='ocrx_word' id='word_1_303' title='bbox 972 1841 1025 1881; x_wconf 88' lang='lat' dir='ltr'><strong>qui</strong></span> <span class='ocrx_word' id='word_1_304' title='bbox 1048 1841 1079 1870; x_wconf 91' lang='lat' dir='ltr'><strong>in</strong></span> <span class='ocrx_word' id='word_1_305' title='bbox 1103 1839 1235 1870; x_wconf 85' lang='lat' dir='ltr'><strong>Christo</strong></span> 
     </span>
     <span class='ocr_line' id='line_1_44' title="bbox 265 1881 1236 1924; baseline -0.003 -10"><span class='ocrx_word' id='word_1_306' title='bbox 265 1884 337 1915; x_wconf 88' lang='lat' dir='ltr'><strong>lesu</strong></span> <span class='ocrx_word' id='word_1_307' title='bbox 359 1882 534 1914; x_wconf 86' lang='lat' dir='ltr'><strong>ambulant.</strong></span> <span class='ocrx_word' id='word_1_308' title='bbox 579 1884 618 1914; x_wconf 87' lang='lat' dir='ltr'><strong>Et</strong></span> <span class='ocrx_word' id='word_1_309' title='bbox 642 1884 779 1914; x_wconf 90' lang='lat' dir='ltr'><strong>loannes</strong></span> <span class='ocrx_word' id='word_1_310' title='bbox 803 1884 905 1924; x_wconf 87' lang='lat' dir='ltr'><strong>inquit</strong></span> <span class='ocrx_word' id='word_1_311' title='bbox 929 1883 1020 1920; x_wconf 80' lang='lat' dir='ltr'><strong>[Luc.</strong></span> <span class='ocrx_word' id='word_1_312' title='bbox 1045 1883 1076 1920; x_wconf 76' lang='lat'><strong>3,</strong></span> <span class='ocrx_word' id='word_1_313' title='bbox 1094 1882 1152 1919; x_wconf 80' lang='lat' dir='ltr'><strong>S.]:</strong></span> <span class='ocrx_word' id='word_1_314' title='bbox 1176 1881 1236 1912; x_wconf 89' lang='lat' dir='ltr'><strong>Fa-</strong></span> 
     </span>
     <span class='ocr_line' id='line_1_45' title="bbox 267 1925 1237 1967; baseline -0.002 -11"><span class='ocrx_word' id='word_1_315' title='bbox 267 1928 328 1957; x_wconf 81' lang='lat' dir='ltr'><strong>cite</strong></span> <span class='ocrx_word' id='word_1_316' title='bbox 352 1925 476 1957; x_wconf 75' lang='lat' dir='ltr'><strong>finctus</strong></span> <span class='ocrx_word' id='word_1_317' title='bbox 501 1926 618 1967; x_wconf 76' lang='lat' dir='ltr'><strong>dignos</strong></span> <span class='ocrx_word' id='word_1_318' title='bbox 641 1926 877 1966; x_wconf 88' lang='lat' dir='ltr'><strong>poenitentiae,</strong></span> <span class='ocrx_word' id='word_1_319' title='bbox 901 1926 931 1955; x_wconf 87' lang='lat' dir='ltr'><strong>id</strong></span> <span class='ocrx_word' id='word_1_320' title='bbox 956 1932 1018 1962; x_wconf 84' lang='lat' dir='ltr'><strong>est,</strong></span> <span class='ocrx_word' id='word_1_321' title='bbox 1043 1925 1237 1955; x_wconf 71' lang='lat' dir='ltr'><strong>convenien-</strong></span> 
     </span>
     <span class='ocr_line' id='line_1_46' title="bbox 267 1967 1237 2008; baseline -0.003 -9"><span class='ocrx_word' id='word_1_322' title='bbox 267 1978 315 1999; x_wconf 83' lang='lat' dir='ltr'><strong>tes</strong></span> <span class='ocrx_word' id='word_1_323' title='bbox 334 1969 560 2008; x_wconf 86' lang='lat' dir='ltr'><strong>poenitentiae.</strong></span> <span class='ocrx_word' id='word_1_324' title='bbox 606 1968 696 1999; x_wconf 88' lang='lat' dir='ltr'><strong>llaec</strong></span> <span class='ocrx_word' id='word_1_325' title='bbox 725 1979 811 1999; x_wconf 75' lang='lat' dir='ltr'><strong>nova</strong></span> <span class='ocrx_word' id='word_1_326' title='bbox 836 1968 1018 1998; x_wconf 81' lang='lat' dir='ltr'><strong>obedientia</strong></span> <span class='ocrx_word' id='word_1_327' title='bbox 1040 1967 1160 1998; x_wconf 86' lang='lat' dir='ltr'><strong>usitate</strong></span> <span class='ocrx_word' id='word_1_328' title='bbox 1182 1977 1237 1997; x_wconf 82' lang='grc'><strong>10-</strong></span> 
     </span>
     <span class='ocr_line' id='line_1_47' title="bbox 268 2008 1238 2051; baseline -0.002 -10"><span class='ocrx_word' id='word_1_329' title='bbox 268 2018 358 2041; x_wconf 85' lang='lat' dir='ltr'><strong>catur</strong></span> <span class='ocrx_word' id='word_1_330' title='bbox 381 2011 509 2041; x_wconf 89' lang='lat' dir='ltr'><strong>Bonum</strong></span> <span class='ocrx_word' id='word_1_331' title='bbox 533 2011 753 2051; x_wconf 72' lang='lat' dir='ltr'><strong>propositum3</strong></span> <span class='ocrx_word' id='word_1_332' title='bbox 793 2009 918 2051; x_wconf 86' lang='lat' dir='ltr'><strong>Estque</strong></span> <span class='ocrx_word' id='word_1_333' title='bbox 941 2020 1019 2040; x_wconf 69' lang='lat' dir='ltr'><strong>vere</strong></span> <span class='ocrx_word' id='word_1_334' title='bbox 1038 2016 1068 2040; x_wconf 89' lang='lat' dir='ltr'><strong>et</strong></span> <span class='ocrx_word' id='word_1_335' title='bbox 1087 2009 1158 2039; x_wconf 91' lang='lat' dir='ltr'><strong>sine</strong></span> <span class='ocrx_word' id='word_1_336' title='bbox 1180 2008 1238 2050; x_wconf 78' lang='lat' dir='ltr'><strong>hy-</strong></span> 
     </span>
     <span class='ocr_line' id='line_1_48' title="bbox 267 2051 1239 2094; baseline -0.003 -10"><span class='ocrx_word' id='word_1_337' title='bbox 267 2054 386 2094; x_wconf 86' lang='lat' dir='ltr'><strong>pocrisi</strong></span> <span class='ocrx_word' id='word_1_338' title='bbox 410 2060 553 2084; x_wconf 84' lang='lat' dir='ltr'><strong>statuere</strong></span> <span class='ocrx_word' id='word_1_339' title='bbox 576 2059 605 2083; x_wconf 90' lang='lat' dir='ltr'><strong>et</strong></span> <span class='ocrx_word' id='word_1_340' title='bbox 630 2051 714 2083; x_wconf 81' lang='lat' dir='ltr'><strong>velle</strong></span> <span class='ocrx_word' id='word_1_341' title='bbox 725 2052 798 2083; x_wconf 92' lang='lat' dir='ltr'><strong>Deo</strong></span> <span class='ocrx_word' id='word_1_342' title='bbox 823 2053 956 2083; x_wconf 79' lang='lat' dir='ltr'><strong>obedire</strong></span> <span class='ocrx_word' id='word_1_343' title='bbox 979 2058 1009 2082; x_wconf 90' lang='lat' dir='ltr'><strong>et</strong></span> <span class='ocrx_word' id='word_1_344' title='bbox 1031 2052 1170 2082; x_wconf 87' lang='lat' dir='ltr'><strong>retinere</strong></span> <span class='ocrx_word' id='word_1_345' title='bbox 1194 2052 1239 2081; x_wconf 91' lang='lat' dir='ltr'><strong>iu-</strong></span> 
     </span>
     <span class='ocr_line' id='line_1_49' title="bbox 270 2094 1238 2126; baseline -0.002 -1"><span class='ocrx_word' id='word_1_346' title='bbox 270 2096 386 2125; x_wconf 82' lang='lat' dir='ltr'><strong>stitiam</strong></span> <span class='ocrx_word' id='word_1_347' title='bbox 405 2096 511 2125; x_wconf 85' lang='lat' dir='ltr'><strong>bonae</strong></span> <span class='ocrx_word' id='word_1_348' title='bbox 531 2096 763 2126; x_wconf 81' lang='lat' dir='ltr'><strong>conscientiae.</strong></span> <span class='ocrx_word' id='word_1_349' title='bbox 808 2095 858 2125; x_wconf 84' lang='lat' dir='ltr'><strong>Ac</strong></span> <span class='ocrx_word' id='word_1_350' title='bbox 883 2102 915 2125; x_wconf 90' lang='grc'><strong>111</strong></span> <span class='ocrx_word' id='word_1_351' title='bbox 941 2094 1075 2125; x_wconf 80' lang='lat' dir='ltr'><strong>firmitas</strong></span> <span class='ocrx_word' id='word_1_352' title='bbox 1099 2095 1159 2124; x_wconf 85' lang='lat' dir='ltr'><strong>ista</strong></span> <span class='ocrx_word' id='word_1_353' title='bbox 1182 2104 1238 2123; x_wconf 76' lang='lat' dir='ltr'><strong>ro-</strong></span> 
     </span>
     <span class='ocr_line' id='line_1_50' title="bbox 270 2136 1238 2178; baseline -0.001 -12"><span class='ocrx_word' id='word_1_354' title='bbox 270 2136 402 2168; x_wconf 75' lang='lat' dir='ltr'><strong>luntatis</strong></span> <span class='ocrx_word' id='word_1_355' title='bbox 422 2137 487 2174; x_wconf 71' lang='lat' dir='ltr'><strong>fiat,</strong></span> <span class='ocrx_word' id='word_1_356' title='bbox 507 2138 696 2168; x_wconf 66' lang='lat' dir='ltr'><strong>adiuvamur</strong></span> <span class='ocrx_word' id='word_1_357' title='bbox 719 2148 736 2167; x_wconf 88' lang='lat' dir='ltr'><strong>a</strong></span> <span class='ocrx_word' id='word_1_358' title='bbox 762 2137 883 2178; x_wconf 83' lang='lat' dir='ltr'><strong>Spiritu</strong></span> <span class='ocrx_word' id='word_1_359' title='bbox 907 2144 1035 2174; x_wconf 74' lang='lat' dir='ltr'><strong>sancto,</strong></span> <span class='ocrx_word' id='word_1_360' title='bbox 1059 2137 1111 2177; x_wconf 93' lang='lat' dir='ltr'><strong>qui</strong></span> <span class='ocrx_word' id='word_1_361' title='bbox 1135 2136 1238 2173; x_wconf 70' lang='lat' dir='ltr'><strong>datur,</strong></span> 
     </span>
     <span class='ocr_line' id='line_1_51' title="bbox 272 2177 1240 2216; baseline -0.001 -7"><span class='ocrx_word' id='word_1_362' title='bbox 272 2190 342 2209; x_wconf 88' lang='lat' dir='ltr'><strong>cum</strong></span> <span class='ocrx_word' id='word_1_363' title='bbox 366 2179 428 2209; x_wconf 83' lang='lat' dir='ltr'><strong>fide</strong></span> <span class='ocrx_word' id='word_1_364' title='bbox 452 2190 513 2210; x_wconf 83' lang='lat' dir='ltr'><strong>nos</strong></span> <span class='ocrx_word' id='word_1_365' title='bbox 537 2187 769 2216; x_wconf 63' lang='lat' dir='ltr'><strong>sustentanms,</strong></span> <span class='ocrx_word' id='word_1_366' title='bbox 789 2187 820 2209; x_wconf 90' lang='lat' dir='ltr'><strong>ut</strong></span> <span class='ocrx_word' id='word_1_367' title='bbox 844 2177 917 2209; x_wconf 79' lang='lat' dir='ltr'><strong>Gal.</strong></span> <span class='ocrx_word' id='word_1_368' title='bbox 941 2179 970 2209; x_wconf 76' lang='lat'><strong>3.</strong></span> <span class='ocrx_word' id='word_1_369' title='bbox 996 2181 1057 2216; x_wconf 59' lang='lat' dir='ltr'><strong>svs,</strong></span> <span class='ocrx_word' id='word_1_370' title='bbox 1080 2179 1143 2216; x_wconf 59' lang='lat' dir='ltr'><strong>lt]</strong></span> <span class='ocrx_word' id='word_1_371' title='bbox 1164 2178 1240 2209; x_wconf 87' lang='lat' dir='ltr'><strong>dici—</strong></span> 
     </span>
    </p>
   </div>
   <div class='ocr_carea' id='block_1_8' title="bbox 273 2326 1176 2558">
    <p class='ocr_par' dir='ltr' id='par_1_12' title="bbox 273 2326 1055 2356">
     <span class='ocr_line' id='line_1_52' title="bbox 273 2326 1055 2356; baseline 0.001 -8"><span class='ocrx_word' id='word_1_372' title='bbox 273 2326 318 2356; x_wconf 79' lang='grc'><strong>68)</strong></span> <span class='ocrx_word' id='word_1_373' title='bbox 339 2326 442 2356; x_wconf 77' lang='lat' dir='ltr'><strong>afferre]</strong></span> <span class='ocrx_word' id='word_1_374' title='bbox 461 2326 531 2351; x_wconf 83' lang='lat' dir='ltr'><strong>Editt.</strong></span> <span class='ocrx_word' id='word_1_375' title='bbox 551 2326 589 2350; x_wconf 74' lang='grc'><strong>22.</strong></span> <span class='ocrx_word' id='word_1_376' title='bbox 609 2327 646 2349; x_wconf 66' lang='lat'><strong>24.</strong></span> <span class='ocrx_word' id='word_1_377' title='bbox 667 2326 784 2351; x_wconf 65' lang='lat' dir='ltr'><strong>&#39;es-34..</strong></span> <span class='ocrx_word' id='word_1_378' title='bbox 803 2327 862 2356; x_wconf 76' lang='lat' dir='ltr'><strong>opp.</strong></span> <span class='ocrx_word' id='word_1_379' title='bbox 884 2327 903 2350; x_wconf 80' lang='grc'><strong>1.</strong></span> <span class='ocrx_word' id='word_1_380' title='bbox 924 2326 945 2348; x_wconf 74' lang='lat'><strong>2.</strong></span> <span class='ocrx_word' id='word_1_381' title='bbox 964 2326 1055 2350; x_wconf 81' lang='lat' dir='ltr'><strong>offerre</strong></span> 
     </span>
    </p>

    <p class='ocr_par' dir='ltr' id='par_1_13' title="bbox 274 2376 968 2406">
     <span class='ocr_line' id='line_1_53' title="bbox 274 2376 968 2406; baseline -0.004 -5"><span class='ocrx_word' id='word_1_382' title='bbox 274 2377 319 2405; x_wconf 78' lang='lat'><strong>69)</strong></span> <span class='ocrx_word' id='word_1_383' title='bbox 336 2377 376 2401; x_wconf 82' lang='lat' dir='ltr'><strong>hic</strong></span> <span class='ocrx_word' id='word_1_384' title='bbox 395 2377 530 2401; x_wconf 73' lang='lat' dir='ltr'><strong>omittunt</strong></span> <span class='ocrx_word' id='word_1_385' title='bbox 547 2376 617 2400; x_wconf 86' lang='lat' dir='ltr'><strong>Editt.</strong></span> <span class='ocrx_word' id='word_1_386' title='bbox 638 2376 676 2400; x_wconf 75' lang='grc'>2-2,</span> <span class='ocrx_word' id='word_1_387' title='bbox 696 2377 734 2399; x_wconf 76' lang='grc'><strong>24.</strong></span> <span class='ocrx_word' id='word_1_388' title='bbox 757 2376 804 2402; x_wconf 74' lang='grc'>28..</span> <span class='ocrx_word' id='word_1_389' title='bbox 824 2376 883 2406; x_wconf 80' lang='lat' dir='ltr'><strong>Opp.</strong></span> <span class='ocrx_word' id='word_1_390' title='bbox 905 2377 926 2398; x_wconf 88' lang='lat'><strong>1.</strong></span> <span class='ocrx_word' id='word_1_391' title='bbox 946 2376 968 2401; x_wconf 82' lang='grc'><strong>2,</strong></span> 
     </span>
    </p>

    <p class='ocr_par' dir='ltr' id='par_1_14' title="bbox 273 2426 1176 2508">
     <span class='ocr_line' id='line_1_54' title="bbox 275 2426 1176 2458; baseline 0.001 -8"><span class='ocrx_word' id='word_1_392' title='bbox 275 2427 320 2458; x_wconf 80' lang='lat'><strong>70)</strong></span> <span class='ocrx_word' id='word_1_393' title='bbox 340 2426 493 2457; x_wconf 79' lang='lat' dir='ltr'><strong>afferretur.]</strong></span> <span class='ocrx_word' id='word_1_394' title='bbox 514 2426 585 2451; x_wconf 80' lang='lat' dir='ltr'><strong>Editt.</strong></span> <span class='ocrx_word' id='word_1_395' title='bbox 608 2427 644 2449; x_wconf 84' lang='lat'><strong>18.</strong></span> <span class='ocrx_word' id='word_1_396' title='bbox 664 2427 705 2450; x_wconf 84' lang='lat'><strong>20.</strong></span> <span class='ocrx_word' id='word_1_397' title='bbox 725 2426 765 2450; x_wconf 80' lang='lat'><strong>23.</strong></span> <span class='ocrx_word' id='word_1_398' title='bbox 786 2427 835 2456; x_wconf 54' lang='lat'><strong>25„</strong></span> <span class='ocrx_word' id='word_1_399' title='bbox 855 2426 927 2457; x_wconf 83' lang='lat' dir='ltr'><strong>eorp.</strong></span> <span class='ocrx_word' id='word_1_400' title='bbox 949 2427 1022 2449; x_wconf 78' lang='lat'>1—8.</span> <span class='ocrx_word' id='word_1_401' title='bbox 1043 2427 1176 2451; x_wconf 76' lang='lat' dir='ltr'><strong>offerretur</strong></span> 
     </span>
     <span class='ocr_line' id='line_1_55' title="bbox 273 2476 987 2508; baseline 0.003 -9"><span class='ocrx_word' id='word_1_402' title='bbox 273 2477 319 2507; x_wconf 75' lang='lat' dir='ltr'><strong>Tl)</strong></span> <span class='ocrx_word' id='word_1_403' title='bbox 337 2477 433 2508; x_wconf 80' lang='lat' dir='ltr'><strong>Davidi]</strong></span> <span class='ocrx_word' id='word_1_404' title='bbox 455 2477 526 2502; x_wconf 79' lang='lat' dir='ltr'><strong>Editt.</strong></span> <span class='ocrx_word' id='word_1_405' title='bbox 545 2477 582 2499; x_wconf 87' lang='grc'><strong>22.</strong></span> <span class='ocrx_word' id='word_1_406' title='bbox 604 2477 642 2499; x_wconf 76' lang='grc'>2-1.</span> <span class='ocrx_word' id='word_1_407' title='bbox 664 2478 703 2500; x_wconf 77' lang='grc'><strong>28.</strong></span> <span class='ocrx_word' id='word_1_408' title='bbox 724 2478 763 2501; x_wconf 86' lang='grc'><strong>29.</strong></span> <span class='ocrx_word' id='word_1_409' title='bbox 783 2476 892 2501; x_wconf 86' lang='grc'>31-33.</span> <span class='ocrx_word' id='word_1_410' title='bbox 910 2477 987 2502; x_wconf 86' lang='lat' dir='ltr'><strong>David</strong></span> 
     </span>
    </p>

    <p class='ocr_par' dir='ltr' id='par_1_15' title="bbox 274 2527 952 2558">
     <span class='ocr_line' id='line_1_56' title="bbox 274 2527 952 2558; baseline 0 -9"><span class='ocrx_word' id='word_1_411' title='bbox 274 2528 318 2558; x_wconf 79' lang='lat'><strong>72)</strong></span> <span class='ocrx_word' id='word_1_412' title='bbox 340 2527 376 2558; x_wconf 82' lang='lat'><strong>6.]</strong></span> <span class='ocrx_word' id='word_1_413' title='bbox 394 2527 465 2553; x_wconf 76' lang='lat' dir='ltr'><strong>Edttt.</strong></span> <span class='ocrx_word' id='word_1_414' title='bbox 487 2528 525 2552; x_wconf 81' lang='lat'><strong>22.</strong></span> <span class='ocrx_word' id='word_1_415' title='bbox 545 2528 584 2550; x_wconf 71' lang='lat'><strong>24.</strong></span> <span class='ocrx_word' id='word_1_416' title='bbox 605 2528 651 2551; x_wconf 81' lang='lat'>28..</span> <span class='ocrx_word' id='word_1_417' title='bbox 671 2528 721 2558; x_wconf 80' lang='grc' dir='ltr'><strong>ορρ</strong></span> <span class='ocrx_word' id='word_1_418' title='bbox 751 2529 769 2552; x_wconf 91' lang='grc'><strong>1.</strong></span> <span class='ocrx_word' id='word_1_419' title='bbox 789 2528 810 2551; x_wconf 84' lang='lat'><strong>2.</strong></span> <span class='ocrx_word' id='word_1_420' title='bbox 829 2528 911 2552; x_wconf 80' lang='lat' dir='ltr'><strong>mate:</strong></span> <span class='ocrx_word' id='word_1_421' title='bbox 931 2527 952 2550; x_wconf 53' lang='grc'>5.</span> 
     </span>
    </p>
   </div>
   <div class='ocr_carea' id='block_1_9' title="bbox 1263 2411 1265 2424">
    <p class='ocr_par' dir='ltr' id='par_1_16' title="bbox 1263 2411 1265 2424">
     <span class='ocr_line' id='line_1_57' title="bbox 1263 2411 1265 2424; baseline 0 0"><span class='ocrx_word' id='word_1_422' title='bbox 1263 2411 1265 2424; x_wconf 66' lang='lat' dir='ltr'><strong>i</strong></span> 
     </span>
    </p>
   </div>
   <div class='ocr_carea' id='block_1_10' title="bbox 1254 1624 1889 1657">
    <p class='ocr_par' dir='ltr' id='par_1_17' title="bbox 1254 1624 1889 1657">
     <span class='ocr_line' id='line_1_58' title="bbox 1254 1624 1889 1657; baseline -0.003 0"><span class='ocrx_word' id='word_1_423' title='bbox 1254 1639 1255 1643; x_wconf 55' lang='lat'>¹</span> <span class='ocrx_word' id='word_1_424' title='bbox 1278 1629 1353 1657; x_wconf 80' lang='lat' dir='ltr'><strong>stris</strong></span> <span class='ocrx_word' id='word_1_425' title='bbox 1383 1633 1438 1657; x_wconf 84' lang='lat' dir='ltr'><strong>aut</strong></span> <span class='ocrx_word' id='word_1_426' title='bbox 1462 1625 1612 1657; x_wconf 74' lang='lat' dir='ltr'><strong>Ecclesia</strong></span> <span class='ocrx_word' id='word_1_427' title='bbox 1642 1624 1889 1656; x_wconf 82' lang='lat' dir='ltr'><strong>confitebantur.</strong></span> 
     </span>
    </p>
   </div>
   <div class='ocr_carea' id='block_1_11' title="bbox 1237 219 1268 2548">
    <p class='ocr_par' dir='ltr' id='par_1_18' title="bbox 1237 219 1268 2548">
     <span class='ocr_line' id='line_1_59' title="bbox 1237 219 1268 2548; baseline 0 0"><span class='ocrx_word' id='word_1_428' title='bbox 1237 219 1268 2548; x_wconf 95' lang='lat' dir='ltr'><strong> </strong></span> 
     </span>
    </p>
   </div>
   <div class='ocr_carea' id='block_1_12' title="bbox 2161 105 2223 138">
    <p class='ocr_par' dir='ltr' id='par_1_19' title="bbox 2161 105 2223 138">
     <span class='ocr_line' id='line_1_60' title="bbox 2161 105 2223 138; baseline 0.016 -1"><span class='ocrx_word' id='word_1_429' title='bbox 2161 105 2223 138; x_wconf 78' lang='lat'><strong>892</strong></span> 
     </span>
    </p>
   </div>
   <div class='ocr_carea' id='block_1_13' title="bbox 1257 197 2225 281">
    <p class='ocr_par' dir='ltr' id='par_1_20' title="bbox 1257 197 2225 281">
     <span class='ocr_line' id='line_1_61' title="bbox 1257 197 2225 239; baseline 0 -10"><span class='ocrx_word' id='word_1_430' title='bbox 1257 206 1324 229; x_wconf 88' lang='lat' dir='ltr'><strong>tur:</strong></span> <span class='ocrx_word' id='word_1_431' title='bbox 1365 198 1407 229; x_wconf 82' lang='lat' dir='ltr'><strong>Ut</strong></span> <span class='ocrx_word' id='word_1_432' title='bbox 1440 199 1689 238; x_wconf 81' lang='lat' dir='ltr'><strong>promissionem</strong></span> <span class='ocrx_word' id='word_1_433' title='bbox 1709 197 1849 238; x_wconf 83' lang='lat' dir='ltr'><strong>Spiritus</strong></span> <span class='ocrx_word' id='word_1_434' title='bbox 1872 200 2069 239; x_wconf 82' lang='lat' dir='ltr'><strong>accipiamus</strong></span> <span class='ocrx_word' id='word_1_435' title='bbox 2092 208 2151 239; x_wconf 88' lang='lat' dir='ltr'><strong>per</strong></span> <span class='ocrx_word' id='word_1_436' title='bbox 2174 198 2225 229; x_wconf 87' lang='lat' dir='ltr'><strong>Fi-</strong></span> 
     </span>
     <span class='ocr_line' id='line_1_62' title="bbox 1258 239 2225 281; baseline -0.001 -10"><span class='ocrx_word' id='word_1_437' title='bbox 1258 241 1340 271; x_wconf 87' lang='lat' dir='ltr'><strong>dem.</strong></span> <span class='ocrx_word' id='word_1_438' title='bbox 1385 240 1462 271; x_wconf 89' lang='lat' dir='ltr'><strong>ltem</strong></span> <span class='ocrx_word' id='word_1_439' title='bbox 1485 239 1579 271; x_wconf 82' lang='lat' dir='ltr'><strong>Rom.</strong></span> <span class='ocrx_word' id='word_1_440' title='bbox 1603 240 1634 271; x_wconf 83' lang='lat' dir='ltr'><strong>S.</strong></span> <span class='ocrx_word' id='word_1_441' title='bbox 1659 243 1721 277; x_wconf 84' lang='lat' dir='ltr'><strong>[vs.</strong></span> <span class='ocrx_word' id='word_1_442' title='bbox 1748 240 1809 278; x_wconf 59' lang='lat'><strong>154</strong></span> <span class='ocrx_word' id='word_1_443' title='bbox 1856 241 2042 281; x_wconf 83' lang='lat' dir='ltr'><strong>Accepistis</strong></span> <span class='ocrx_word' id='word_1_444' title='bbox 2073 240 2225 280; x_wconf 87' lang='lat' dir='ltr'><strong>Spiritum</strong></span> 
     </span>
    </p>
   </div>
   <div class='ocr_carea' id='block_1_14' title="bbox 1236 280 2226 326">
    <p class='ocr_par' dir='ltr' id='par_1_21' title="bbox 1236 280 2226 326">
     <span class='ocr_line' id='line_1_63' title="bbox 1236 280 2226 326; baseline -0.001 -13"><span class='ocrx_word' id='word_1_445' title='bbox 1236 298 1238 326; x_wconf 47' lang='grc' dir='ltr'>ς</span> <span class='ocrx_word' id='word_1_446' title='bbox 1259 283 1440 323; x_wconf 82' lang='lat' dir='ltr'><strong>adoptionis</strong></span> <span class='ocrx_word' id='word_1_447' title='bbox 1464 281 1612 319; x_wconf 76' lang='lat' dir='ltr'><strong>filiorum,</strong></span> <span class='ocrx_word' id='word_1_448' title='bbox 1636 291 1699 323; x_wconf 87' lang='lat' dir='ltr'><strong>quo</strong></span> <span class='ocrx_word' id='word_1_449' title='bbox 1714 280 1891 313; x_wconf 81' lang='lat' dir='ltr'><strong>clamamus</strong></span> <span class='ocrx_word' id='word_1_450' title='bbox 1903 283 2001 313; x_wconf 82' lang='lat' dir='ltr'><strong>Abba</strong></span> <span class='ocrx_word' id='word_1_451' title='bbox 2012 288 2115 322; x_wconf 89' lang='lat' dir='ltr'><strong>pater.</strong></span> <span class='ocrx_word' id='word_1_452' title='bbox 2146 281 2226 312; x_wconf 87' lang='lat' dir='ltr'><strong>Cum</strong></span> 
     </span>
    </p>
   </div>
   <div class='ocr_carea' id='block_1_15' title="bbox 1259 324 2238 1078">
    <p class='ocr_par' dir='ltr' id='par_1_22' title="bbox 1259 324 2229 487">
     <span class='ocr_line' id='line_1_64' title="bbox 1259 324 2227 364; baseline -0.001 -10"><span class='ocrx_word' id='word_1_453' title='bbox 1259 325 1342 355; x_wconf 86' lang='lat' dir='ltr'><strong>enim</strong></span> <span class='ocrx_word' id='word_1_454' title='bbox 1376 324 1440 355; x_wconf 86' lang='lat' dir='ltr'><strong>fide</strong></span> <span class='ocrx_word' id='word_1_455' title='bbox 1469 324 1666 355; x_wconf 82' lang='lat' dir='ltr'><strong>assentimur</strong></span> <span class='ocrx_word' id='word_1_456' title='bbox 1687 324 1905 364; x_wconf 82' lang='lat' dir='ltr'><strong>promissioni,</strong></span> <span class='ocrx_word' id='word_1_457' title='bbox 1938 324 2148 364; x_wconf 82' lang='lat' dir='ltr'><strong>agnoscimus</strong></span> <span class='ocrx_word' id='word_1_458' title='bbox 2172 324 2227 353; x_wconf 89' lang='lat' dir='ltr'><strong>mi-</strong></span> 
     </span>
     <span class='ocr_line' id='line_1_65' title="bbox 1261 365 2228 406; baseline -0.001 -10"><span class='ocrx_word' id='word_1_459' title='bbox 1261 367 1472 397; x_wconf 86' lang='lat' dir='ltr'><strong>sericordiam</strong></span> <span class='ocrx_word' id='word_1_460' title='bbox 1496 372 1527 396; x_wconf 88' lang='lat' dir='ltr'><strong>et</strong></span> <span class='ocrx_word' id='word_1_461' title='bbox 1545 367 1762 405; x_wconf 81' lang='lat' dir='ltr'><strong>praesentiam</strong></span> <span class='ocrx_word' id='word_1_462' title='bbox 1786 365 1849 396; x_wconf 90' lang='lat' dir='ltr'><strong>Dei</strong></span> <span class='ocrx_word' id='word_1_463' title='bbox 1867 367 2089 406; x_wconf 83' lang='lat' dir='ltr'><strong>respicientis,</strong></span> <span class='ocrx_word' id='word_1_464' title='bbox 2114 375 2228 396; x_wconf 87' lang='lat' dir='ltr'><strong>curan-</strong></span> 
     </span>
     <span class='ocr_line' id='line_1_66' title="bbox 1260 407 2229 448; baseline -0.001 -10"><span class='ocrx_word' id='word_1_465' title='bbox 1260 409 1301 438; x_wconf 83' lang='lat' dir='ltr'><strong>tis</strong></span> <span class='ocrx_word' id='word_1_466' title='bbox 1325 415 1356 439; x_wconf 88' lang='lat' dir='ltr'><strong>et</strong></span> <span class='ocrx_word' id='word_1_467' title='bbox 1379 409 1565 448; x_wconf 86' lang='lat' dir='ltr'><strong>recipientis</strong></span> <span class='ocrx_word' id='word_1_468' title='bbox 1595 418 1672 444; x_wconf 80' lang='grc'>005,</span> <span class='ocrx_word' id='word_1_469' title='bbox 1701 414 1733 438; x_wconf 91' lang='lat' dir='ltr'><strong>et</strong></span> <span class='ocrx_word' id='word_1_470' title='bbox 1754 408 1926 448; x_wconf 84' lang='lat' dir='ltr'><strong>incipimus</strong></span> <span class='ocrx_word' id='word_1_471' title='bbox 1949 418 2021 439; x_wconf 92' lang='lat' dir='ltr'><strong>eum</strong></span> <span class='ocrx_word' id='word_1_472' title='bbox 2039 417 2118 438; x_wconf 89' lang='lat' dir='ltr'><strong>vere</strong></span> <span class='ocrx_word' id='word_1_473' title='bbox 2139 407 2229 438; x_wconf 87' lang='lat' dir='ltr'><strong>invo-</strong></span> 
     </span>
     <span class='ocr_line' id='line_1_67' title="bbox 1262 449 2228 487; baseline -0.001 -7"><span class='ocrx_word' id='word_1_474' title='bbox 1262 460 1337 481; x_wconf 88' lang='lat' dir='ltr'><strong>care</strong></span> <span class='ocrx_word' id='word_1_475' title='bbox 1361 456 1392 481; x_wconf 86' lang='lat' dir='ltr'><strong>et</strong></span> <span class='ocrx_word' id='word_1_476' title='bbox 1414 461 1476 481; x_wconf 89' lang='lat' dir='ltr'><strong>nos</strong></span> <span class='ocrx_word' id='word_1_477' title='bbox 1500 451 1527 480; x_wconf 91' lang='lat' dir='ltr'><strong>ei</strong></span> <span class='ocrx_word' id='word_1_478' title='bbox 1551 450 1728 487; x_wconf 88' lang='lat' dir='ltr'><strong>subiicere,</strong></span> <span class='ocrx_word' id='word_1_479' title='bbox 1757 450 1869 480; x_wconf 89' lang='lat' dir='ltr'><strong>timere</strong></span> <span class='ocrx_word' id='word_1_480' title='bbox 1892 460 1964 480; x_wconf 90' lang='lat' dir='ltr'><strong>eum</strong></span> <span class='ocrx_word' id='word_1_481' title='bbox 1987 455 2017 480; x_wconf 89' lang='lat' dir='ltr'><strong>et</strong></span> <span class='ocrx_word' id='word_1_482' title='bbox 2037 449 2170 480; x_wconf 90' lang='lat' dir='ltr'><strong>obedire</strong></span> <span class='ocrx_word' id='word_1_483' title='bbox 2189 450 2228 479; x_wconf 87' lang='lat' dir='ltr'><strong>ei.</strong></span> 
     </span>
    </p>

    <p class='ocr_par' dir='ltr' id='par_1_23' title="bbox 1264 490 2238 1078">
     <span class='ocr_line' id='line_1_68' title="bbox 1347 490 2230 531; baseline -0.002 -8"><span class='ocrx_word' id='word_1_484' title='bbox 1347 492 1423 523; x_wconf 90' lang='lat' dir='ltr'><strong>ldeo</strong></span> <span class='ocrx_word' id='word_1_485' title='bbox 1457 493 1489 522; x_wconf 93' lang='lat' dir='ltr'><strong>in</strong></span> <span class='ocrx_word' id='word_1_486' title='bbox 1513 491 1674 523; x_wconf 85' lang='lat' dir='ltr'><strong>Zacharia</strong></span> <span class='ocrx_word' id='word_1_487' title='bbox 1703 492 1786 522; x_wconf 84' lang='lat' dir='ltr'><strong>duae</strong></span> <span class='ocrx_word' id='word_1_488' title='bbox 1809 490 1989 531; x_wconf 88' lang='lat' dir='ltr'><strong>particulae</strong></span> <span class='ocrx_word' id='word_1_489' title='bbox 2012 492 2230 522; x_wconf 87' lang='lat' dir='ltr'><strong>eruditissime</strong></span> 
     </span>
     <span class='ocr_line' id='line_1_69' title="bbox 1264 531 2231 575; baseline -0.002 -10"><span class='ocrx_word' id='word_1_490' title='bbox 1264 535 1514 575; x_wconf 78' lang='lat' dir='ltr'><strong>coniunguntur,</strong></span> <span class='ocrx_word' id='word_1_491' title='bbox 1538 533 1651 565; x_wconf 86' lang='lat' dir='ltr'><strong>Gratia</strong></span> <span class='ocrx_word' id='word_1_492' title='bbox 1675 539 1706 564; x_wconf 88' lang='lat' dir='ltr'><strong>et</strong></span> <span class='ocrx_word' id='word_1_493' title='bbox 1728 533 1894 565; x_wconf 81' lang='lat' dir='ltr'><strong>Invocatio</strong></span> <span class='ocrx_word' id='word_1_494' title='bbox 1920 533 1986 571; x_wconf 69' lang='grc'>112,</span> <span class='ocrx_word' id='word_1_495' title='bbox 2012 533 2088 570; x_wconf 79' lang='grc'>10.];</span> <span class='ocrx_word' id='word_1_496' title='bbox 2122 531 2231 563; x_wconf 85' lang='lat' dir='ltr'><strong>Effun-</strong></span> 
     </span>
     <span class='ocr_line' id='line_1_70' title="bbox 1264 575 2232 617; baseline -0.002 -11"><span class='ocrx_word' id='word_1_497' title='bbox 1264 577 1338 607; x_wconf 86' lang='lat' dir='ltr'><strong>dam</strong></span> <span class='ocrx_word' id='word_1_498' title='bbox 1372 586 1471 617; x_wconf 89' lang='lat' dir='ltr'><strong>super</strong></span> <span class='ocrx_word' id='word_1_499' title='bbox 1496 576 1624 607; x_wconf 90' lang='lat' dir='ltr'><strong>domum</strong></span> <span class='ocrx_word' id='word_1_500' title='bbox 1648 576 1755 606; x_wconf 83' lang='lat' dir='ltr'><strong>David</strong></span> <span class='ocrx_word' id='word_1_501' title='bbox 1785 576 1933 616; x_wconf 90' lang='lat' dir='ltr'><strong>spiritum</strong></span> <span class='ocrx_word' id='word_1_502' title='bbox 1957 575 2083 617; x_wconf 84' lang='lat' dir='ltr'><strong>gratiae</strong></span> <span class='ocrx_word' id='word_1_503' title='bbox 2107 580 2138 605; x_wconf 86' lang='lat' dir='ltr'><strong>et</strong></span> <span class='ocrx_word' id='word_1_504' title='bbox 2158 584 2232 614; x_wconf 88' lang='lat' dir='ltr'><strong>pre—</strong></span> 
     </span>
     <span class='ocr_line' id='line_1_71' title="bbox 1265 616 2233 658; baseline -0.004 -9"><span class='ocrx_word' id='word_1_505' title='bbox 1265 629 1347 649; x_wconf 85' lang='lat' dir='ltr'><strong>cum.</strong></span> <span class='ocrx_word' id='word_1_506' title='bbox 1392 616 1525 649; x_wconf 86' lang='lat' dir='ltr'><strong>Scilicet</strong></span> <span class='ocrx_word' id='word_1_507' title='bbox 1550 619 1686 658; x_wconf 90' lang='lat' dir='ltr'><strong>primum</strong></span> <span class='ocrx_word' id='word_1_508' title='bbox 1709 618 1832 657; x_wconf 84' lang='lat' dir='ltr'><strong>Spiritu</strong></span> <span class='ocrx_word' id='word_1_509' title='bbox 1855 623 1971 648; x_wconf 86' lang='lat' dir='ltr'><strong>sancto</strong></span> <span class='ocrx_word' id='word_1_510' title='bbox 1990 626 2178 653; x_wconf 84' lang='lat' dir='ltr'><strong>movemur,</strong></span> <span class='ocrx_word' id='word_1_511' title='bbox 2198 621 2233 646; x_wconf 83' lang='lat' dir='ltr'><strong>ut</strong></span> 
     </span>
     <span class='ocr_line' id='line_1_72' title="bbox 1265 657 2233 700; baseline -0.003 -10"><span class='ocrx_word' id='word_1_512' title='bbox 1265 670 1485 700; x_wconf 81' lang='lat' dir='ltr'><strong>agnoscanms</strong></span> <span class='ocrx_word' id='word_1_513' title='bbox 1509 665 1539 689; x_wconf 90' lang='lat' dir='ltr'><strong>et</strong></span> <span class='ocrx_word' id='word_1_514' title='bbox 1557 665 1737 691; x_wconf 79' lang='lat' dir='ltr'><strong>statuamus</strong></span> <span class='ocrx_word' id='word_1_515' title='bbox 1756 670 1817 690; x_wconf 87' lang='lat' dir='ltr'><strong>nos</strong></span> <span class='ocrx_word' id='word_1_516' title='bbox 1837 660 1936 700; x_wconf 85' lang='lat' dir='ltr'><strong>recipi</strong></span> <span class='ocrx_word' id='word_1_517' title='bbox 1949 660 1980 690; x_wconf 89' lang='lat' dir='ltr'><strong>in</strong></span> <span class='ocrx_word' id='word_1_518' title='bbox 1994 659 2139 699; x_wconf 81' lang='lat' dir='ltr'><strong>gratiam.</strong></span> <span class='ocrx_word' id='word_1_519' title='bbox 2174 657 2233 688; x_wconf 82' lang='lat' dir='ltr'><strong>Est</strong></span> 
     </span>
     <span class='ocr_line' id='line_1_73' title="bbox 1265 698 2234 741; baseline -0.003 -9"><span class='ocrx_word' id='word_1_520' title='bbox 1265 708 1372 732; x_wconf 89' lang='lat' dir='ltr'><strong>autem</strong></span> <span class='ocrx_word' id='word_1_521' title='bbox 1402 702 1598 741; x_wconf 87' lang='lat' dir='ltr'><strong>praecipuus</strong></span> <span class='ocrx_word' id='word_1_522' title='bbox 1633 700 1738 732; x_wconf 90' lang='lat' dir='ltr'><strong>cultus</strong></span> <span class='ocrx_word' id='word_1_523' title='bbox 1771 701 1831 732; x_wconf 90' lang='lat' dir='ltr'><strong>Dei</strong></span> <span class='ocrx_word' id='word_1_524' title='bbox 1867 708 1899 732; x_wconf 90' lang='lat' dir='ltr'><strong>et</strong></span> <span class='ocrx_word' id='word_1_525' title='bbox 1932 700 2034 732; x_wconf 86' lang='lat' dir='ltr'><strong>solius</strong></span> <span class='ocrx_word' id='word_1_526' title='bbox 2064 698 2234 731; x_wconf 86' lang='lat' dir='ltr'><strong>Ecclesiae</strong></span> 
     </span>
     <span class='ocr_line' id='line_1_74' title="bbox 1267 743 2233 784; baseline -0.004 -9"><span class='ocrx_word' id='word_1_527' title='bbox 1267 755 1349 784; x_wconf 82' lang='lat' dir='ltr'><strong>opus</strong></span> <span class='ocrx_word' id='word_1_528' title='bbox 1374 754 1453 774; x_wconf 73' lang='lat' dir='ltr'><strong>vera</strong></span> <span class='ocrx_word' id='word_1_529' title='bbox 1477 744 1659 780; x_wconf 77' lang='lat' dir='ltr'><strong>invocatio,</strong></span> <span class='ocrx_word' id='word_1_530' title='bbox 1679 753 1762 784; x_wconf 86' lang='lat' dir='ltr'><strong>quae</strong></span> <span class='ocrx_word' id='word_1_531' title='bbox 1786 745 1888 774; x_wconf 90' lang='lat' dir='ltr'><strong>oritur</strong></span> <span class='ocrx_word' id='word_1_532' title='bbox 1911 753 1952 774; x_wconf 80' lang='lat' dir='ltr'><strong>ex</strong></span> <span class='ocrx_word' id='word_1_533' title='bbox 1971 743 2136 784; x_wconf 82' lang='lat' dir='ltr'><strong>agnitione</strong></span> <span class='ocrx_word' id='word_1_534' title='bbox 2161 751 2233 772; x_wconf 65' lang='lat' dir='ltr'><strong>wra—</strong></span> 
     </span>
     <span class='ocr_line' id='line_1_75' title="bbox 1267 783 2233 824; baseline -0.002 -8"><span class='ocrx_word' id='word_1_535' title='bbox 1267 788 1340 817; x_wconf 85' lang='lat' dir='ltr'><strong>tiae.</strong></span> <span class='ocrx_word' id='word_1_536' title='bbox 1386 786 1468 816; x_wconf 89' lang='lat' dir='ltr'><strong>Nam</strong></span> <span class='ocrx_word' id='word_1_537' title='bbox 1502 795 1593 815; x_wconf 90' lang='lat' dir='ltr'><strong>mens</strong></span> <span class='ocrx_word' id='word_1_538' title='bbox 1628 786 1742 824; x_wconf 79' lang='lat' dir='ltr'><strong>ignara</strong></span> <span class='ocrx_word' id='word_1_539' title='bbox 1764 784 2039 816; x_wconf 84' lang='lat' dir='ltr'><strong>reconciliationis</strong></span> <span class='ocrx_word' id='word_1_540' title='bbox 2064 783 2146 824; x_wconf 80' lang='lat' dir='ltr'><strong>sugit</strong></span> <span class='ocrx_word' id='word_1_541' title='bbox 2203 793 2233 814; x_wconf 89' lang='lat' dir='ltr'><strong>e-</strong></span> 
     </span>
     <span class='ocr_line' id='line_1_76' title="bbox 1268 826 2234 867; baseline -0.003 -9"><span class='ocrx_word' id='word_1_542' title='bbox 1268 839 1331 865; x_wconf 78' lang='lat' dir='ltr'><strong>um,</strong></span> <span class='ocrx_word' id='word_1_543' title='bbox 1355 838 1419 858; x_wconf 89' lang='lat' dir='ltr'><strong>non</strong></span> <span class='ocrx_word' id='word_1_544' title='bbox 1443 829 1584 858; x_wconf 86' lang='lat' dir='ltr'><strong>invocat.</strong></span> <span class='ocrx_word' id='word_1_545' title='bbox 1629 827 1695 857; x_wconf 81' lang='lat' dir='ltr'><strong>Sed</strong></span> <span class='ocrx_word' id='word_1_546' title='bbox 1718 828 1837 867; x_wconf 81' lang='lat' dir='ltr'><strong>recepti</strong></span> <span class='ocrx_word' id='word_1_547' title='bbox 1862 828 1894 856; x_wconf 86' lang='lat' dir='ltr'><strong>in</strong></span> <span class='ocrx_word' id='word_1_548' title='bbox 1917 828 2052 867; x_wconf 83' lang='lat' dir='ltr'><strong>gratiam</strong></span> <span class='ocrx_word' id='word_1_549' title='bbox 2076 826 2234 856; x_wconf 87' lang='lat' dir='ltr'><strong>accedunt</strong></span> 
     </span>
     <span class='ocr_line' id='line_1_77' title="bbox 1268 867 2234 907; baseline -0.005 -6"><span class='ocrx_word' id='word_1_550' title='bbox 1268 877 1297 901; x_wconf 83' lang='lat' dir='ltr'><strong>et</strong></span> <span class='ocrx_word' id='word_1_551' title='bbox 1322 871 1488 907; x_wconf 82' lang='lat' dir='ltr'><strong>invocant,</strong></span> <span class='ocrx_word' id='word_1_552' title='bbox 1510 875 1545 900; x_wconf 85' lang='lat' dir='ltr'><strong>ut</strong></span> <span class='ocrx_word' id='word_1_553' title='bbox 1566 868 1659 899; x_wconf 85' lang='lat' dir='ltr'><strong>Rom.</strong></span> <span class='ocrx_word' id='word_1_554' title='bbox 1685 871 1713 900; x_wconf 93' lang='lat'><strong>5.</strong></span> <span class='ocrx_word' id='word_1_555' title='bbox 1738 871 1801 906; x_wconf 83' lang='lat' dir='ltr'><strong>[vs.</strong></span> <span class='ocrx_word' id='word_1_556' title='bbox 1827 869 1888 906; x_wconf 55' lang='lat'><strong>124</strong></span> <span class='ocrx_word' id='word_1_557' title='bbox 1909 869 2040 899; x_wconf 85' lang='lat' dir='ltr'><strong>dicitur:</strong></span> <span class='ocrx_word' id='word_1_558' title='bbox 2063 867 2127 898; x_wconf 87' lang='lat' dir='ltr'><strong>Per</strong></span> <span class='ocrx_word' id='word_1_559' title='bbox 2149 868 2234 897; x_wconf 86' lang='lat' dir='ltr'><strong>hunc</strong></span> 
     </span>
     <span class='ocr_line' id='line_1_78' title="bbox 1268 908 2236 951; baseline -0.004 -9"><span class='ocrx_word' id='word_1_560' title='bbox 1268 912 1427 942; x_wconf 80' lang='lat' dir='ltr'><strong>habentus</strong></span> <span class='ocrx_word' id='word_1_561' title='bbox 1458 921 1631 942; x_wconf 84' lang='lat' dir='ltr'><strong>accessum</strong></span> <span class='ocrx_word' id='word_1_562' title='bbox 1666 911 1740 941; x_wconf 91' lang='lat' dir='ltr'><strong>fide.</strong></span> <span class='ocrx_word' id='word_1_563' title='bbox 1795 910 1878 951; x_wconf 84' lang='lat' dir='ltr'><strong>Eph.</strong></span> <span class='ocrx_word' id='word_1_564' title='bbox 1913 911 1942 941; x_wconf 87' lang='lat'><strong>3.</strong></span> <span class='ocrx_word' id='word_1_565' title='bbox 1973 913 2037 948; x_wconf 70' lang='lat' dir='ltr'><strong>[vs.</strong></span> <span class='ocrx_word' id='word_1_566' title='bbox 2073 909 2138 948; x_wconf 67' lang='lat'><strong>12]</strong></span> <span class='ocrx_word' id='word_1_567' title='bbox 2172 908 2236 939; x_wconf 88' lang='lat' dir='ltr'><strong>Per</strong></span> 
     </span>
     <span class='ocr_line' id='line_1_79' title="bbox 1269 951 2236 995; baseline -0.003 -11"><span class='ocrx_word' id='word_1_568' title='bbox 1269 964 1363 995; x_wconf 85' lang='lat' dir='ltr'><strong>quent</strong></span> <span class='ocrx_word' id='word_1_569' title='bbox 1387 954 1544 984; x_wconf 86' lang='lat' dir='ltr'><strong>habemus</strong></span> <span class='ocrx_word' id='word_1_570' title='bbox 1567 952 1718 983; x_wconf 85' lang='lat' dir='ltr'><strong>fiduciam</strong></span> <span class='ocrx_word' id='word_1_571' title='bbox 1729 955 1771 987; x_wconf 77' lang='lat'><strong>⁷3)</strong></span> <span class='ocrx_word' id='word_1_572' title='bbox 1791 959 1823 984; x_wconf 91' lang='lat' dir='ltr'><strong>et</strong></span> <span class='ocrx_word' id='word_1_573' title='bbox 1840 962 2011 983; x_wconf 85' lang='lat' dir='ltr'><strong>accessum</strong></span> <span class='ocrx_word' id='word_1_574' title='bbox 2035 951 2236 982; x_wconf 86' lang='lat' dir='ltr'><strong>confidenter</strong></span> 
     </span>
     <span class='ocr_line' id='line_1_80' title="bbox 1269 992 2237 1036; baseline -0.002 -11"><span class='ocrx_word' id='word_1_575' title='bbox 1269 1006 1328 1036; x_wconf 88' lang='lat' dir='ltr'><strong>per</strong></span> <span class='ocrx_word' id='word_1_576' title='bbox 1357 997 1464 1026; x_wconf 79' lang='lat' dir='ltr'><strong>tidem.</strong></span> <span class='ocrx_word' id='word_1_577' title='bbox 1510 994 1683 1030; x_wconf 89' lang='lat' dir='ltr'><strong>Quomodo</strong></span> <span class='ocrx_word' id='word_1_578' title='bbox 1717 1001 1824 1026; x_wconf 89' lang='lat' dir='ltr'><strong>autem</strong></span> <span class='ocrx_word' id='word_1_579' title='bbox 1856 994 1986 1035; x_wconf 85' lang='lat' dir='ltr'><strong>placeat</strong></span> <span class='ocrx_word' id='word_1_580' title='bbox 2017 1004 2105 1024; x_wconf 89' lang='lat' dir='ltr'><strong>nova</strong></span> <span class='ocrx_word' id='word_1_581' title='bbox 2128 992 2237 1024; x_wconf 77' lang='lat' dir='ltr'><strong>obedi-</strong></span> 
     </span>
     <span class='ocr_line' id='line_1_81' title="bbox 1271 1033 2238 1078; baseline -0.004 -10"><span class='ocrx_word' id='word_1_582' title='bbox 1271 1039 1368 1072; x_wconf 78' lang='lat' dir='ltr'><strong>entia,</strong></span> <span class='ocrx_word' id='word_1_583' title='bbox 1394 1048 1466 1068; x_wconf 92' lang='lat' dir='ltr'><strong>cum</strong></span> <span class='ocrx_word' id='word_1_584' title='bbox 1488 1036 1604 1078; x_wconf 88' lang='lat' dir='ltr'><strong>procul</strong></span> <span class='ocrx_word' id='word_1_585' title='bbox 1627 1047 1645 1067; x_wconf 89' lang='lat' dir='ltr'><strong>a</strong></span> <span class='ocrx_word' id='word_1_586' title='bbox 1668 1035 1869 1077; x_wconf 80' lang='lat' dir='ltr'><strong>perfectione</strong></span> <span class='ocrx_word' id='word_1_587' title='bbox 1888 1037 1988 1077; x_wconf 82' lang='lat' dir='ltr'><strong>Legis</strong></span> <span class='ocrx_word' id='word_1_588' title='bbox 2012 1037 2097 1067; x_wconf 89' lang='lat' dir='ltr'><strong>absit</strong></span> <span class='ocrx_word' id='word_1_589' title='bbox 2116 1041 2147 1066; x_wconf 86' lang='lat' dir='ltr'><strong>et</strong></span> <span class='ocrx_word' id='word_1_590' title='bbox 2164 1033 2238 1065; x_wconf 82' lang='lat' dir='ltr'><strong>reli·</strong></span> 
     </span>
    </p>
   </div>
   <div class='ocr_carea' id='block_1_16' title="bbox 1272 1077 2240 1161">
    <p class='ocr_par' dir='ltr' id='par_1_24' title="bbox 1272 1077 2240 1161">
     <span class='ocr_line' id='line_1_82' title="bbox 1272 1077 2240 1121; baseline -0.004 -11"><span class='ocrx_word' id='word_1_591' title='bbox 1272 1081 1366 1121; x_wconf 85' lang='lat' dir='ltr'><strong>quiae</strong></span> <span class='ocrx_word' id='word_1_592' title='bbox 1401 1080 1527 1120; x_wconf 86' lang='lat' dir='ltr'><strong>peccati</strong></span> <span class='ocrx_word' id='word_1_593' title='bbox 1550 1080 1581 1109; x_wconf 90' lang='lat' dir='ltr'><strong>in</strong></span> <span class='ocrx_word' id='word_1_594' title='bbox 1604 1078 1666 1110; x_wconf 90' lang='grc'>1130</span> <span class='ocrx_word' id='word_1_595' title='bbox 1689 1080 1756 1110; x_wconf 86' lang='lat' dir='ltr'><strong>vita</strong></span> <span class='ocrx_word' id='word_1_596' title='bbox 1778 1080 1809 1109; x_wconf 89' lang='lat' dir='ltr'><strong>in</strong></span> <span class='ocrx_word' id='word_1_597' title='bbox 1833 1077 2054 1110; x_wconf 86' lang='lat' dir='ltr'><strong>reconciliatis</strong></span> <span class='ocrx_word' id='word_1_598' title='bbox 2077 1082 2240 1112; x_wconf 68' lang='lat' dir='ltr'><strong>maneant,</strong></span> 
     </span>
     <span class='ocr_line' id='line_1_83' title="bbox 1273 1123 1598 1161; baseline -0.006 -8"><span class='ocrx_word' id='word_1_599' title='bbox 1273 1123 1392 1153; x_wconf 89' lang='lat' dir='ltr'><strong>dictum</strong></span> <span class='ocrx_word' id='word_1_600' title='bbox 1416 1128 1464 1152; x_wconf 85' lang='lat' dir='ltr'><strong>est</strong></span> <span class='ocrx_word' id='word_1_601' title='bbox 1489 1131 1598 1161; x_wconf 84' lang='lat' dir='ltr'><strong>supra.</strong></span> 
     </span>
    </p>
   </div>
   <div class='ocr_carea' id='block_1_17' title="bbox 1560 1247 1949 1279">
    <p class='ocr_par' dir='ltr' id='par_1_25' title="bbox 1560 1247 1949 1279">
     <span class='ocr_line' id='line_1_84' title="bbox 1560 1247 1949 1279; baseline 0 -1"><span class='ocrx_word' id='word_1_602' title='bbox 1560 1248 1621 1278; x_wconf 91' lang='lat' dir='ltr'><strong>DE</strong></span> <span class='ocrx_word' id='word_1_603' title='bbox 1640 1247 1863 1279; x_wconf 83' lang='lat' dir='ltr'><strong>CONFESSI(</strong></span> <span class='ocrx_word' id='word_1_604' title='bbox 1870 1247 1949 1278; x_wconf 62' lang='lat' dir='ltr'><strong>›Nht</strong></span> 
     </span>
    </p>
   </div>
   <div class='ocr_carea' id='block_1_18' title="bbox 1272 1331 2251 2384">
    <p class='ocr_par' dir='ltr' id='par_1_26' title="bbox 1272 1331 2245 1784">
     <span class='ocr_line' id='line_1_85' title="bbox 1358 1331 2242 1373; baseline -0.003 -10"><span class='ocrx_word' id='word_1_605' title='bbox 1358 1332 1536 1373; x_wconf 82' lang='lat' dir='ltr'><strong>Diligentia</strong></span> <span class='ocrx_word' id='word_1_606' title='bbox 1559 1332 1658 1373; x_wconf 80' lang='lat' dir='ltr'><strong>digna</strong></span> <span class='ocrx_word' id='word_1_607' title='bbox 1681 1338 1732 1362; x_wconf 89' lang='lat' dir='ltr'><strong>est</strong></span> <span class='ocrx_word' id='word_1_608' title='bbox 1755 1332 1905 1368; x_wconf 83' lang='lat' dir='ltr'><strong>eruditis,</strong></span> <span class='ocrx_word' id='word_1_609' title='bbox 1925 1331 2047 1368; x_wconf 76' lang='lat' dir='ltr'><strong>videre,</strong></span> <span class='ocrx_word' id='word_1_610' title='bbox 2070 1340 2166 1370; x_wconf 90' lang='lat' dir='ltr'><strong>quam</strong></span> <span class='ocrx_word' id='word_1_611' title='bbox 2185 1340 2242 1361; x_wconf 74' lang='lat' dir='ltr'><strong>va·</strong></span> 
     </span>
     <span class='ocr_line' id='line_1_86' title="bbox 1274 1370 2241 1412; baseline -0.003 -7"><span class='ocrx_word' id='word_1_612' title='bbox 1274 1376 1341 1405; x_wconf 87' lang='lat' dir='ltr'><strong>rius</strong></span> <span class='ocrx_word' id='word_1_613' title='bbox 1375 1384 1455 1405; x_wconf 85' lang='lat' dir='ltr'><strong>usus</strong></span> <span class='ocrx_word' id='word_1_614' title='bbox 1479 1375 1522 1404; x_wconf 86' lang='lat' dir='ltr'><strong>sit</strong></span> <span class='ocrx_word' id='word_1_615' title='bbox 1544 1372 1697 1404; x_wconf 85' lang='lat' dir='ltr'><strong>vocabuli</strong></span> <span class='ocrx_word' id='word_1_616' title='bbox 1716 1372 1953 1404; x_wconf 86' lang='lat' dir='ltr'><strong>Confessionis.</strong></span> <span class='ocrx_word' id='word_1_617' title='bbox 1999 1371 2126 1412; x_wconf 83' lang='lat' dir='ltr'><strong>Vulgus</strong></span> <span class='ocrx_word' id='word_1_618' title='bbox 2148 1370 2241 1402; x_wconf 84' lang='lat' dir='ltr'><strong>intel-</strong></span> 
     </span>
     <span class='ocr_line' id='line_1_87' title="bbox 1272 1414 2244 1457; baseline -0.003 -10"><span class='ocrx_word' id='word_1_619' title='bbox 1272 1416 1341 1457; x_wconf 81' lang='lat' dir='ltr'><strong>ligit</strong></span> <span class='ocrx_word' id='word_1_620' title='bbox 1365 1426 1483 1446; x_wconf 88' lang='lat' dir='ltr'><strong>nomen</strong></span> <span class='ocrx_word' id='word_1_621' title='bbox 1507 1414 1733 1445; x_wconf 82' lang='lat' dir='ltr'><strong>Confessionis</strong></span> <span class='ocrx_word' id='word_1_622' title='bbox 1756 1414 1946 1455; x_wconf 86' lang='lat' dir='ltr'><strong>plerumque</strong></span> <span class='ocrx_word' id='word_1_623' title='bbox 1969 1414 2010 1444; x_wconf 88' lang='lat' dir='ltr'><strong>de</strong></span> <span class='ocrx_word' id='word_1_624' title='bbox 2032 1414 2244 1445; x_wconf 85' lang='lat' dir='ltr'><strong>enumeratio-</strong></span> 
     </span>
     <span class='ocr_line' id='line_1_88' title="bbox 1274 1455 2242 1499; baseline -0.005 -10"><span class='ocrx_word' id='word_1_625' title='bbox 1274 1469 1315 1489; x_wconf 92' lang='lat' dir='ltr'><strong>ne</strong></span> <span class='ocrx_word' id='word_1_626' title='bbox 1339 1457 1543 1499; x_wconf 83' lang='lat' dir='ltr'><strong>singulorum</strong></span> <span class='ocrx_word' id='word_1_627' title='bbox 1566 1455 1767 1494; x_wconf 77' lang='lat' dir='ltr'><strong>delictorum,</strong></span> <span class='ocrx_word' id='word_1_628' title='bbox 1791 1467 1875 1497; x_wconf 87' lang='lat' dir='ltr'><strong>quae</strong></span> <span class='ocrx_word' id='word_1_629' title='bbox 1897 1456 1933 1487; x_wconf 76' lang='lat' dir='ltr'><strong>fit</strong></span> <span class='ocrx_word' id='word_1_630' title='bbox 1956 1466 2066 1487; x_wconf 86' lang='lat' dir='ltr'><strong>coram</strong></span> <span class='ocrx_word' id='word_1_631' title='bbox 2088 1455 2242 1487; x_wconf 86' lang='lat' dir='ltr'><strong>ministris</strong></span> 
     </span>
     <span class='ocr_line' id='line_1_89' title="bbox 1274 1495 2243 1540; baseline -0.005 -9"><span class='ocrx_word' id='word_1_632' title='bbox 1274 1499 1456 1538; x_wconf 72' lang='lat' dir='ltr'><strong>Ecclesiae,</strong></span> <span class='ocrx_word' id='word_1_633' title='bbox 1490 1510 1509 1530; x_wconf 87' lang='lat' dir='ltr'><strong>a</strong></span> <span class='ocrx_word' id='word_1_634' title='bbox 1539 1500 1657 1540; x_wconf 88' lang='lat' dir='ltr'><strong>quibus</strong></span> <span class='ocrx_word' id='word_1_635' title='bbox 1681 1498 1844 1530; x_wconf 86' lang='lat' dir='ltr'><strong>absolutio</strong></span> <span class='ocrx_word' id='word_1_636' title='bbox 1867 1499 2004 1539; x_wconf 80' lang='lat' dir='ltr'><strong>petitur,</strong></span> <span class='ocrx_word' id='word_1_637' title='bbox 2038 1503 2069 1528; x_wconf 88' lang='lat' dir='ltr'><strong>et</strong></span> <span class='ocrx_word' id='word_1_638' title='bbox 2090 1495 2243 1528; x_wconf 85' lang='lat' dir='ltr'><strong>fortassis</strong></span> 
     </span>
     <span class='ocr_line' id='line_1_90' title="bbox 1276 1538 2242 1581; baseline -0.004 -8"><span class='ocrx_word' id='word_1_639' title='bbox 1276 1543 1365 1573; x_wconf 90' lang='lat' dir='ltr'><strong>initio</strong></span> <span class='ocrx_word' id='word_1_640' title='bbox 1388 1553 1460 1573; x_wconf 89' lang='lat' dir='ltr'><strong>mos</strong></span> <span class='ocrx_word' id='word_1_641' title='bbox 1483 1540 1537 1572; x_wconf 86' lang='lat' dir='ltr'><strong>ille</strong></span> <span class='ocrx_word' id='word_1_642' title='bbox 1559 1542 1811 1572; x_wconf 86' lang='lat' dir='ltr'><strong>enumerationis</strong></span> <span class='ocrx_word' id='word_1_643' title='bbox 1836 1539 2038 1581; x_wconf 82' lang='lat' dir='ltr'><strong>singulorum</strong></span> <span class='ocrx_word' id='word_1_644' title='bbox 2052 1538 2242 1570; x_wconf 85' lang='lat' dir='ltr'><strong>delictorum</strong></span> 
     </span>
     <span class='ocr_line' id='line_1_91' title="bbox 1278 1580 2244 1624; baseline -0.006 -8"><span class='ocrx_word' id='word_1_645' title='bbox 1278 1592 1368 1616; x_wconf 82' lang='lat' dir='ltr'><strong>ortus</strong></span> <span class='ocrx_word' id='word_1_646' title='bbox 1403 1591 1452 1615; x_wconf 87' lang='lat' dir='ltr'><strong>est</strong></span> <span class='ocrx_word' id='word_1_647' title='bbox 1485 1585 1526 1614; x_wconf 90' lang='lat' dir='ltr'><strong>ab</strong></span> <span class='ocrx_word' id='word_1_648' title='bbox 1550 1584 1600 1621; x_wconf 81' lang='lat' dir='ltr'><strong>iis,</strong></span> <span class='ocrx_word' id='word_1_649' title='bbox 1635 1584 1689 1624; x_wconf 91' lang='lat' dir='ltr'><strong>qui</strong></span> <span class='ocrx_word' id='word_1_650' title='bbox 1723 1582 1843 1614; x_wconf 80' lang='lat' dir='ltr'><strong>delicta</strong></span> <span class='ocrx_word' id='word_1_651' title='bbox 1865 1581 1997 1623; x_wconf 87' lang='lat' dir='ltr'><strong>publiea</strong></span> <span class='ocrx_word' id='word_1_652' title='bbox 2020 1591 2129 1612; x_wconf 87' lang='lat' dir='ltr'><strong>eoram</strong></span> <span class='ocrx_word' id='word_1_653' title='bbox 2155 1580 2244 1612; x_wconf 87' lang='lat' dir='ltr'><strong>mini-</strong></span> 
     </span>
     <span class='ocr_line' id='line_1_92' title="bbox 1936 1621 2244 1655; baseline -0.01 0"><span class='ocrx_word' id='word_1_654' title='bbox 1936 1623 2032 1655; x_wconf 71' lang='lat' dir='ltr'><strong>Tales</strong></span> <span class='ocrx_word' id='word_1_655' title='bbox 2063 1623 2145 1654; x_wconf 86' lang='lat' dir='ltr'><strong>enim</strong></span> <span class='ocrx_word' id='word_1_656' title='bbox 2169 1621 2244 1653; x_wconf 88' lang='lat' dir='ltr'><strong>olim</strong></span> 
     </span>
     <span class='ocr_line' id='line_1_93' title="bbox 1278 1663 2245 1709; baseline -0.007 -9"><span class='ocrx_word' id='word_1_657' title='bbox 1278 1680 1344 1700; x_wconf 90' lang='grc'>11011</span> <span class='ocrx_word' id='word_1_658' title='bbox 1366 1670 1615 1709; x_wconf 70' lang='lat' dir='ltr'><strong>recipiebantur,</strong></span> <span class='ocrx_word' id='word_1_659' title='bbox 1638 1668 1700 1698; x_wconf 82' lang='lat' dir='ltr'><strong>nisi</strong></span> <span class='ocrx_word' id='word_1_660' title='bbox 1723 1678 1833 1698; x_wconf 85' lang='lat' dir='ltr'><strong>coram</strong></span> <span class='ocrx_word' id='word_1_661' title='bbox 1857 1667 2012 1698; x_wconf 80' lang='lat' dir='ltr'><strong>ministris</strong></span> <span class='ocrx_word' id='word_1_662' title='bbox 2030 1668 2073 1703; x_wconf 56' lang='lat'><strong>⁷4)</strong></span> <span class='ocrx_word' id='word_1_663' title='bbox 2107 1663 2245 1705; x_wconf 76' lang='lat' dir='ltr'><strong>professi</strong></span> 
     </span>
     <span class='ocr_line' id='line_1_94' title="bbox 1279 1710 2245 1751; baseline -0.005 -9"><span class='ocrx_word' id='word_1_664' title='bbox 1279 1718 1393 1742; x_wconf 82' lang='lat' dir='ltr'><strong>essent</strong></span> <span class='ocrx_word' id='word_1_665' title='bbox 1416 1722 1451 1741; x_wconf 88' lang='lat' dir='ltr'><strong>se</strong></span> <span class='ocrx_word' id='word_1_666' title='bbox 1475 1710 1594 1741; x_wconf 84' lang='lat' dir='ltr'><strong>delicta</strong></span> <span class='ocrx_word' id='word_1_667' title='bbox 1612 1720 1809 1751; x_wconf 80' lang='lat' dir='ltr'><strong>agnoscere,</strong></span> <span class='ocrx_word' id='word_1_668' title='bbox 1832 1715 1944 1750; x_wconf 89' lang='lat' dir='ltr'><strong>petere</strong></span> <span class='ocrx_word' id='word_1_669' title='bbox 1967 1718 2095 1739; x_wconf 85' lang='lat' dir='ltr'><strong>ventam</strong></span> <span class='ocrx_word' id='word_1_670' title='bbox 2117 1714 2150 1738; x_wconf 82' lang='lat' dir='ltr'><strong>et</strong></span> <span class='ocrx_word' id='word_1_671' title='bbox 2171 1716 2245 1746; x_wconf 85' lang='lat' dir='ltr'><strong>pro-</strong></span> 
     </span>
     <span class='ocr_line' id='line_1_95' title="bbox 1278 1753 1696 1784; baseline -0.005 0"><span class='ocrx_word' id='word_1_672' title='bbox 1278 1755 1405 1784; x_wconf 88' lang='lat' dir='ltr'><strong>mittere</strong></span> <span class='ocrx_word' id='word_1_673' title='bbox 1430 1753 1696 1783; x_wconf 82' lang='lat' dir='ltr'><strong>emendationem.</strong></span> 
     </span>
    </p>

    <p class='ocr_par' dir='ltr' id='par_1_27' title="bbox 1280 1791 2250 2339">
     <span class='ocr_line' id='line_1_96' title="bbox 1365 1791 2245 1835; baseline -0.007 -9"><span class='ocrx_word' id='word_1_674' title='bbox 1365 1796 1472 1835; x_wconf 87' lang='lat' dir='ltr'><strong>Saepe</strong></span> <span class='ocrx_word' id='word_1_675' title='bbox 1512 1801 1620 1825; x_wconf 88' lang='lat' dir='ltr'><strong>autem</strong></span> <span class='ocrx_word' id='word_1_676' title='bbox 1659 1794 1815 1833; x_wconf 85' lang='lat' dir='ltr'><strong>repetitur</strong></span> <span class='ocrx_word' id='word_1_677' title='bbox 1850 1803 1966 1824; x_wconf 88' lang='lat' dir='ltr'><strong>nomen</strong></span> <span class='ocrx_word' id='word_1_678' title='bbox 2009 1791 2245 1827; x_wconf 62' lang='lat' dir='ltr'><strong>Confessionss,</strong></span> 
     </span>
     <span class='ocr_line' id='line_1_97' title="bbox 1280 1832 2246 1877; baseline -0.007 -8"><span class='ocrx_word' id='word_1_679' title='bbox 1280 1840 1375 1869; x_wconf 86' lang='lat' dir='ltr'><strong>etiam</strong></span> <span class='ocrx_word' id='word_1_680' title='bbox 1410 1838 1494 1877; x_wconf 84' lang='lat' dir='ltr'><strong>apud</strong></span> <span class='ocrx_word' id='word_1_681' title='bbox 1524 1835 1708 1877; x_wconf 84' lang='lat' dir='ltr'><strong>Apostolos</strong></span> <span class='ocrx_word' id='word_1_682' title='bbox 1743 1842 1775 1866; x_wconf 86' lang='lat' dir='ltr'><strong>et</strong></span> <span class='ocrx_word' id='word_1_683' title='bbox 1795 1835 1999 1876; x_wconf 77' lang='lat' dir='ltr'><strong>Prophetas,</strong></span> <span class='ocrx_word' id='word_1_684' title='bbox 2022 1840 2056 1866; x_wconf 88' lang='lat' dir='ltr'><strong>ut</strong></span> <span class='ocrx_word' id='word_1_685' title='bbox 2077 1833 2192 1865; x_wconf 76' lang='lat' dir='ltr'><strong>matth.</strong></span> <span class='ocrx_word' id='word_1_686' title='bbox 2216 1832 2246 1863; x_wconf 87' lang='lat'><strong>3.</strong></span> 
     </span>
     <span class='ocr_line' id='line_1_98' title="bbox 1282 1876 2247 1919; baseline -0.006 -8"><span class='ocrx_word' id='word_1_687' title='bbox 1282 1884 1343 1917; x_wconf 70' lang='lat' dir='ltr'><strong>[vs.</strong></span> <span class='ocrx_word' id='word_1_688' title='bbox 1357 1880 1401 1918; x_wconf 86' lang='grc'><strong>6.]</strong></span> <span class='ocrx_word' id='word_1_689' title='bbox 1424 1879 1680 1919; x_wconf 86' lang='lat' dir='ltr'><strong>Baptizabantur</strong></span> <span class='ocrx_word' id='word_1_690' title='bbox 1702 1879 1734 1908; x_wconf 91' lang='lat' dir='ltr'><strong>in</strong></span> <span class='ocrx_word' id='word_1_691' title='bbox 1757 1878 1895 1908; x_wconf 88' lang='lat' dir='ltr'><strong>Iordane</strong></span> <span class='ocrx_word' id='word_1_692' title='bbox 1918 1876 2109 1907; x_wconf 84' lang='lat' dir='ltr'><strong>confitentes</strong></span> <span class='ocrx_word' id='word_1_693' title='bbox 2131 1884 2247 1916; x_wconf 84' lang='lat' dir='ltr'><strong>pecca—</strong></span> 
     </span>
     <span class='ocr_line' id='line_1_99' title="bbox 1282 1915 2246 1959; baseline -0.007 -6"><span class='ocrx_word' id='word_1_694' title='bbox 1282 1929 1314 1953; x_wconf 86' lang='lat' dir='ltr'><strong>ta</strong></span> <span class='ocrx_word' id='word_1_695' title='bbox 1343 1932 1413 1953; x_wconf 87' lang='lat' dir='ltr'><strong>sua.</strong></span> <span class='ocrx_word' id='word_1_696' title='bbox 1458 1922 1536 1952; x_wconf 89' lang='lat' dir='ltr'><strong>Item</strong></span> <span class='ocrx_word' id='word_1_697' title='bbox 1559 1920 1692 1951; x_wconf 91' lang='lat' dir='ltr'><strong>Nehem.</strong></span> <span class='ocrx_word' id='word_1_698' title='bbox 1727 1919 1756 1951; x_wconf 75' lang='lat'><strong>9.</strong></span> <span class='ocrx_word' id='word_1_699' title='bbox 1793 1923 1873 1956; x_wconf 86' lang='lat' dir='ltr'><strong>[vss.</strong></span> <span class='ocrx_word' id='word_1_700' title='bbox 1898 1920 1913 1949; x_wconf 94' lang='lat' dir='ltr'><strong>l</strong></span> <span class='ocrx_word' id='word_1_701' title='bbox 1939 1921 2004 1959; x_wconf 85' lang='lat' dir='ltr'><strong>sq.]</strong></span> <span class='ocrx_word' id='word_1_702' title='bbox 2038 1917 2110 1948; x_wconf 86' lang='lat' dir='ltr'><strong>Filii</strong></span> <span class='ocrx_word' id='word_1_703' title='bbox 2143 1915 2246 1948; x_wconf 71' lang='lat' dir='ltr'><strong>lsrael</strong></span> 
     </span>
     <span class='ocr_line' id='line_1_100' title="bbox 1283 1961 2247 2000; baseline -0.007 -4"><span class='ocrx_word' id='word_1_704' title='bbox 1283 1965 1523 1996; x_wconf 78' lang='lat' dir='ltr'><strong>conveniebant</strong></span> <span class='ocrx_word' id='word_1_705' title='bbox 1561 1964 1592 1993; x_wconf 93' lang='lat' dir='ltr'><strong>in</strong></span> <span class='ocrx_word' id='word_1_706' title='bbox 1626 1963 1744 1993; x_wconf 90' lang='lat' dir='ltr'><strong>ieiunio</strong></span> <span class='ocrx_word' id='word_1_707' title='bbox 1773 1967 1804 1991; x_wconf 86' lang='lat' dir='ltr'><strong>et</strong></span> <span class='ocrx_word' id='word_1_708' title='bbox 1837 1961 2076 1992; x_wconf 84' lang='lat' dir='ltr'><strong>confitebantur</strong></span> <span class='ocrx_word' id='word_1_709' title='bbox 2110 1964 2247 2000; x_wconf 84' lang='lat' dir='ltr'><strong>peccata</strong></span> 
     </span>
     <span class='ocr_line' id='line_1_101' title="bbox 1283 2000 2248 2041; baseline -0.007 -3"><span class='ocrx_word' id='word_1_710' title='bbox 1283 2018 1352 2038; x_wconf 84' lang='lat' dir='ltr'><strong>sua.</strong></span> <span class='ocrx_word' id='word_1_711' title='bbox 1408 2006 1449 2037; x_wconf 90' lang='lat' dir='ltr'><strong>Et</strong></span> <span class='ocrx_word' id='word_1_712' title='bbox 1481 2006 1585 2036; x_wconf 90' lang='lat' dir='ltr'><strong>Levit.</strong></span> <span class='ocrx_word' id='word_1_713' title='bbox 1621 2004 1670 2034; x_wconf 88' lang='grc'><strong>16.</strong></span> <span class='ocrx_word' id='word_1_714' title='bbox 1706 2006 1768 2041; x_wconf 84' lang='lat' dir='ltr'><strong>[vs.</strong></span> <span class='ocrx_word' id='word_1_715' title='bbox 1797 2003 1862 2041; x_wconf 79' lang='lat'><strong>21.]</strong></span> <span class='ocrx_word' id='word_1_716' title='bbox 1908 2003 2020 2033; x_wconf 87' lang='lat' dir='ltr'><strong>Aaron</strong></span> <span class='ocrx_word' id='word_1_717' title='bbox 2056 2000 2248 2032; x_wconf 78' lang='lat' dir='ltr'><strong>confiteatur</strong></span> 
     </span>
     <span class='ocr_line' id='line_1_102' title="bbox 1284 2042 2248 2088; baseline -0.007 -8"><span class='ocrx_word' id='word_1_718' title='bbox 1284 2059 1396 2081; x_wconf 82' lang='lat' dir='ltr'><strong>omnes</strong></span> <span class='ocrx_word' id='word_1_719' title='bbox 1430 2049 1615 2088; x_wconf 81' lang='lat' dir='ltr'><strong>iniquitates</strong></span> <span class='ocrx_word' id='word_1_720' title='bbox 1645 2045 1784 2076; x_wconf 85' lang='lat' dir='ltr'><strong>filiorum</strong></span> <span class='ocrx_word' id='word_1_721' title='bbox 1807 2044 1920 2075; x_wconf 74' lang='lat' dir='ltr'><strong>lsrael.</strong></span> <span class='ocrx_word' id='word_1_722' title='bbox 1966 2044 2029 2075; x_wconf 90' lang='lat' dir='ltr'><strong>Ubi</strong></span> <span class='ocrx_word' id='word_1_723' title='bbox 2051 2053 2123 2074; x_wconf 88' lang='lat' dir='ltr'><strong>mos</strong></span> <span class='ocrx_word' id='word_1_724' title='bbox 2145 2042 2248 2083; x_wconf 89' lang='lat' dir='ltr'><strong>publi—</strong></span> 
     </span>
     <span class='ocr_line' id='line_1_103' title="bbox 1284 2085 2250 2128; baseline -0.007 -6"><span class='ocrx_word' id='word_1_725' title='bbox 1284 2102 1342 2122; x_wconf 84' lang='lat' dir='ltr'><strong>cus</strong></span> <span class='ocrx_word' id='word_1_726' title='bbox 1366 2091 1576 2126; x_wconf 81' lang='lat' dir='ltr'><strong>describitur,</strong></span> <span class='ocrx_word' id='word_1_727' title='bbox 1604 2089 1634 2118; x_wconf 95' lang='lat' dir='ltr'><strong>in</strong></span> <span class='ocrx_word' id='word_1_728' title='bbox 1659 2098 1723 2128; x_wconf 92' lang='lat' dir='ltr'><strong>quo</strong></span> <span class='ocrx_word' id='word_1_729' title='bbox 1746 2097 1828 2118; x_wconf 87' lang='lat' dir='ltr'><strong>voce</strong></span> <span class='ocrx_word' id='word_1_730' title='bbox 1852 2087 1968 2118; x_wconf 89' lang='lat' dir='ltr'><strong>summi</strong></span> <span class='ocrx_word' id='word_1_731' title='bbox 1991 2085 2180 2116; x_wconf 85' lang='lat' dir='ltr'><strong>Sacerdotis</strong></span> <span class='ocrx_word' id='word_1_732' title='bbox 2203 2091 2250 2115; x_wconf 85' lang='lat' dir='ltr'><strong>to-</strong></span> 
     </span>
     <span class='ocr_line' id='line_1_104' title="bbox 1284 2131 1991 2164; baseline -0.007 0"><span class='ocrx_word' id='word_1_733' title='bbox 1284 2141 1317 2164; x_wconf 85' lang='lat' dir='ltr'><strong>ta</strong></span> <span class='ocrx_word' id='word_1_734' title='bbox 1339 2132 1492 2164; x_wconf 87' lang='lat' dir='ltr'><strong>Ecclesia</strong></span> <span class='ocrx_word' id='word_1_735' title='bbox 1520 2131 1680 2161; x_wconf 86' lang='lat' dir='ltr'><strong>fatebatur</strong></span> <span class='ocrx_word' id='word_1_736' title='bbox 1713 2140 1750 2160; x_wconf 90' lang='lat' dir='ltr'><strong>se</strong></span> <span class='ocrx_word' id='word_1_737' title='bbox 1783 2140 1872 2160; x_wconf 86' lang='lat' dir='ltr'><strong>ream</strong></span> <span class='ocrx_word' id='word_1_738' title='bbox 1904 2139 1991 2160; x_wconf 88' lang='lat' dir='ltr'><strong>esse.</strong></span> 
     </span>
     <span class='ocr_line' id='line_1_105' title="bbox 1285 2169 2249 2212; baseline -0.007 -6"><span class='ocrx_word' id='word_1_739' title='bbox 1285 2174 1458 2206; x_wconf 83' lang='lat' dir='ltr'><strong>Confessio</strong></span> <span class='ocrx_word' id='word_1_740' title='bbox 1482 2184 1545 2204; x_wconf 92' lang='lat' dir='ltr'><strong>non</strong></span> <span class='ocrx_word' id='word_1_741' title='bbox 1569 2178 1694 2203; x_wconf 85' lang='lat' dir='ltr'><strong>tantum</strong></span> <span class='ocrx_word' id='word_1_742' title='bbox 1713 2171 2041 2212; x_wconf 77' lang='lat' dir='ltr'><strong>significatarcanam</strong></span> <span class='ocrx_word' id='word_1_743' title='bbox 2053 2169 2249 2211; x_wconf 82' lang='lat' dir='ltr'><strong>agnitionem</strong></span> 
     </span>
     <span class='ocr_line' id='line_1_106' title="bbox 1285 2211 2249 2258; baseline -0.008 -9"><span class='ocrx_word' id='word_1_744' title='bbox 1285 2217 1401 2258; x_wconf 85' lang='lat' dir='ltr'><strong>culpae</strong></span> <span class='ocrx_word' id='word_1_745' title='bbox 1435 2227 1544 2247; x_wconf 84' lang='lat' dir='ltr'><strong>coram</strong></span> <span class='ocrx_word' id='word_1_746' title='bbox 1569 2214 1660 2252; x_wconf 77' lang='lat' dir='ltr'><strong>Deo,</strong></span> <span class='ocrx_word' id='word_1_747' title='bbox 1684 2215 1742 2245; x_wconf 84' lang='lat' dir='ltr'><strong>sed</strong></span> <span class='ocrx_word' id='word_1_748' title='bbox 1767 2215 1860 2244; x_wconf 87' lang='lat' dir='ltr'><strong>etiam</strong></span> <span class='ocrx_word' id='word_1_749' title='bbox 1883 2212 2047 2254; x_wconf 88' lang='lat' dir='ltr'><strong>publicam</strong></span> <span class='ocrx_word' id='word_1_750' title='bbox 2070 2211 2249 2252; x_wconf 71' lang='lat' dir='ltr'><strong>professio-</strong></span> 
     </span>
     <span class='ocr_line' id='line_1_107' title="bbox 1285 2253 2250 2299; baseline -0.006 -9"><span class='ocrx_word' id='word_1_751' title='bbox 1285 2271 1356 2290; x_wconf 89' lang='lat' dir='ltr'><strong>nem</strong></span> <span class='ocrx_word' id='word_1_752' title='bbox 1379 2260 1409 2290; x_wconf 90' lang='lat' dir='ltr'><strong>in</strong></span> <span class='ocrx_word' id='word_1_753' title='bbox 1429 2268 1549 2299; x_wconf 87' lang='lat' dir='ltr'><strong>genere</strong></span> <span class='ocrx_word' id='word_1_754' title='bbox 1572 2267 1681 2287; x_wconf 88' lang='lat' dir='ltr'><strong>coram</strong></span> <span class='ocrx_word' id='word_1_755' title='bbox 1704 2256 1778 2287; x_wconf 90' lang='lat' dir='ltr'><strong>Deo</strong></span> <span class='ocrx_word' id='word_1_756' title='bbox 1807 2263 1837 2287; x_wconf 91' lang='lat' dir='ltr'><strong>et</strong></span> <span class='ocrx_word' id='word_1_757' title='bbox 1862 2254 2012 2286; x_wconf 84' lang='lat' dir='ltr'><strong>Ecclesia</strong></span> <span class='ocrx_word' id='word_1_758' title='bbox 2033 2253 2250 2294; x_wconf 85' lang='lat' dir='ltr'><strong>profitentium</strong></span> 
     </span>
     <span class='ocr_line' id='line_1_108' title="bbox 1286 2299 1928 2339; baseline -0.006 -7"><span class='ocrx_word' id='word_1_759' title='bbox 1286 2313 1321 2332; x_wconf 87' lang='lat' dir='ltr'><strong>se</strong></span> <span class='ocrx_word' id='word_1_760' title='bbox 1345 2312 1419 2332; x_wconf 89' lang='lat' dir='ltr'><strong>reos</strong></span> <span class='ocrx_word' id='word_1_761' title='bbox 1442 2311 1517 2331; x_wconf 79' lang='lat' dir='ltr'><strong>esse</strong></span> <span class='ocrx_word' id='word_1_762' title='bbox 1541 2306 1570 2330; x_wconf 81' lang='lat' dir='ltr'><strong>et</strong></span> <span class='ocrx_word' id='word_1_763' title='bbox 1595 2300 1720 2330; x_wconf 88' lang='lat' dir='ltr'><strong>veniam</strong></span> <span class='ocrx_word' id='word_1_764' title='bbox 1743 2299 1928 2339; x_wconf 86' lang='lat' dir='ltr'><strong>petentium.</strong></span> 
     </span>
    </p>

    <p class='ocr_par' dir='ltr' id='par_1_28' title="bbox 1372 2335 2251 2384">
     <span class='ocr_line' id='line_1_109' title="bbox 1372 2335 2251 2384; baseline -0.008 -10"><span class='ocrx_word' id='word_1_765' title='bbox 1372 2344 1517 2384; x_wconf 87' lang='lat' dir='ltr'><strong>Apparet</strong></span> <span class='ocrx_word' id='word_1_766' title='bbox 1557 2343 1654 2382; x_wconf 82' lang='lat' dir='ltr'><strong>igitur</strong></span> <span class='ocrx_word' id='word_1_767' title='bbox 1687 2340 1771 2372; x_wconf 86' lang='lat' dir='ltr'><strong>hanc</strong></span> <span class='ocrx_word' id='word_1_768' title='bbox 1804 2339 1968 2381; x_wconf 89' lang='lat' dir='ltr'><strong>publicam</strong></span> <span class='ocrx_word' id='word_1_769' title='bbox 2002 2345 2032 2370; x_wconf 89' lang='lat' dir='ltr'><strong>et</strong></span> <span class='ocrx_word' id='word_1_770' title='bbox 2066 2335 2251 2380; x_wconf 84' lang='lat' dir='ltr'><strong>generalem</strong></span> 
     </span>
    </p>
   </div>
   <div class='ocr_carea' id='block_1_19' title="bbox 1288 2464 2201 2553">
    <p class='ocr_par' dir='ltr' id='par_1_29' title="bbox 1288 2464 2201 2553">
     <span class='ocr_line' id='line_1_110' title="bbox 1288 2464 2201 2503; baseline -0.008 -8"><span class='ocrx_word' id='word_1_771' title='bbox 1288 2473 1332 2503; x_wconf 56' lang='grc' dir='ltr'><strong>π)</strong></span> <span class='ocrx_word' id='word_1_772' title='bbox 1352 2472 1479 2501; x_wconf 77' lang='lat' dir='ltr'><strong>fiduciam]</strong></span> <span class='ocrx_word' id='word_1_773' title='bbox 1498 2471 1570 2495; x_wconf 81' lang='lat' dir='ltr'><strong>Editt.</strong></span> <span class='ocrx_word' id='word_1_774' title='bbox 1589 2470 1628 2492; x_wconf 80' lang='grc'><strong>22,</strong></span> <span class='ocrx_word' id='word_1_775' title='bbox 1650 2470 1690 2492; x_wconf 77' lang='lat'><strong>24.</strong></span> <span class='ocrx_word' id='word_1_776' title='bbox 1709 2470 1748 2493; x_wconf 85' lang='grc'><strong>28,</strong></span> <span class='ocrx_word' id='word_1_777' title='bbox 1771 2470 1808 2493; x_wconf 78' lang='grc'>29.</span> <span class='ocrx_word' id='word_1_778' title='bbox 1828 2468 1943 2493; x_wconf 81' lang='grc'>31-33..</span> <span class='ocrx_word' id='word_1_779' title='bbox 1962 2468 2022 2497; x_wconf 80' lang='lat' dir='ltr'><strong>opp.</strong></span> <span class='ocrx_word' id='word_1_780' title='bbox 2043 2467 2063 2488; x_wconf 86' lang='lat'><strong>1.</strong></span> <span class='ocrx_word' id='word_1_781' title='bbox 2084 2466 2106 2489; x_wconf 87' lang='lat'><strong>2.</strong></span> <span class='ocrx_word' id='word_1_782' title='bbox 2125 2464 2201 2489; x_wconf 80' lang='lat' dir='ltr'><strong>fidem</strong></span> 
     </span>
     <span class='ocr_line' id='line_1_111' title="bbox 1289 2518 2023 2553; baseline -0.012 -5"><span class='ocrx_word' id='word_1_783' title='bbox 1289 2524 1333 2551; x_wconf 71' lang='grc'><strong>74)</strong></span> <span class='ocrx_word' id='word_1_784' title='bbox 1352 2522 1482 2553; x_wconf 83' lang='lat' dir='ltr'><strong>ministris]</strong></span> <span class='ocrx_word' id='word_1_785' title='bbox 1503 2522 1574 2546; x_wconf 84' lang='lat' dir='ltr'><strong>Editt.</strong></span> <span class='ocrx_word' id='word_1_786' title='bbox 1595 2522 1634 2543; x_wconf 76' lang='lat'><strong>20.</strong></span> <span class='ocrx_word' id='word_1_787' title='bbox 1654 2521 1704 2547; x_wconf 61' lang='grc'>25..</span> <span class='ocrx_word' id='word_1_788' title='bbox 1725 2520 1794 2549; x_wconf 80' lang='lat' dir='ltr'><strong>Cot-p,</strong></span> <span class='ocrx_word' id='word_1_789' title='bbox 1817 2519 1888 2541; x_wconf 84' lang='grc'>1-8,</span> <span class='ocrx_word' id='word_1_790' title='bbox 1908 2518 2023 2543; x_wconf 82' lang='lat' dir='ltr'><strong>ministro</strong></span> 
     </span>
    </p>
   </div>
   <div class='ocr_carea' id='block_1_20' title="bbox 2035 2125 2269 2158">
    <p class='ocr_par' dir='ltr' id='par_1_30' title="bbox 2035 2125 2269 2158">
     <span class='ocr_line' id='line_1_112' title="bbox 2035 2125 2269 2158; baseline -0.009 0"><span class='ocrx_word' id='word_1_791' title='bbox 2035 2128 2069 2158; x_wconf 91' lang='lat' dir='ltr'><strong>ln</strong></span> <span class='ocrx_word' id='word_1_792' title='bbox 2092 2127 2143 2158; x_wconf 87' lang='lat' dir='ltr'><strong>his</strong></span> <span class='ocrx_word' id='word_1_793' title='bbox 2165 2125 2248 2157; x_wconf 89' lang='lat' dir='ltr'><strong>locis</strong></span> <span class='ocrx_word' id='word_1_794' title='bbox 2262 2134 2269 2142; x_wconf 89' lang='grc'>·</span> 
     </span>
    </p>
   </div>
  </div>
 </body>
</html>
