2358 2933
127 120 191 152 469

129 213 224 246 modo
258 212 300 242 ad
334 209 554 242 conscientias
596 209 770 249 erigendas
811 214 843 238 ct
877 207 1102 238 consolandas

128 263 281 297 tanquam
305 253 346 283 ad
368 252 465 282 finem
487 250 603 281 referri
625 251 776 281 debeant.

214 297 309 328 Hunc
336 292 550 334 principalem
580 303 676 323 usum
698 293 820 323 docent
842 298 873 321 et
896 290 1049 331 Apostoli
1073 297 1104 321 et

127 337 356 371 Ecciesiastici
379 337 570 375 scriptores.

128 383 173 412 ait
196 380 270 419 [Tit.
293 379 325 416 3,
347 378 411 416 5.]:
436 377 586 408 Salvavit
607 387 670 407 nos
692 386 752 416 per
773 375 943 407 lavacrum
966 385 1103 416 regene-

128 423 276 454 rationis.
330 420 439 455 Quare
465 419 558 450 Deus
589 425 640 450 est
667 418 785 449 efficax
813 428 871 457 per
895 418 1102 457 baptismum.

127 465 170 496 Et
198 465 317 495 Petrus
348 463 567 493 eruditissime
601 462 644 491 ait
680 461 722 497 [1.
747 470 796 500 ep.
821 459 852 498 3,
875 460 959 498 2l.]:
994 459 1104 499 Bapti-

128 518 234 538 smum
257 515 333 536 esse
356 515 422 536 non
445 510 570 535 tantum
592 509 758 533 externam
782 503 928 533 sordium
953 502 1103 542 corporis

127 548 345 584 ablutionem,
378 547 438 577 sed
471 552 600 586 pactum
635 545 740 575 bonae
771 545 994 575 conscientiae
1025 554 1104 584 erga

126 590 234 622 Deum
255 600 314 630 per
336 589 610 619 resurrectionem
623 586 765 621 Chris-tu
789 586 852 617 hoc
876 593 938 623 est,
960 593 1103 626 pactum,

128 643 193 674 quo
223 632 315 662 Deus
350 641 431 672 erga
464 640 526 660 nos
556 635 711 665 testatur,
746 638 783 658 se
811 629 907 659 nobis
937 629 1103 668 placatiun

128 684 204 705 esse
220 680 356 714 propter
373 672 604 703 resuscitatum
617 670 795 701 Christum.
825 671 866 701 Et
881 671 1025 701 vicissim
1038 670 1103 700 hoc

127 723 225 757 pacto
244 715 447 746 conscientia
466 713 601 744 confidit
619 723 656 743 se
671 712 793 743 habere
805 713 972 753 placatum
984 712 1103 748 Deum,

127 758 190 789 1100
204 764 266 795 051,
278 768 340 787 1105
353 766 429 787 0550
441 757 546 786 1115105
559 762 695 795 propter
708 754 885 786 Christum.
909 755 950 785 Et
963 756 994 785 in
1006 754 1102 785 Actis

128 801 174 839 [2,
196 800 261 838 3S.]
290 800 334 829 ait
359 798 494 829 Petrus:
523 797 714 838 Baptizetur
742 799 969 838 unusquisque
991 798 1023 827 in
1047 806 1103 826 no-

127 843 212 873 mine
236 842 311 872 lesu
333 840 456 872 Christi
480 841 511 870 in
534 841 762 870 remissionem
785 846 1014 879 peccatorum3
1049 839 1103 869 ubi

129 891 217 915 certe
233 882 374 914 affirmat
391 883 588 922 baptismum
606 883 826 912 testimonium
839 892 916 913 esse
928 888 957 912 et
973 883 1104 922 signum

128 927 333 957 remissionis
351 931 565 965 peccatorum
581 931 612 954 et
630 925 817 954 donationis
830 924 972 964 Spiritus
986 924 1102 954 sancti.

128 968 206 999 Ideo
229 974 259 998 et
283 968 387 998 sancti
411 973 522 1007 patres
547 972 667 996 vocant
681 966 897 997 Sacramenta
916 967 1010 1006 signa
1029 976 1103 1007 gra-

129 1011 204 1047 tiae,
226 1010 292 1040 hoc
316 1015 384 1045 est,
408 1007 585 1039 voluntatis
608 1008 672 1038 Dei
696 1018 774 1048 erga
798 1019 871 1045 nos,
894 1018 955 1038 nec
979 1014 1102 1038 tantum

128 1053 271 1082 iudicant
299 1061 337 1081 ea
366 1057 462 1081 notas
491 1060 568 1080 esse
590 1049 808 1089 professionis
833 1060 945 1080 coram
967 1049 1103 1080 homini·

128 1095 200 1124 bus.
246 1093 458 1133 Prophanum
491 1098 542 1122 est
570 1092 781 1122 Sacramenta
816 1098 941 1122 tantum
971 1090 1103 1122 efficere

127 1136 286 1176 quasdam
308 1141 404 1165 notas
426 1133 644 1174 professionis
669 1143 747 1174 erga
769 1133 937 1171 homines,
965 1144 1027 1164 nec
1050 1144 1104 1164 ac-

127 1178 335 1208 commodare
370 1187 409 1207 ea
431 1177 472 1206 ad
496 1186 591 1206 usum
621 1177 898 1206 conscientiarum
929 1187 1003 1207 cum
1030 1175 1103 1206 Deo

127 1220 302 1261 agentium.

213 1261 366 1292 Ceterum
393 1267 568 1300 postquam
590 1258 803 1299 principalem
826 1270 920 1290 usum
944 1270 983 1290 ac
1007 1260 1104 1290 finem

127 1311 293 1340 tenemus,
322 1301 438 1342 reliqui
468 1303 564 1332 etiam
590 1312 672 1332 usus
695 1302 771 1332 addi
793 1311 944 1341 possunt.
990 1301 1103 1333 Solent

126 1346 211 1376 enim
239 1346 335 1376 unius
365 1345 413 1375 rei
442 1345 523 1374 varii
553 1345 636 1374 111105
667 1353 754 1374 esse.
800 1344 884 1375 Sunt
907 1345 1002 1385 signa
1027 1354 1104 1374 con-

126 1386 291 1418 fessionis.
335 1386 395 1417 Est
419 1393 527 1417 autem
551 1384 736 1422 confessio,
760 1392 794 1416 ut
817 1387 956 1423 scimus,
979 1387 1104 1426 praeci-

126 1439 211 1470 puus
235 1428 343 1460 cultus
365 1428 438 1459 Dei.
482 1428 565 1458 Sunt
586 1429 663 1458 item
685 1427 866 1469 allegoriae
889 1439 929 1459 ac
951 1429 1102 1470 symbola

127 1473 287 1503 bonorum
314 1481 460 1502 morum:
495 1471 581 1501 sicut
613 1471 776 1501 interdum
807 1472 913 1501 sancti
935 1477 1047 1511 patres
1070 1472 1102 1501 in

127 1514 342 1544 concionibus
377 1512 591 1543 adhortantur
618 1523 680 1543 nos
709 1513 751 1543 ad
782 1520 926 1543 mutuam
957 1512 1102 1544 dilectio-

128 1565 219 1588 nem:
250 1556 342 1595 quia,
373 1565 444 1585 cum
474 1554 571 1584 simul
597 1555 629 1584 in
661 1556 821 1585 communi
844 1565 959 1585 mensa
983 1566 1102 1595 corpus

126 1597 258 1628 Domini
281 1597 501 1636 accipiamus,
532 1598 775 1627 sanctissimum
799 1598 963 1637 quoddam
985 1596 1102 1628 foedus

125 1646 258 1670 mutuae
271 1638 520 1669 benevolentiae
533 1637 681 1669 facimus.
699 1648 773 1669 011111
786 1649 900 1669 01111105
914 1646 944 1670 01
958 1641 1102 1670 11ιο1111113

127 1682 248 1712 Christi
277 1688 307 1712 et
338 1680 427 1712 velut
453 1691 551 1711 unum
581 1690 701 1720 corpus
730 1681 813 1710 inter
840 1691 902 1712 nos
930 1680 1101 1712 efficimur.

128 1724 198 1754 Hoc
226 1730 421 1764 argumento
449 1721 585 1753 multum
608 1731 638 1752 et
663 1721 804 1753 libenter
827 1724 876 1753 usi
899 1731 975 1754 sunt
997 1724 1102 1754 5311011

126 1770 212 1796 patres
230 1766 264 1791 de
283 1767 397 1795 caritate,
416 1769 441 1790 et
459 1766 573 1795 profecto
591 1772 642 1790 11011
661 1770 700 1790 est
720 1766 782 1791 levis
801 1766 951 1791 adhortatio.
961 1766 998 1796 ³⁵³)

253 1857 313 1888 DE
343 1856 629 1888 SACRAMENT(
636 1857 743 1887 ›RUM
772 1858 802 1888 N
805 1857 971 1888 UMERo.

209 1933 298 1964 Nihil
315 1944 399 1974 opus
417 1941 468 1964 est
485 1934 582 1963 rixari
601 1934 640 1964 de
654 1934 942 1965 Sacramentorum
954 1945 1099 1965 numero.

123 1976 207 2007 Nam
229 1977 257 2006 si
270 1976 483 2006 Sacramenta
506 1986 663 2006 vocamus
687 1987 753 2007 non
770 1975 879 2006 solum
897 1978 1099 2008 ceremonias

123 2019 156 2048 in
184 2017 365 2059 Evangelio
398 2019 582 2055 institutas,
615 2018 674 2048 sed
709 2019 805 2049 etiam
839 2017 921 2049 alias
955 2030 1008 2049 res
1045 2027 1099 2051 aut

124 2071 240 2100 opera,
275 2061 393 2101 quibus
423 2061 551 2091 additae
580 2066 655 2090 sunt
684 2061 922 2101 promissiones
958 2063 1098 2100 dixinae,

125 2101 223 2133 multa
257 2102 471 2133 Sacramenta
503 2104 668 2133 numerari
700 2110 863 2142 poterunt.
911 2104 952 2134 Ut
986 2104 1098 2135 Oratio

124 2145 184 2174 erit
197 2145 460 2179 Sacramentunn
483 2150 532 2174 est
555 2145 638 2175 enim
661 2155 745 2185 opus
764 2146 929 2186 quoddam
949 2153 1098 2177 nostrum

124 2192 156 2217 et
190 2187 288 2217 habet
321 2187 514 2227 magnificas
548 2188 783 2226 promissiones
820 2188 902 2226 [1011.
934 2189 984 2226 16,
1013 2189 1121 2227 23.]:-

125 2230 288 2269 Quicquid
320 2230 476 2269 petieritis
506 2228 635 2260 Patrem
665 2230 696 2259 in
724 2232 855 2261 nomine
885 2241 974 2268 meo,
1009 2231 1097 2262 dabit

122 2272 229 2302 vobis.
265 2272 368 2302 Erunt
391 2271 605 2302 Sacramenta
628 2278 659 2302 et
682 2271 877 2303 afflictiones
901 2280 930 2303 et
955 2272 1097 2304 eleemo-

123 2323 243 2354 synae;
272 2315 346 2354 quia
375 2319 451 2343 sunt
474 2324 572 2353 opera
597 2320 712 2344 ornata
734 2315 852 2345 divinis
874 2316 1097 2354 promissioni-

125 2356 196 2386 bus.
241 2355 287 2386 Ut
309 2355 403 2394 [Luc.
422 2355 454 2392 6,
472 2355 557 2394 38.]:
582 2355 677 2393 Date,
701 2363 732 2387 et
753 2357 882 2388 dabitur
904 2359 1010 2388 vobis.
1056 2358 1097 2388 Et

124 2398 253 2438 quidem
285 2398 459 2438 prodesset
499 2397 683 2429 huiusmodi
722 2409 821 2437 opera
861 2400 971 2430 ornari
1003 2399 1095 2430 titulo

125 2440 424 2477 Sacramentorum‚
465 2446 498 2471 ut
539 2442 631 2481 quasi
665 2442 696 2470 in
730 2439 849 2471 illustri
881 2440 955 2472 loco
989 2443 1096 2481 posita

125 2532 170 2561 83)
194 2534 280 2561 patres
300 2547 331 2550 -
350 2534 491 2558 adhortatio
510 2532 624 2557 addunt
641 2533 713 2558 Editt.
733 2535 754 2558 7.
773 2534 796 2556 8.
820 2533 846 2556 11
858 2545 889 2549 —-
902 2533 938 2556 14.
958 2535 983 2557 et
1001 2533 1059 2563 opp.

581 116 603 148 1.
627 115 727 146 Loci
750 115 1025 147 THEOLOGICI:
1050 115 1087 147 C.
1112 116 1322 148 SECUNDA
1344 117 1498 149 EORUM
1522 118 1677 149 AETAS.

618 333 740 365 Paulus
766 334 851 364 enim
874 334 914 364 de
940 334 1102 373 baptismo
1125 353 1127 363 1

2063 119 2126 150 470

1149 208 1253 248 pluris
1282 209 1417 246 fierent,
1449 216 1480 240 et
1509 209 1572 241 hoc
1595 209 1689 240 titulo
1712 209 1861 239 homines
1884 210 2039 239 admoniti
2063 211 2126 240 sci-

1126 243 1221 288 }rent
1254 252 1491 291 promissiones
1532 253 1746 292 requirendas
1781 257 1812 281 et
1846 249 2126 291 magnifaciendas

1150 302 1235 322 esse.
1270 292 1342 323 Hoc
1366 294 1462 323 modo
1488 300 1516 323 et
1542 293 2040 324 matrimoniumSacramentum
2064 298 2126 331 est,

1149 335 1225 374 quia
1243 341 1293 364 est
1311 344 1366 364 res
1385 341 1531 372 externa,
1556 342 1671 365 ornata
1689 336 1791 366 verbo
1804 334 1867 365 Dei
1884 340 1916 365 et
1934 335 2126 374 promissio·

1149 377 1255 406 nibus.
1300 376 1359 407 Est
1390 378 1464 407 item
1493 377 1688 417 significatio
1712 375 1892 416 spiritualis
1916 376 2071 407 connubii
2094 381 2127 406 et

1149 419 1337 455 societatis,
1372 429 1456 458 quae
1489 420 1587 448 nobis
1617 426 1667 449 est
1698 429 1771 449 cum
1802 418 1942 448 Christo.
1992 417 2062 448 Erit
2094 423 2126 448 et

1149 461 1362 500 magistratus
1379 461 1444 491 hoc
1462 462 1560 491 modo
1573 461 1831 497 Sacramentum,
1851 462 1925 500 quia
1941 465 1991 490 est
2003 465 2127 489 certum

1150 512 1254 542 genus
1281 504 1440 533 bonorum
1464 512 1610 542 operum,
1635 510 1783 533 ornatum
1802 504 1903 532 verbo
1916 502 1979 532 Dei
1997 508 2030 532 et
2050 510 2126 541 pro-

1149 545 1373 574 missionibus.
1407 543 1501 574 Rom.
1517 543 1565 574 13.
1586 547 1647 581 [vs.
1661 545 1720 582 2-1:
1747 552 1791 580 Qui
1809 551 1904 575 resistit
1923 550 2058 580 potestati,
2077 549 2125 572 deo

1149 588 1252 611 resistit.
1289 588 1351 611 Item
1379 587 1413 617 [2.
1434 588 1515 611 Paral.
1540 589 1578 613 19.
1597 587 1645 618 6.];
1678 588 1798 612 Iudicium
1827 587 1920 611 domini
1945 585 2076 610 exercetis.
2087 584 2126 613 ⁸⁴)

1150 619 1217 649 Sed
1240 619 1340 656 haec,
1364 630 1449 659 quae
1474 620 1632 656 diximus,
1660 630 1726 650 non
1749 625 1827 651 sunt
1850 618 2055 650 ceremoniae
2077 626 2126 647 re-

1151 672 1230 692 cens
1254 663 1286 691 in
1310 660 1492 701 Evangelio
1516 662 1690 692 institutae.

1235 703 1348 743 ltaque
1371 704 1398 733 si
1418 703 1632 734 Sacramenta
1655 715 1814 736 vocamus
1839 707 2042 736 ceremonias
2067 716 2126 737 seu

1148 746 1230 776 ritus
1254 746 1285 775 in
1309 745 1491 786 Evangelio
1515 746 1692 784 institutos,
1716 753 1747 777 et
1770 748 1901 788 proprie
1924 749 2127 787 pertinentes

1148 788 1191 818 ad
1210 814 1213 817 Δ
1230 787 1315 818 113110
1356 788 1567 828 praecipuam
1606 789 1858 828 promissionem
1892 796 1922 819 et
1956 789 2128 830 Evangelii

1149 830 1327 869 propriam,
1351 829 1479 860 scilicet
1503 831 1543 860 de
1566 831 1761 861 remissione
1784 837 2008 872 peccatorum,
2031 830 2128 862 facile

1150 878 1199 902 est
1230 872 1423 909 diiudicare,
1458 882 1543 913 quae
1572 873 1635 903 sint
1664 872 1895 904 Sacramenta:
1931 874 2128 914 Baptismus,

1150 924 1254 945 coena
1278 913 1409 944 Domini
1438 920 1469 944 et
1499 914 1677 945 absolutio.
1722 915 1806 945 Nam
1832 915 1865 946 hi
1889 916 1968 946 m‘tus
1992 918 2127 947 instituti

1150 962 1225 987 sunt
1249 957 1282 986 in
1304 955 1506 997 Evangelio,
1537 962 1567 986 et
1590 963 1790 997 usurpantur
1813 959 1854 989 ad
1878 959 2126 1000 significandam

1148 999 1235 1029 hanc
1253 999 1505 1039 promissionem
1524 998 1695 1041 Evangelii
1714 1002 1888 1041 propriam.
1920 1001 2127 1040 Baptizamur

1150 1042 1251 1077 0111111,
1282 1047 1316 1071 ut
1340 1041 1512 1071 credamus
1535 1042 1632 1072 nobis
1656 1048 1792 1082 peccata
1824 1043 2008 1073 condonata
2039 1052 2126 1072 esse.

1149 1084 1206 1114 Sic
1235 1089 1265 1113 et
1293 1092 1397 1112 coena
1427 1082 1558 1113 Domini
1593 1090 1624 1114 et
1654 1083 1817 1115 absolutio
1847 1084 2023 1115 admonent
2052 1094 2126 1120 1105,

1149 1131 1185 1156 ut
1208 1126 1380 1155 credamus
1406 1131 1496 1155 certo
1521 1126 1617 1156 nobis
1642 1127 1759 1156 remitti
1781 1133 1929 1166 peccata.

1236 1166 1449 1197 Confirmatio
1485 1173 1514 1197 ct
1545 1174 1688 1198 extrema
1717 1169 1827 1199 unctio
1859 1175 1936 1199 sunt
1964 1169 2045 1198 ritus
2073 1177 2127 1197 ac-

1151 1209 1234 1249 cepti
1258 1209 1455 1246 aPatribus,
1479 1219 1564 1249 quos
1588 1220 1629 1240 ne
1644 1210 1796 1241 Ecclesia
1822 1211 1950 1252 quidem
1975 1217 2128 1252 tanquam

1150 1252 1362 1282 necessarios
1391 1252 1433 1281 ad
1462 1250 1600 1282 salutem
1625 1255 1775 1293 requirit,
1810 1254 1885 1293 quia
1913 1263 1978 1282 non
2006 1252 2126 1283 habent

1150 1294 1339 1324 mandatmn
1357 1293 1431 1323 Dei.
1462 1293 1539 1324 Ideo
1562 1296 1697 1334 prodest
1719 1294 1782 1325 hos
1807 1296 1886 1325 ritus
1911 1305 1929 1325 a
1953 1295 2127 1335 superiori-

1151 1336 1212 1366 bus
1237 1336 1442 1374 discernere,
1469 1342 1505 1366 ut
1533 1338 1677 1368 sciamus
1701 1349 1760 1369 eos
1785 1349 1851 1370 non
1875 1349 1951 1370 esse
1974 1347 2128 1368 11000553-

1148 1378 1228 1408 rios.
1274 1378 1341 1409 Sed
1372 1377 1575 1410 confirmatio
1604 1390 1805 1422 magnopere
1834 1381 2004 1421 probanda
2027 1385 2127 1416 esset,

1149 1420 1177 1449 si
1199 1426 1417 1461 usurparetur
1438 1421 1480 1451 ad
1503 1420 1580 1459 hoc,
1603 1428 1637 1452 ut
1659 1424 1898 1454 examinaretur
1920 1424 2073 1454 iuventus
2098 1427 2128 1452 et

1148 1462 1245 1493 fidem
1268 1463 1434 1503 propriam
1456 1463 1676 1504 profiteretur.

1232 1505 1374 1535 Maxime
1390 1512 1498 1536 autem
1515 1505 1624 1546 placet
1642 1507 1731 1544 mihi,
1751 1507 1918 1545 Ordinem,
1941 1515 1976 1539 ut
1996 1516 2127 1548 vocant,

1147 1547 1232 1577 inter
1265 1547 1479 1578 Sacramenta
1513 1550 1696 1588 numerari,
1731 1552 1827 1581 modo
1862 1557 1897 1583 ut
1930 1550 2129 1593 intelligatur

1148 1596 1178 1619 et
1201 1590 1308 1629 ipsum
1331 1590 1545 1622 ministerium
1568 1591 1759 1633 Evangelii,
1790 1600 1820 1623 et
1844 1595 1974 1625 vocatio
1999 1594 2039 1624 ad
2063 1593 2128 1624 hoc

1147 1632 1361 1662 ministerium
1397 1633 1537 1663 docendi
1565 1633 1782 1675 Evangelium
1816 1642 1846 1666 et
1881 1636 2127 1666 administrandi

1148 1674 1370 1705 Sacramenta.
1416 1674 1558 1706 Prodest
1589 1677 1673 1706 enim
1698 1676 1872 1719 diligenter
1895 1688 2014 1709 ornare
2038 1678 2127 1709 mini-

1148 1716 1284 1746 sterium
1306 1717 1412 1753 verbi,
1437 1722 1467 1747 et
1491 1718 1578 1748 scire
1601 1717 1762 1756 homines,
1787 1721 1874 1760 quod
1887 1720 2029 1760 Spiritus
2053 1731 2127 1751 san-

1148 1763 1221 1788 ctus
1252 1759 1348 1788 datur
1376 1769 1434 1799 per
1462 1760 1675 1791 ministerium
1703 1768 1735 1791 et
1755 1762 1997 1793 meditationem
2021 1764 2126 1799 verbi,

1148 1810 1189 1829 ne
1212 1799 1293 1830 alias
1316 1800 1572 1832 illuminationes
1598 1809 1689 1833 extra
1714 1805 1849 1833 verbum
1873 1810 1903 1834 01
1927 1804 1998 1834 sine
2021 1806 2124 1835 verbo

1147 1851 1364 1882 quaeramus3
1387 1844 1660 1884 quemadmodum
1687 1844 1810 1876 faciunt
1832 1847 1964 1887 spiritus
1982 1845 2125 1877 fanatici.

1146 1884 1363 1915 Ministerium
1391 1886 1484 1916 verbi
1514 1886 1612 1917 habet
1643 1889 1831 1919 mandatum
1862 1889 1940 1926 Dei,
1974 1888 2127 1919 videlicet

1146 1933 1179 1957 ut
1204 1933 1235 1957 et
1259 1927 1417 1958 doceatur
1440 1934 1471 1958 et
1492 1929 1658 1967 audiatur,
1692 1930 1792 1961 habet
1822 1937 1852 1961 et
1875 1933 2026 1973 ingentes
2049 1945 2125 1974 pro-

1146 1970 1332 2007 missiones,
1356 1969 1451 2000 Rom.
1478 1970 1505 2000 l.
1532 1974 1594 2007 [vS.
1612 1972 1674 2009 16.]
1699 1972 1914 2014 Evangelium
1939 1982 1988 2006 est
2010 1982 2124 2016 poten-

1144 2012 1189 2042 tia
1213 2011 1275 2042 Dei
1298 2012 1339 2042 ad
1363 2011 1504 2043 salutem
1528 2014 1614 2043 omni
1638 2015 1793 2045 credenti.
1825 2016 1952 2048 Deinde
1976 2019 2124 2050 (1001(Ιί-

1144 2056 1285 2091 natione,
1303 2053 1367 2085 hoc
1386 2061 1449 2092 est,
1470 2056 1511 2086 de
1530 2057 1703 2088 vocatione
1721 2058 1762 2087 ad
1779 2059 2001 2098 ministerium,
2023 2062 2120 2101 prod-

1145 2103 1195 2127 est
1229 2095 1428 2137 intelligere,
1465 2099 1552 2138 quod
1586 2098 1679 2130 Deus
1713 2102 1872 2140 approbet
1906 2109 2044 2139 vocatos
2077 2105 2118 2134 ab

1143 2138 1296 2169 Ecclesia
1333 2145 1363 2169 et
1399 2137 1477 2169 velit
1510 2141 1630 2171 adesse
1665 2151 1777 2172 eorum
1808 2143 1997 2175 ministerio.
2048 2145 2118 2176 Hoc

1144 2181 1336 2212 beneficium
1363 2182 1460 2212 debet
1488 2184 1584 2213 nobis
1615 2184 1835 2215 ι1131155111111111
1862 2195 1953 2223 0550,
1990 2194 2021 2218 01
2050 2186 2119 2218 dili-

1142 2230 1257 2265 genter
1276 2224 1457 2254 ornandum
1476 2230 1572 2265 atque.
1592 2208 1819 2257 illustrandum
1838 2233 1898 2258 est.
1928 2228 1999 2259 Hoc
2018 2230 2116 2260 modo

1142 2275 1314 2296 numerare
1338 2266 1493 2296 Ordinem
1520 2267 1606 2298 inter
1629 2268 1841 2300 Sacramenta
1867 2269 1962 2301 fuerit
1984 2271 2117 2302 utilissi-

1142 2319 1245 2345 mum,
1275 2306 1400 2338 scilicet
1423 2309 1464 2339 atl
1489 2307 1717 2340 illustrandam
1741 2311 1929 2351 dignitatem
1951 2314 2116 2344 ministerii

1142 2351 1243 2381 verbi.
1301 2350 1367 2380 Sed
1407 2350 1460 2381 alii
1497 2362 1570 2382 cum
1607 2352 1647 2381 de
1682 2352 1898 2384 Ortlinatione
1933 2353 2121 2395 loquuntur

1118 2396 1120 2420 Ξ
1141 2394 1261 2423 01111553
1285 2393 1448 2422 mentione
1472 2393 1640 2423 ministerii
1662 2393 1852 2435 Evangelii,
1886 2402 2001 2435 putant
2024 2397 2117 2427 Ordi-

1141 2445 1214 2464 nem
1253 2443 1328 2462 esse
1357 2435 1562 2464 vocationem
1592 2435 1634 2464 ad
1662 2436 1913 2468 sacrificandum
1942 2448 2003 2478 pro
2033 2440 2114 2470 vivis

1139 2534 1184 2563 84)
1213 2534 1258 2562 Qui
1277 2547 1309 2550 —
1327 2535 1460 2559 exercetis.
1481 2533 1596 2559 addunt
1615 2536 1687 2561 Editt.
1707 2538 1728 2561 7.
1748 2538 1770 2562 8.
1792 2540 1909 2563 11—14.
1929 2541 1955 2564 et
1973 2540 2031 2570 Opp.

1909 2588 1960 2614 30·
