2358 2933
230 119 293 149 999

232 222 251 240 a
279 209 397 250 loseph
425 217 597 250 acceperat
627 210 807 240 doctrinam
841 210 880 240 de
911 220 990 241 vera
1018 209 1080 240 Dei
1109 210 1200 241 invo-

233 253 369 282 catione.
414 252 454 282 Et
479 252 507 282 l.
525 251 604 282 Tim.
627 252 658 281 2.
683 254 745 287 1vs.
761 251 802 289 1-1
826 250 1042 291 Praeceptum
1065 252 1202 283 traditur

233 293 362 333 plenum
386 294 592 324 eruditionis:
623 293 754 331 Hortor,
776 300 810 324 ut
835 293 1006 334 petitiones
1030 300 1061 324 et
1085 294 1201 334 gratia-

233 346 302 366 rum
325 337 471 366 actiones
496 335 572 366 fiant
595 345 655 375 pro
679 336 828 367 oumibus
851 334 1048 373 hominibus,
1072 346 1132 376 pro
1152 346 1202 366 re-

232 379 327 418 gibus
351 384 381 408 et
401 377 561 414 omnibus,
584 378 638 418 qui
658 384 826 417 praesunt,
852 384 885 408 ut
905 379 1045 418 quietam
1065 384 1097 408 et
1115 384 1202 408 tran-

233 418 364 460 quillam
379 420 476 449 vitam
487 429 637 459 agamus,
655 429 728 450 cum
741 421 825 450 omni
839 419 957 459 pietate
975 426 1006 450 et
1021 418 1202 450 honestate.

233 460 334 491 Simul
363 468 393 491 et
423 461 462 490 de
491 462 680 500 precatione
707 463 865 502 praecipit
892 469 922 491 et
952 463 1064 499 docet,
1096 460 1203 502 qualis

233 503 348 533 debeat
368 512 444 533 esse
464 503 669 542 gubernatio.
690 510 720 533 et
741 504 782 533 ad
801 513 884 543 quos
904 504 1100 543 praecipuos
1120 502 1203 534 fines

232 542 404 575 reserenda
427 544 491 574 sint
514 542 649 574 consilia
673 545 911 584 gubernatoris.
952 545 992 574 Et
1010 551 1123 584 petere
1142 553 1203 574 nos

233 587 408 623 debemus,
438 592 471 616 ut
493 584 585 616 Deus
615 596 728 626 pacem
753 587 874 616 nostris
899 586 1083 617 civitatibus
1107 586 1203 616 donet

233 635 262 658 et
287 635 377 669 regat
401 626 621 668 disciplinam,
651 636 679 658 et
710 629 784 658 boni
807 627 975 668 Principes
998 627 1080 658 haec
1104 637 1204 668 opera

233 669 364 701 efiicere
387 670 520 701 debent:
554 669 695 700 Primum
724 677 757 701 ut
787 671 872 701 domi
900 681 964 710 pax
994 671 1034 700 sit
1064 676 1095 700 et
1119 676 1204 700 tran-

235 711 393 753 quiUitas.
413 718 546 743 arceant
566 719 721 742 externos
740 711 866 750 hostes,
885 718 1038 753 quantum
1054 717 1205 751 possunt,

234 762 263 785 et
295 755 381 786 domi
411 753 603 795 prohibeant
634 753 803 785 latrocinia
839 761 869 784 et
900 754 1089 785 seditiones.
1136 753 1205 783 Nec

235 796 307 827 finis
331 797 371 826 sit
395 797 497 837 pacis,
520 803 555 826 ut
579 797 608 826 in
629 797 696 827 otio
715 797 841 837 possint
862 797 952 827 cives
972 806 1130 836 quaerere
1151 805 1205 824 vo-

233 837 374 879 luptates
405 846 436 869 ct
464 837 635 879 indulgere
663 836 762 869 luxui.
806 839 873 869 Sed
909 839 1000 878 pacis
1035 836 1206 868 ulteriores

234 880 317 911 finct-
348 886 441 917 sunt,
474 886 507 910 ut
543 882 717 920 propagari
746 890 824 911 vera
855 879 1022 920 religionis
1057 879 1206 909 doctrina

233 924 354 962 possit,
384 929 417 953 ut
440 928 593 963 tegantur
615 921 751 953 scholae
774 929 806 953 et
826 921 998 953 imbecillis
1021 927 1111 951 aetas
1135 931 1206 951 eru-

235 965 294 995 diri
317 965 433 1005 possit,
458 974 519 994 1166
542 974 680 1004 prorsus
704 965 878 1005 dissipetur
900 963 1051 994 Ecclesia
1074 969 1130 993 aut
1153 963 1207 993 de-

236 1006 361 1038 leantur
384 1007 556 1037 seminaria
579 1006 760 1037 Ecclesiae.

805 1006 945 1043 Deinde,
970 1012 1003 1036 ut
1027 1015 1136 1035 mores
1159 1014 1207 1034 re-

236 1056 354 1091 gantur
376 1047 515 1079 honesta
537 1047 718 1090 disciplina.

322 1116 377 1148 Sic
401 1116 509 1147 David
538 1126 658 1158 gerens
687 1115 773 1147 bella
803 1117 929 1147 sciebat
958 1125 995 1146 se
1023 1121 1132 1145 tantos
1162 1113 1208 1144 la-

238 1161 335 1190 bores
365 1159 533 1199 suscipere
567 1166 597 1189 et
629 1159 792 1189 sustinere
819 1169 883 1188 non
913 1168 971 1188 sua
1003 1167 1142 1193 caussa,
1174 1162 1208 1186 ut

237 1207 353 1242 postea
369 1202 475 1231 otioso
490 1208 519 1231 et
537 1211 654 1232 securo
673 1201 779 1231 animo
797 1199 961 1231 frueretur
977 1198 1209 1239 voluptatibus,

238 1244 296 1273 sed
326 1250 359 1274 ut
390 1242 536 1284 depulsis
567 1242 721 1273 hostibus
746 1250 937 1273 servaretur
959 1240 1112 1272 Ecclesia
1135 1240 1209 1277 Dei,

239 1293 271 1316 ut
297 1285 380 1315 domi
404 1286 529 1316 interim
552 1286 718 1326 procreari
741 1284 877 1315 soboles
909 1290 941 1314 et
966 1289 1056 1314 recte
1091 1283 1209 1313 erudiri

240 1329 279 1358 de
298 1327 371 1358 Deo
395 1333 427 1358 et
450 1328 491 1358 ad
513 1327 673 1358 honestos
696 1337 804 1357 mores
828 1327 950 1357 institui
972 1331 1099 1366 posset,
1120 1330 1156 1355 ut
1178 1325 1210 1354 in

240 1367 363 1401 scholis
387 1368 613 1400 adolescentia
643 1375 675 1399 et
702 1368 845 1409 populus
868 1369 910 1399 ad
933 1368 1111 1399 conciones
1141 1372 1210 1396 tuto

240 1412 416 1442 convenire
435 1417 566 1452 posset3
584 1411 735 1451 Denique
754 1421 795 1441 ne
814 1411 962 1441 doctrina
982 1410 1022 1439 de
1034 1418 1113 1439 vero
1124 1408 1212 1444 Deo,

240 1463 357 1485 nomen
380 1453 536 1491 Messiae,
559 1454 722 1484 invocatio
746 1462 826 1483 vera
848 1452 911 1483 Dei
935 1450 1109 1481 deleretur.
1142 1449 1212 1480 Hos

240 1495 323 1527 fines
342 1496 539 1532 intuebatur,
558 1496 686 1536 quoties
702 1495 861 1526 educebat
877 1493 1064 1529 exercitum,
1084 1492 1211 1532 quoties

240 1539 423 1570 instruebat
445 1539 559 1575 aciem,
583 1537 710 1578 quoties
733 1537 766 1567 in
784 1535 939 1566 hostilem
957 1535 1135 1566 exercitum
1158 1535 1213 1564 im-

242 1587 349 1622 petum
379 1579 530 1611 faciebat.
575 1579 615 1610 Hi
644 1579 727 1609 fines
756 1579 859 1620 ignoti
889 1584 983 1608 erant
1007 1576 1212 1612 Alexandro,

244 1623 398 1664 Scipioni,
422 1621 457 1652 C.
478 1621 622 1653 Caesari.
657 1621 724 1652 Sed
747 1627 854 1651 tamen
872 1625 991 1651 norant
1008 1620 1082 1649 ideo
1103 1617 1214 1649 desen-

244 1666 382 1696 dendam
401 1674 476 1695 esse
495 1665 643 1704 patriam,
663 1669 699 1694 ut
716 1662 855 1693 honesta
875 1660 1047 1701 disciplina
1067 1660 1213 1690 homines

245 1709 275 1738 in
299 1717 381 1747 pace
405 1713 608 1747 regerentur,
630 1716 691 1736 nec
714 1715 852 1745 prorsus
875 1705 1019 1735 interiret
1042 1703 1214 1733 humanum

245 1759 350 1791 genus
374 1754 429 1780 aut
450 1758 560 1778 mores
579 1747 694 1778 fierent
713 1746 773 1777 feri
793 1753 825 1777 et
842 1747 983 1777 barbari.
1023 1745 1155 1775 Addidit
1170 1746 1213 1778 ⁵⁹)

245 1793 341 1833 igitur
359 1789 482 1821 Paulus
500 1790 702 1830 precandum
720 1799 807 1826 esse,
826 1795 861 1820 ut
880 1799 945 1819 non
964 1786 1068 1818 solum
1084 1788 1128 1826 ²⁵⁰)
1151 1796 1215 1826 pax

246 1835 303 1871 sit,
332 1833 390 1864 sed
414 1833 509 1863 etiam
535 1838 570 1862 ut
592 1833 625 1862 in
647 1841 730 1871 pace
753 1832 901 1861 vivamus
925 1831 976 1871 pie
1005 1835 1036 1859 et
1064 1828 1215 1865 honeste,

246 1877 278 1906 id
301 1881 361 1913 est,
383 1881 419 1906 ut
437 1875 586 1905 doctrina
607 1884 687 1904 vera
705 1874 746 1904 de
763 1872 837 1903 Deo
855 1877 1055 1913 propagetur
1074 1876 1106 1901 et
1122 1870 1215 1901 Deus

247 1924 336 1949 recte
358 1918 528 1948 invocetur
558 1923 590 1947 et
619 1917 684 1946 sint
710 1915 839 1945 honesti
869 1924 988 1945 mores.
1032 1913 1080 1943 Ita
1102 1913 1216 1952 paucis

248 1960 356 1990 verbis
386 1959 539 1999 optimam
568 1957 734 1999 politicam
749 1959 792 1991 ⁶¹)
821 1955 958 1988 sormam
986 1954 1110 1986 Paulus
1140 1952 1217 1984 deli-

247 2002 366 2033 neavit.

334 2059 512 2100 Postquam
540 2060 638 2100 igitur
665 2059 746 2090 satis
775 2065 943 2089 ostensum
972 2063 1023 2088 est
1050 2055 1218 2097 politicum

251 2103 394 2133 ordinem
414 2111 489 2132 6556
508 2112 575 2132 rem
593 2102 711 2132 bonam
728 2106 761 2132 et
771 2100 845 2131 Deo
858 2099 1052 2141 placentem,
1071 2098 1218 2128 adiiciam

250 2143 374 2185 aliquot
396 2142 530 2185 regulas
552 2143 649 2175 utiles
672 2144 713 2174 ad
736 2153 850 2184 pacem
877 2148 909 2173 et
931 2142 972 2172 ad
996 2140 1147 2171 alendam
1168 2148 1218 2169 re-

253 2187 429 2217 verentiam
458 2186 490 2216 in
519 2187 614 2216 bonis
645 2186 806 2216 mentibus
836 2194 914 2225 erga
942 2183 1155 2224 Magistratus
1188 2186 1220 2211 et

252 2230 437 2259 universum
471 2228 617 2258 ordinem
652 2227 757 2258 civilis
793 2227 976 2263 societatis,
1013 2234 1096 2265 quae
1131 2228 1218 2254 certe

254 2365 300 2394 59)
317 2364 427 2395 Addidit]
449 2364 491 2388 Ed.
511 2364 550 2388 24.
571 2364 651 2389 male:
670 2364 788 2394 Additum
806 2364 876 2389 Editt.
896 2363 1004 2386 28—34.
1022 2362 1094 2387 Addit

254 2415 300 2445 60)
321 2419 346 2439 ut
364 2421 414 2439 non
433 2414 525 2444 solum]
546 2414 618 2439 Editt.
639 2415 680 2437 22.
700 2415 740 2439 24.
760 2414 877 2442 28—34.,
905 2414 963 2444 Opp.
986 2413 1006 2437 l.
1026 2413 1050 2438 2,
1069 2417 1119 2436 non
1138 2410 1220 2435 solum

322 2453 349 2474 ut

255 2501 300 2525 61)
318 2499 454 2529 politicam]
485 2499 520 2523 sic
538 2498 610 2523 Editt.
633 2499 670 2520 14.
692 2498 799 2521 18—21).
819 2497 935 2521 22j34..

326 2535 345 2555 1.
368 2533 404 2557 2:
423 2536 522 2557 ceterae
542 2532 628 2556 Edita:
646 2531 748 2561 politiae

851 117 958 149 Pffll..
988 116 1091 150 MEL.
1115 116 1301 149 SCRIPTA
1318 116 1591 148 DoGMA‘riCA.

2126 118 2207 150 1000

1242 210 1341 251 digna
1357 216 1409 240 est
1427 209 1522 240 bonis
1540 209 1691 250 ingeniis,
1715 214 1747 239 et
1765 218 1838 240 cum
1857 207 1998 239 refertur
2015 209 2057 239 ad
2076 208 2211 250 gloriam

1241 251 1317 289 Dei,
1340 251 1446 283 cultus
1470 257 1522 282 est
1544 257 1656 292 gratus
1679 249 1763 281 Deo.
1830 263 1843 272 ι

1329 294 1435 324 Prima
1459 291 1582 334 regula.
1622 291 1839 334 Evangelium
1857 293 1943 323 sicut
1960 302 2022 323 nec
2037 294 2083 333 ⁶²)
2102 292 2211 324 abolet

1243 346 1305 367 1166
1323 337 1485 376 improbat
1503 334 1747 366 Arithmeticam
1765 340 1821 365 aut
1838 333 2140 366 Architectonicam
2158 342 2211 366 aut

1244 378 1406 409 Medicam
1428 383 1542 415 artem,
1567 378 1615 408 sic
1634 387 1700 408 non
1719 375 1829 408 abolet
1846 386 1908 408 nec
1925 376 2087 417 improbat
2107 377 2212 408 Oeco-

1245 421 1408 451 nomicum
1440 426 1470 450 et
1500 418 1671 450 Politicum
1701 419 1864 456 ordinem,
1899 419 1962 449 imo
1992 419 2082 450 iubet
2112 429 2213 460 agno-

1245 472 1339 492 scere
1371 461 1432 492 has
1467 471 1521 493 res
1555 471 1631 492 esse
1660 462 1746 492 dona
1774 461 1852 498 Dei,
1884 461 2002 501 quibus
2035 459 2119 492 haec
2146 461 2213 491 vita

1246 503 1428 543 corporalis
1448 514 1513 534 non
1532 509 1638 544 potest
1659 513 1784 534 carere.
1813 502 1895 533 Cum
1909 507 2016 533 autem
2030 501 2108 533 velit
2119 501 2214 534 Deus

1245 555 1311 574 11011
1335 544 1436 574 deleri
1458 555 1562 584 genus
1586 545 1777 580 humanum,
1803 545 1863 575 sed
1884 545 1917 574 in
1939 543 2002 575 hac
2019 544 2086 574 vita
2104 543 2214 585 colligi

1245 585 1430 616 Ecclesiam
1452 595 1556 622 suam,
1579 591 1691 616 servat
1708 584 1761 615 his
1781 585 1893 621 rebus,
1917 586 2003 622 cibo,
2026 592 2116 625 potu,
2138 595 2215 617 con-

1246 628 1346 667 iugio,
1368 626 1501 667 politico
1521 627 1645 664 ordine,
1667 628 1804 664 artibuS,
1828 633 1864 657 ut
1881 625 2092 666 agricultura,
2110 626 2215 658 aschi-

1246 670 1419 706 tectonica,
1442 669 1613 704 medicina,
1637 669 1735 699 vitam
1758 668 1973 709 corporalem.

1332 711 1375 741 Ut
1398 718 1504 741 autem
1528 711 1632 748 cibus,
1655 716 1764 750 potus,
1787 709 1998 751 agricultura,
2022 710 2216 742 architecto·

1247 754 1337 789 nica,
1367 753 1527 783 medicina
1549 762 1615 783 non
1636 758 1785 792 pugnant
1807 762 1879 783 cum
1901 752 2099 793 Evangelio,
2130 753 2216 794 quod

1248 796 1460 826 concionatur
1494 795 1534 824 de
1567 793 1833 824 reconciliatione
1861 794 1941 831 Dei,
1975 801 2007 824 et
2035 805 2154 826 novam
2184 803 2215 824 et

1248 845 1437 877 perpetuam
1469 835 1576 867 lucem
1609 836 1640 866 in
1674 836 1835 866 mentibus
1868 836 2036 873 accendit,
2069 837 2118 866 sic
2150 846 2216 867 non

1248 885 1371 920 pugnat
1405 889 1476 909 cum
1510 877 1692 918 Evangelio
1727 878 1919 918 gubernatio
1952 875 2093 917 politica.
2149 877 2217 909 Sed

1249 922 1304 962 qui
1326 921 1477 961 ignorant
1501 930 1612 950 veram
1630 918 1800 960 Evangelii
1824 919 2005 950 doctrinam
2027 920 2067 950 (16
2097 919 2218 950 iustitia

1248 965 1414 999 interiore,
1436 963 1476 993 de
1494 962 1573 993 Fide
1596 968 1627 992 et
1645 972 1724 992 vera
1746 962 1951 992 invocatione
1968 960 2044 999 Dei,
2066 960 2099 992 hi
2121 960 2218 992 facile

1250 1004 1490 1036 hallucinantur
1508 1005 1540 1035 in
1559 1003 1622 1034 hac
1641 1004 1859 1043 disputatione
1882 1010 1914 1034 et
1932 1003 1995 1034 sibi
2013 1004 2075 1043 ipsi
2092 1004 2218 1044 fingunt

1249 1046 1465 1088 Evangelium
1489 1056 1564 1077 esse
1582 1056 1700 1076 novam
1719 1052 1751 1076 et
1770 1046 1974 1076 barbaricam
1986 1044 2141 1085 politiam.
2174 1044 2218 1076 Ut

1250 1089 1441 1130 hypocritae
1463 1089 1590 1130 magnis
1620 1087 1771 1119 laudibus
1801 1086 1923 1118 vehunt
1951 1087 2160 1118 solitudinem
2187 1094 2219 1118 et

1250 1131 1456 1162 Monasticos
1479 1132 1561 1161 ritus
1585 1129 1638 1161 vel
1661 1131 1768 1170 potius
1792 1128 1870 1160 illud
1891 1129 2086 1169 Epicureum
2108 1129 2219 1165 otium,

1251 1185 1316 1214 quo
1340 1173 1489 1204 fruuntur
1510 1172 1572 1207 illi,
1601 1173 1655 1213 qui
1678 1182 1740 1202 nec
1762 1180 1951 1202 comumnes
1980 1170 2132 1208 labores,
2166 1171 2220 1211 qui

1252 1223 1328 1246 suut
1350 1216 1381 1245 in
1406 1215 1642 1256 gubernatione
1664 1214 1772 1254 magni
1795 1219 1826 1244 et
1849 1213 1941 1250 varii,
1963 1213 2136 1250 sustinent,
2158 1222 2220 1243 1166

1251 1264 1397 1288 metuunt
1419 1256 1564 1297 pericula
1588 1262 1619 1286 et
1640 1254 1816 1295 procellas,
1839 1256 1957 1295 quibus
1980 1264 2082 1295 saepe
2103 1255 2220 1295 guber-

1252 1305 1384 1330 natores
1403 1298 1599 1329 horribiliter
1618 1297 1818 1336 affliguntur,
1840 1302 1875 1326 ut
1892 1297 2017 1336 experti
2035 1303 2112 1327 sunt
2128 1296 2185 1327 Mo
2208 1314 2220 1319 -

1253 1351 1319 1378 565,
1336 1340 1449 1371 Aaron
1460 1343 1516 1377 63),
1536 1337 1679 1375 Samuel,
1697 1338 1816 1375 David,
1835 1338 2002 1375 Ieremias,
2023 1343 2056 1368 et
2071 1347 2187 1378 exemp

1253 1382 1353 1414 multa
1375 1382 1566 1422 quotidiana
1587 1382 1654 1411 vita
1677 1385 1846 1410 monstrat.

1337 1424 1408 1454 Nec
1437 1423 1655 1454 adversantur
1683 1421 1759 1452 huic
1791 1422 1914 1461 primae
1947 1421 2081 1462 regulae
2113 1421 2221 1462 prohi-

1253 1467 1392 1497 bitiones
1423 1466 1603 1501 vindictae,
1637 1473 1722 1504 quae
1754 1464 1878 1503 passim
1911 1472 2050 1503 sparsae
2081 1469 2158 1494 sunt
2189 1465 2222 1494 in

1253 1506 1445 1548 Evangelio.
1491 1506 1725 1538 Gravissimam
1747 1504 1810 1535 hae
1832 1505 2014 1535 doctrinam
2042 1511 2075 1536 et
2101 1504 2222 1536 saluta-

1254 1560 1322 1581 rem
1345 1550 1426 1590 ipsis
1453 1549 1596 1589 imperiis
1625 1547 1808 1578 continent:
1839 1546 1932 1577 Deus
1961 1547 2106 1578 ordinem
2132 1547 2223 1578 insti—

1255 1593 1330 1630 tuit,
1362 1598 1397 1622 ut
1431 1592 1573 1622 vindicta
1603 1600 1663 1630 per
1693 1588 1907 1630 Magistratus
1935 1595 2135 1620 exerceatur.
2180 1588 2223 1620 Ut

1255 1635 1352 1676 igitur
1380 1634 1413 1664 in
1437 1634 1557 1665 ceteris
1578 1632 1763 1673 praeceptis
1791 1640 1853 1662 nos
1884 1629 1954 1661 vult
1983 1631 2087 1661 ordini
2114 1631 2223 1662 divino

1256 1686 1384 1717 parcre,
1402 1675 1553 1716 prohibet
1570 1675 1683 1715 vagari
1700 1673 1862 1710 libidines,
1880 1673 1929 1703 sic
1945 1671 2097 1713 prohibet
2110 1673 2224 1714 vagari

1256 1719 1473 1755 iracundiam,
1504 1715 1572 1748 vult
1594 1726 1654 1747 nos
1678 1717 1748 1746 sine
1770 1715 1927 1746 incendiis
1951 1715 2097 1745 odiorum
2119 1715 2223 1746 ordini

1258 1761 1366 1792 divino
1391 1761 1616 1800 obtemperare
1638 1768 1677 1788 ac
1699 1764 1821 1798 petere,
1843 1764 1878 1787 ut
1895 1756 2108 1797 Magistratus
2131 1766 2223 1788 suum

1258 1801 1400 1833 officium
1423 1800 1540 1838 saciat,
1568 1799 1721 1831 defendat
1743 1801 1934 1830 innocentes
1957 1804 1989 1829 et
2012 1801 2164 1829 coerceat
2184 1808 2222 1829 ac

1257 1845 1368 1885 puniat
1389 1842 1584 1884 petulantes.
1626 1842 1660 1873 Si
1683 1841 1773 1878 facit,
1794 1842 1917 1882 gratias
1940 1850 2074 1881 agamus
2096 1846 2129 1871 et
2149 1839 2223 1871 Deo

1260 1893 1292 1918 et
1321 1885 1541 1927 Magistratui‚
1575 1891 1607 1915 et
1634 1884 1834 1925 gaudeamus
1861 1883 2000 1913 honeste
2028 1882 2099 1923 regi
2128 1882 2224 1912 disci-

1259 1928 1380 1969 plinam
1398 1934 1431 1958 et
1449 1928 1597 1958 civitates
1616 1936 1692 1957 esse
1709 1923 1960 1965 tranquilliores.
1994 1923 2029 1955 Si
2047 1933 2112 1954 non
2133 1922 2221 1959 facit,

1260 1981 1325 2001 non
1349 1970 1543 2001 conturbent
1566 1969 1712 1998 ordinem
1738 1967 1879 1997 divinum
1904 1966 2036 2006 privati,
2063 1972 2133 1996 non*
2157 1975 2223 1996 mo-

1260 2018 1358 2043 veant
1379 2012 1574 2048 seditiones,
1601 2009 1776 2050 reprimant
1797 2008 1996 2038 iracundiam
2022 2014 2056 2038 et
2077 2005 2223 2037 dolorem

1261 2065 1370 2091 suum,
1410 2063 1512 2094 seque
1543 2052 1606 2084 hac
1638 2049 1864 2082 consolatione
1899 2054 2098 2086 sustentent,
2136 2048 2224 2089 quod

1261 2097 1368 2127 sciunt
1389 2095 1572 2127 Ecclesiam
1595 2094 1694 2124 certis
1715 2092 1755 2122 de
1783 2092 1912 2122 caussis
1939 2091 2120 2122 subiectam
2148 2098 2224 2121 esse

1261 2138 1350 2169 cruci
1374 2144 1406 2168 et
1427 2143 1532 2168 tamen
1553 2135 1626 2166 Deo
1649 2133 1796 2175 placere,
1826 2134 1889 2164 imo
1918 2132 2123 2164 tolerantiam
2143 2132 2224 2163 iniu-

1260 2181 1380 2211 riarum
1414 2186 1446 2210 et
1479 2179 1633 2209 saevitiae
1663 2176 1789 2207 alienae
1823 2175 2016 2206 sacrificium
2046 2183 2120 2205 esse
2149 2173 2223 2204 Deo

1261 2228 1399 2263 gratum.

1345 2263 1477 2294 Dictum
1510 2269 1561 2294 est
1593 2262 1690 2303 igitur
1723 2270 1824 2300 supra
1858 2259 2018 2300 duplicem
2051 2268 2127 2289 esse
2155 2257 2222 2288 vin—

1262 2307 1389 2337 dictam.
1429 2303 1544 2336 Altera
1566 2310 1617 2335 est
1640 2303 1803 2340 ordinata,
1827 2302 1859 2332 id
1881 2307 1948 2340 est,
1969 2299 2117 2340 publica,
2139 2309 2222 2339 quae

1261 2348 1295 2378 fit
1328 2357 1386 2388 per
1418 2347 1628 2388 Magistratus
1663 2351 1754 2376 certo
1789 2344 1917 2381 ordine,
1951 2343 2049 2374 certis
2082 2341 2220 2383 leg-ibus.

973 2497 1042 2526 corp.
1065 2495 1143 2520 1—8„
1163 2494 1221 2524 OW
1240 2478 1243 2523 l
1263 2476 1307 2506 62)
1328 2476 1384 2507 nec]
1406 2476 1477 2501 Editt.
1497 2476 1587 2500 1—15.
1609 2475 1647 2499 19.
1667 2480 1717 2499 non

1242 2535 1243 2539 ¹
1264 2526 1309 2553 63)
1330 2526 1419 2557 Aaron]
1440 2527 1511 2552 Editt.
1533 2526 1604 2549 1—3.
1625 2527 1646 2551 6.
1665 2525 1688 2547 7.
1707 2524 1730 2549 9.
1753 2524 1788 2547 12.
1810 2523 1909 2548 Abaton
