2358 2933
105 122 168 154 473

107 226 145 245 sa
173 215 213 245 de
251 214 412 254 baptismo
446 211 661 252 parvulorum
688 210 808 242 multos
838 211 961 241 habent
995 211 1108 241 erro-²

106 267 171 288 res.
754 254 845 284 Haec
869 259 947 283 nota
970 253 1084 283 iterum

107 298 272 340 significat
306 307 363 327 605
398 302 523 326 tantum
553 296 723 336 prophano
751 306 844 326 more
871 296 1016 325 iudicare
1045 295 1085 324 de

105 346 243 383 peccato
263 345 294 369 et
315 339 450 373 iustitia3
473 337 598 369 nullum
617 337 801 379 intelligunt
819 347 895 368 esse
914 342 1084 376 peccatum

106 384 168 414 nisi
190 380 330 412 actuale.
376 380 459 411 Cum
490 381 588 421 igitur
616 387 743 410 constet
765 380 1001 419 Anabaptistas
1030 379 1084 419 agi

105 424 247 456 fanatico
272 423 404 462 spiritu,
428 433 494 452 non
517 429 647 453 moveat
665 432 727 452 nos
752 432 866 452 eorum
889 421 1082 458 auctoritas,

105 473 141 498 ut
169 466 376 496 discedamus
406 474 426 494 a
449 465 613 495 communi
637 474 803 495 consensu
826 464 946 494 veteris
969 461 1085 494 Eccle-

106 510 176 540 siae
200 508 240 538 de
264 507 468 546 baptizandis
491 505 678 536 infantibus.

191 550 277 580 Nam
307 549 518 580 vetustissimi
546 549 729 588 scriptores
752 547 980 578 Ecclesiastici
1010 557 1085 587 pro-

105 594 184 623 bant
207 593 404 631 baptismum
427 589 595 621 infantum.
609 592 655 624 5⁹)
701 591 862 631 Origenes
887 590 972 620 enim
998 590 1030 619 in
1053 589 1083 618 6.

107 645 180 674 cap.
210 635 253 664 ad
279 633 374 663 Rom.
405 634 455 663 sic
482 633 606 662 scribit.
657 632 770 672 ltaque
799 639 829 662 et
859 631 1013 661 Ecclesia
1043 632 1083 661 ab

106 675 279 716 Apostolis
307 675 513 705 traditionem
540 675 686 714 accepit,
717 675 812 705 etiam
835 672 982 713 parvulis
1006 673 1085 703 dare

107 719 312 758 baptismum.
357 716 511 747 Sciebant
530 717 616 746 enim
634 715 692 753 illi,
715 717 832 757 quibus
856 722 987 746 secreta
1006 716 1085 746 din·-

105 770 222 790 norum
240 759 469 799 mysteriorum
479 760 523 791 ⁹⁰)
549 759 728 789 commissa
752 765 839 795 sunt,
863 758 951 798 quod
974 764 1085 788 essent

105 802 138 832 in
177 802 327 832 omnibus
367 801 530 841 genuinae
564 801 682 831 sordes
717 801 862 840 peccati,
908 810 992 840 quae
1025 810 1085 840 per

106 853 226 884 aquam
259 848 291 873 et
323 844 471 882 spiritum
504 841 630 873 aboleri
665 844 831 873 deberent.
884 842 975 873 Haec
1009 848 1086 872 sunt

107 885 261 926 Origenis
295 886 418 921 verba,
451 885 484 914 in
514 885 633 925 quibus
665 892 835 926 utrumque
869 890 1025 921 testatur,
1055 890 1086 914 et

106 928 267 967 baptizari
297 925 456 963 infantes,
489 933 518 956 et
542 929 700 968 consequi
725 938 783 958 eos
808 937 866 966 per
891 927 1085 966 baptismum

106 970 332 999 remissionem
355 969 482 1008 peccati
507 969 689 1009 originalis,
712 969 777 1000 hoc
801 975 861 1005 est,
879 968 1086 999 reconciliari

108 1021 166 1042 eos
185 1010 270 1041 Deo.

193 1052 379 1093 Cyprianus
416 1053 530 1083 scribit
558 1053 591 1083 in
625 1052 766 1083 concilio
797 1053 980 1084 damnatam
1010 1062 1085 1082 esse

106 1095 291 1135 opinionem
315 1095 496 1131 cuiusdam,
520 1095 574 1134 qui
598 1094 739 1125 infantes
763 1106 829 1125 non
852 1093 986 1125 volebat
1008 1101 1084 1124 ante

106 1142 260 1167 octavum
282 1136 368 1166 diem
391 1137 623 1176 baptizare-⁹¹7)
659 1136 796 1168 Censuit
821 1137 906 1167 enim
928 1137 1084 1177 Synodus

105 1176 246 1208 infantes
274 1178 491 1217 baptizandos
522 1188 616 1215 esse,
644 1189 707 1210 nec
737 1179 909 1210 observari
932 1184 1085 1219 oportere

105 1221 346 1261 praescriptum
366 1226 495 1259 tempus
519 1222 627 1251 octavi
650 1221 723 1252 diei.

191 1262 399 1303 Augustinus
424 1263 465 1293 de
490 1264 650 1302 baptismo
674 1270 788 1294 contra
810 1262 1004 1293 Donatistas
1026 1261 1082 1293 lib.

105 1305 136 1335 4.
159 1305 222 1335 ait:
245 1304 298 1335 De
322 1305 483 1345 baptismo
506 1304 732 1344 parvulorum,
756 1306 842 1346 quod
867 1306 1022 1335 universa
1039 1311 1084 1335 te-

105 1352 161 1377 net
182 1345 353 1384 Ecclesia,
381 1357 444 1378 nec
469 1346 626 1378 Conciliis
648 1349 846 1385 institutum,
870 1348 930 1378 sed
953 1357 1085 1387 semper

104 1395 266 1419 retentum
297 1396 363 1427 est,
396 1400 462 1420 non
490 1390 554 1420 nisi
577 1389 773 1430 Apostolica
790 1390 964 1421 autoritate
986 1390 1083 1420 tradi-

105 1436 187 1468 tum,
209 1432 393 1462 rectissime
416 1432 568 1463 creditur.

192 1473 282 1510 ltem,
305 1475 466 1505 veraciter
489 1475 655 1505 coniicere
670 1484 861 1515 possumus,
884 1474 963 1514 quid
975 1473 1084 1505 valeat

105 1515 138 1545 in
161 1514 308 1555 parvulis
332 1516 485 1555 baptismi
509 1516 758 1548 Sacramentum
776 1527 816 1547 ex
836 1517 1084 1547 circumcisione

106 1558 228 1595 carnis,
252 1568 349 1598 quam
371 1559 461 1598 prior
483 1558 624 1598 populus
648 1560 786 1598 accepit.

191 1599 283 1630 Haec
313 1605 344 1630 et
373 1599 491 1631 similia
520 1600 598 1631 loca
619 1607 780 1631 testantur
803 1607 945 1631 veterem
967 1599 1084 1631 Eccle-

105 1642 189 1673 siam
215 1643 402 1682 approbare
434 1643 629 1682 baptismum
658 1642 837 1673 infantium.
890 1642 982 1677 Quae
1010 1643 1084 1673 ideo

105 1685 315 1715 observanda
342 1691 435 1721 sunt,
463 1685 540 1725 quja
564 1683 711 1715 nonnulli
734 1686 948 1725 impostores,
979 1691 1014 1715 ut
1035 1683 1084 1715 fu—

106 1737 182 1757 cum
203 1725 324 1757 faciant
346 1726 518 1763 illiteratis,
542 1726 686 1768 allegant
703 1726 830 1764 Patres,
854 1728 947 1767 quasi
966 1727 1084 1766 impro-

106 1769 183 1799 bent
204 1769 402 1809 baptismum
424 1767 594 1806 infantum,
609 1771 653 1803 92)
686 1780 760 1800 611111
784 1770 915 1809 (1111(16111
938 1767 1083 1799 afficiant

91 1810 221 1841 <Patres
254 1811 375 1851 insigni
410 1812 536 1842 iniuria.
580 1811 709 1841 Deinde
744 1818 775 1842 et
807 1811 871 1841 1106
903 1812 1083 1841 observan-

93 1853 181 1883 dum
206 1859 266 1883 est.
310 1853 387 1884 Non
410 1859 461 1883 est
482 1860 597 1891 tutum,
621 1854 741 1894 dogma
763 1853 899 1894 aliquod
924 1854 1082 1892 recipere,

96 1896 199 1926 cuius
221 1905 360 1935 prorsus
382 1894 507 1927 nullum
531 1902 617 1926 extat
625 1898 669 1929 ⁹3>
693 1896 911 1926 testimonium
930 1896 962 1925 in
982 1896 1084 1926 veteri

101 1936 266 1968 Ecclesia.
981 1962 985 1964 ,

189 1979 257 2009 Sed
290 1980 450 2010 addamus
485 1981 581 2010 etiam
610 1981 775 2017 rationes,
810 1989 894 2020 quae
923 1986 1082 2011 testantur

101 2020 243 2051 infantes
279 2022 495 2061 baptizandos
532 2032 620 2052 esse.
676 2022 753 2053 Mea
787 2023 870 2052 ratio
900 2021 983 2052 haec
1018 2029 1080 2052 est.

102 2062 237 2094 Certum
260 2069 311 2093 est
334 2074 471 2104 regnum
494 2065 556 2095 Dei
581 2070 612 2094 et
634 2065 886 2105 promissionem
906 2063 1080 2105 Evangelii

101 2106 144 2136 ad
172 2115 295 2145 pueros
327 2107 499 2146 pertinere.
544 2106 621 2136 Non
651 2113 700 2137 est
723 2113 831 2137 autem
851 2112 941 2136 extra
963 2106 1081 2137 Eccle-

100 2148 184 2178 siam
208 2146 312 2184 salus,
335 2149 391 2179 ubi
414 2159 476 2179 nec
500 2149 636 2180 verbum
660 2159 721 2179 1166
746 2148 995 2190 Sacramentum
1019 2154 1079 2179 est.

216 256 346 296 Negant
366 259 540 294 peccatum
563 255 709 294 originis,

101 2301 146 2330 89)
166 2300 304 2331 infantum]
324 2301 395 2325 Editt.
416 2302 437 2325 7,
457 2302 478 2324 8.
500 2301 599 2325 11—14
617 2304 641 2325 et
661 2301 736 2330 opp-z
755 2301 896 2326 infantium.

101 2352 147 2380 90)
167 2351 358 2381 mysteriorum]
386 2351 427 2375 Ed.
459 2353 478 2375 1.
506 2351 599 2381 typoth.
628 2356 730 2375 errore:
759 2352 972 2380 mynisteriorum.
991 2352 1033 2376 Ed.
1053 2353 1076 2376 5.

170 2385 367 2409 ministeriorum

102 2435 147 2464 91)
166 2435 307 2465 baptizare]
327 2436 398 2460 Editt.
419 2437 440 2460 7.
459 2436 484 2459 S.
507 2436 613 2459 11-14.
633 2437 657 2458 et
678 2435 747 2464 opu:
766 2436 888 2465 baptizari

101 2484 147 2515 92)
168 2485 313 2515 infantum]
333 2486 404 2510 Editt.
424 2486 445 2509 7.
465 2486 488 2509 8.
512 2486 616 2509 11—14.
636 2488 660 2509 et
680 2486 752 2514 Onu:
771 2485 913 2512 infantium.

104 2534 149 2563 93)
170 2536 250 2564 extat]
268 2536 340 2560 Editt.
357 2537 392 2559 12.
415 2537 455 2560 13.
476 2538 543 2559 extet

555 121 578 150 l.
602 119 705 150 LOCI
727 118 1008 150 THEOLOGICI:
1029 119 1065 149 C.
1091 119 1303 152 SECUNDA
1324 121 1480 153 EORUM
1504 122 1660 153 AETAS.

1122 2319 1211 2348 reiici
1242 2329 1260 2348 a
1290 2317 1373 2348 Deo.

1121 2360 1295 2391 Ecclesiae
1304 2359 1378 2396 Dei,
1397 2361 1481 2390 516111
1495 2371 1580 2391 1111116
1593 2361 1792 2401 Baptismus.
1817 2362 1857 2392 Et
1869 2363 1901 2392 in
1915 2372 2041 2393 summa
2055 2363 2094 2393 de

1121 2403 1249 2433 Minore
1274 2408 1396 2432 certum
1421 2408 1480 2438 est,
1503 2413 1625 2440 pueros
1648 2404 1679 2433 in
1703 2403 1856 2434 Ecclesia
1878 2404 1990 2435 salvos
2015 2404 2093 2435 fieri.

2042 124 2104 155 474

1128 211 1218 253 Ergo
1242 215 1334 252 pueri
1353 215 1518 244 inserendi
1541 221 1616 245 sunt
1628 214 1811 253 Ecclesiae,
1835 224 1866 247 et
1883 217 2103 249 adhibendum

1129 260 1178 284 est
1202 256 1343 295 signum,
1367 257 1454 296 quod
1478 263 1615 288 testatur
1636 258 1678 287 ad
1702 268 1760 288 eos
1782 259 1945 297 pertinere
1967 261 2104 299 promis-

1128 305 1263 327 Slonelll.

1214 338 1322 368 Maior
1345 345 1395 369 est
1418 346 1524 369 certa:
1550 340 1647 374 Quod
1669 341 1711 370 ad
1734 351 1854 381 pueros
1877 343 2037 382 pertineat
2056 354 2104 373 re-

1129 390 1230 420 gumn
1253 380 1375 410 Christi
1399 388 1429 411 et
1452 383 1627 421 promissio
1651 382 1842 423 Evangelii:
1865 385 1941 424 quia
1954 384 2105 415 Clu-istus

1128 423 1229 462 inquit
1256 422 1382 459 [Matth.
1409 423 1459 459 19,
1485 424 1567 461 14.];
1609 423 1736 454 Talium
1761 431 1810 455 est
1834 436 1972 466 regnum
1996 427 2105 457 coelo-

1128 475 1209 495 rum.
1256 464 1333 494 Item
1357 464 1483 501 [Matth.
1510 466 1560 502 18,
1586 466 1667 502 144:
1709 467 1783 497 Non
1807 473 1857 497 651
1875 466 2027 498 voluntas
2051 479 2105 499 co-

1128 517 1197 536 ram
1221 506 1318 536 Patre
1337 513 1467 544 vestro,
1488 508 1543 547 qui
1566 508 1598 536 in
1623 507 1726 537 coelis
1750 514 1811 545 651,
1835 515 1868 539 ut
1887 516 1998 549 pereat
2021 519 2105 541 unus

1129 549 1170 578 (16
1189 547 1319 588 pusillis
1344 550 1425 578 istis.
1461 549 1545 579 Nam
1568 549 1652 579 haec
1669 549 1745 580 loca
1768 560 1833 580 non
1856 557 1995 590 possunt
2019 551 2104 582 eludi

1128 591 1191 620 hac
1217 589 1442 626 cavillatione,
1472 591 1561 631 quod
1585 590 1738 621 Christus
1762 592 1815 622 hic
1841 592 1921 622 nihil
1944 594 2107 633 promittat

1128 633 1257 673 pueris,
1287 632 1345 662 sed
1375 638 1500 663 tantum
1524 631 1601 662 velit
1624 643 1686 663 nos
1710 634 1826 664 imitari
1849 644 1962 665 eorum
1985 634 2106 675 simpli-

1129 675 1269 705 citatem.
1314 674 1406 704 Haec
1431 673 1594 704 cavillatio
1618 685 1755 715 prorsus
1785 676 1891 706 inanis
1915 684 1974 707 est.
2020 677 2106 709 Con-

1129 723 1194 747 stat
1218 716 1303 746 enim
1326 717 1359 746 in
1377 715 1442 746 illis
1462 715 1546 746 locis
1571 727 1649 747 vere
1673 718 1713 747 (16
1736 724 1842 748 aetate
1864 718 2010 759 parvulis
2030 721 2103 751 dici.

1127 758 1169 789 Et
1192 757 1343 788 Christus
1366 759 1467 799 inquit
1488 758 1614 795 [Matth.
1640 759 1697 796 18,
1723 759 1803 798 10.]:
1847 760 1967 801 Angeli
1991 772 2105 793 eorum

1128 801 1239 831 vident
1260 799 1379 830 faciem
1402 800 1520 830 Patris.
1566 801 1677 835 Quare
1700 807 1837 833 testatur
1860 813 1917 833 605
1940 803 2014 834 Deo
2037 803 2105 844 pla-

1128 853 1204 874 cere
1228 848 1258 873 et
1282 843 1438 873 custodiri
1460 853 1519 883 per
1541 842 1702 883 Angelos.
1747 843 1787 874 Et
1811 845 1887 885 quid
1910 851 2019 885 potest
2042 846 2106 877 dici

1129 884 1272 917 clarius?
1316 885 1390 914 Non
1416 890 1465 915 est
1489 884 1641 916 voluntas
1664 886 1739 922 Dei,
1763 893 1797 916 ut
1822 893 1933 927 pereat
1957 897 2041 919 unus
2065 889 2106 919 de

1127 926 1256 968 pusillis
1287 927 1368 957 istis.
1420 927 1510 957 Haec
1540 928 1699 958 sententia
1732 927 1855 959 clarum
1885 930 2104 960 testimonium

1128 968 1303 1000 Ecclesiae
1326 969 1478 1009 proponit
1502 970 1543 999 de
1566 969 1671 1000 salute
1695 980 1890 1010 puerorum:
1936 978 1967 1001 et
1990 973 2104 1013 gratis-

1129 1013 1210 1042 sima
1244 1011 1341 1040 nohis
1376 1021 1453 1041 esse
1487 1012 1594 1048 debet,
1630 1018 1660 1042 et
1700 1011 1873 1053 diligenter
1905 1013 2102 1045 inculcanda

1129 1059 1179 1084 est
1202 1054 1326 1093 primae
1350 1054 1460 1090 aetati,
1483 1060 1517 1083 ut
1542 1064 1638 1094 quani
1662 1055 1841 1085 diutissime
1860 1056 1996 1087 retineat
2016 1056 2102 1088 hanc

1127 1096 1391 1136 promissionem.
1443 1095 1623 1126 Confirmat
1647 1097 1804 1127 Maiorem
1835 1098 1930 1128 etiam
1960 1098 2030 1129 Lex
2063 1100 2104 1130 de

1129 1137 1404 1173 circumcisione,
1429 1138 1482 1168 ubi
1508 1138 1584 1167 dicit.
1608 1138 1707 1176 [Gen.
1734 1139 1789 1175 17,
1813 1140 1874 1177 7.]:
1920 1140 1986 1171 Ero
2008 1141 2101 1172 Deus

1129 1190 1252 1210 eorum.
1298 1179 1452 1210 Testatur
1483 1181 1567 1210 enim
1592 1180 1685 1211 Deus
1715 1191 1751 1211 56
1774 1181 1840 1211 11115
1862 1180 1986 1220 favere,
2017 1193 2101 1223 quos

1126 1223 1217 1252 iubet
1247 1222 1452 1252 circumcidi:
1497 1223 1587 1252 iubet
1614 1229 1723 1253 autem
1747 1229 1777 1253 et
1800 1222 1942 1254 infantes
1966 1226 2102 1256 circum-

1128 1264 1201 1294 cidi.
1247 1263 1314 1294 Sed
1342 1265 1492 1294 existimo
1522 1265 1577 1294 vix
1605 1275 1792 1306 quenquam
1815 1276 1900 1303 esse,
1923 1268 1979 1307 qui
2001 1267 2103 1298 Maio-

1127 1316 1197 1336 rem
1230 1307 1317 1336 ausit
1349 1306 1381 1335 in
1415 1306 1548 1337 dubium
1589 1317 1728 1343 vocare3
1773 1315 1804 1338 et
1837 1314 1945 1339 tamen
1978 1308 2103 1340 Maiore

1128 1348 1314 1385 constituta,
1337 1347 1463 1389 reliqua
1487 1347 1617 1379 defendi
1640 1348 1737 1380 facile
1760 1357 1910 1391 possunt.

1213 1390 1423 1421 Accedamus
1458 1391 1556 1431 igitur
1589 1391 1630 1421 ad
1664 1391 1834 1423 Minorem.
1896 1392 2004 1424 Minor
2037 1399 2101 1424 est:

1128 1432 1225 1467 Quod
1258 1443 1325 1463 non
1360 1434 1402 1463 sit
1436 1433 1528 1463 salus
1563 1439 1654 1463 extra
1675 1433 1878 1473 Ecclesiam,
1911 1436 1967 1466 ubi
1995 1445 2103 1477 neque

1128 1476 1265 1506 verbum
1293 1484 1401 1515 neque
1425 1475 1640 1506 Sacramenta
1663 1482 1749 1507 sunt.
1795 1477 1830 1506 111
1853 1477 1917 1508 hac
1940 1479 2103 1510 sententia

1126 1516 1224 1547 facile
1256 1523 1395 1557 possunt
1419 1518 1600 1548 adversarii
1623 1517 1773 1554 refutari3
1815 1520 1890 1560 quia
1913 1521 2009 1550 nobis
2033 1531 2101 1552 cer-

1127 1564 1195 1590 tum
1225 1566 1275 1590 est
1304 1561 1337 1590 in
1358 1559 1512 1590 Ecclesia
1542 1559 1680 1591 salutem
1709 1570 1794 1591 esse.
1840 1561 1906 1602 Ipsi
1934 1572 2013 1593 vero
2036 1574 2101 1594 non

1127 1608 1268 1641 possunt
1295 1602 1489 1639 ostendere,
1518 1602 1658 1633 salutem
1688 1609 1779 1634 extra
1801 1603 1987 1635 Ecclesiam
2017 1615 2101 1636 esse.

1128 1643 1224 1678 Quod
1246 1654 1327 1674 vero
1340 1654 1406 1674 non
1423 1645 1465 1674 sit
1477 1651 1568 1674 extra
1586 1644 1771 1676 Ecclesiam
1789 1645 1892 1683 salus,
1905 1653 2032 1678 constat
2040 1650 2102 1684 ⁹⁴);

1128 1687 1203 1726 quia
1226 1685 1378 1716 Ecclesia
1401 1692 1451 1716 est
1473 1696 1610 1727 regnum
1633 1686 1773 1724 Christi,
1807 1688 1838 1718 in
1862 1699 1925 1729 qua
1950 1688 2100 1721 Christus

1128 1733 1177 1757 est
1207 1726 1327 1758 efficax
1354 1738 1413 1767 per
1442 1730 1580 1759 verbum
1603 1735 1636 1759 et
1657 1739 1718 1769 per
1740 1729 1963 1761 Sacramenta.
2009 1731 2101 1762 Sicut

1127 1768 1250 1800 Paulus
1284 1771 1386 1810 inquit
1420 1769 1502 1810 Eph.
1539 1774 1566 1801 5.
1604 1774 1666 1807 {vs.
1690 1772 1758 1809 25.]
1805 1772 1956 1803 Christus
1991 1773 2101 1804 dilexit

1127 1811 1325 1849 Ecclesiam,
1360 1818 1390 1841 et
1423 1822 1460 1843 se
1493 1814 1600 1852 ipsum
1634 1824 1694 1852 pro
1725 1824 1764 1844 ea
1786 1815 1933 1852 tradidit,
1966 1821 2001 1846 ut
2029 1826 2100 1846 eam

1127 1854 1325 1890 sanctificet,
1349 1855 1510 1884 mundans
1536 1865 1607 1885 eam
1634 1854 1768 1887 lavacro
1792 1867 1897 1897 aquae
1920 1862 1982 1888 etc.
2026 1858 2099 1888 Non

1126 1896 1282 1926 describit
1305 1895 1489 1926 Ecclesiam
1513 1897 1584 1927 sine
1606 1898 1709 1938 signis
1733 1905 1764 1928 et
1786 1899 1856 1929 sine
1879 1900 1999 1935 verbo3
2022 1900 2099 1931 ldeo

1127 1944 1157 1968 et
1190 1937 1254 1968 alio
1288 1938 1364 1968 loco
1398 1939 1475 1969 dicit
1505 1940 1594 1976 [ibid.
1627 1941 1660 1976 4,
1682 1940 1744 1978 4.]:
1778 1940 1885 1971 Unum
1915 1952 2036 1981 corpus
2068 1949 2099 1972 et

1124 1991 1211 2011 unus
1235 1981 1381 2020 spiritus,
1411 1991 1495 2011 unus
1519 1981 1694 2020 Dominus,
1717 1993 1782 2013 una
1803 1982 1897 2021 fides,
1921 1994 2019 2014 unum
2043 1986 2098 2015 ba-

1124 2023 1252 2062 ptisma.
1298 2022 1390 2053 Haec
1414 2024 1522 2054 omnia
1545 2029 1721 2062 testantur,
1744 2024 1818 2062 hos,
1842 2026 1896 2065 qui
1919 2026 1961 2055 ad
1983 2025 2098 2057 Eccle-

1125 2065 1206 2095 siam
1229 2065 1406 2104 pertinent,
1436 2066 1530 2106 signo
1556 2067 1650 2096 etiam
1679 2067 1790 2107 aliquo
1819 2073 1952 2097 externo
1982 2068 2097 2100 Eccle-

1125 2108 1194 2137 siae
1223 2108 1363 2137 insertos
1388 2117 1474 2137 esse.
1521 2107 1672 2139 Testatur
1694 2110 1779 2139 idem
1802 2109 1896 2140 locus
1920 2111 1951 2139 in
1976 2110 2096 2141 Genesi

1125 2150 1189 2186 117,
1214 2149 1276 2187 144
1302 2149 1342 2179 de
1366 2150 1626 2181 circumcisione.
1672 2150 1856 2189 Masculus,
1887 2153 1981 2183 cuius
2003 2163 2097 2193 prae-

1122 2192 1203 2232 putii
1239 2202 1316 2222 caro
1344 2202 1410 2221 non
1436 2190 1532 2222 fuerit
1562 2194 1773 2230 circumcisa,
1802 2193 1961 2225 delebitur
1990 2196 2097 2226 anima

1122 2233 1179 2264 illa
1212 2235 1252 2264 (16
1286 2233 1424 2273 populo.
1460 2236 1535 2274 quia
1562 2242 1695 2274 pactum
1724 2246 1829 2266 meum
1859 2237 1981 2267 irritum
2009 2236 2094 2268 facit.

1123 2276 1184 2306 Hic
1214 2275 1305 2307 clare
1334 2277 1518 2315 pronuntiat
1549 2287 1637 2314 eum.
1665 2278 1719 2317 qui
1748 2279 1875 2318 signum
1899 2289 1964 2309 non
1987 2279 2095 2316 habet,

1419 2317 1492 2348 Fuit
1523 2324 1630 2350 autem
1660 2326 1689 2349 et
1720 2319 1934 2350 Circumcisio
1965 2322 2095 2362 signum

1120 2536 1165 2563 94)
1186 2535 1294 2565 constat]
1316 2535 1358 2559 Ed.
1382 2536 1430 2559 tr:
1452 2539 1550 2561 constet
