2358 2933
135 133 218 167 1073

134 228 225 267 [ibid.
255 237 306 259 vs.
329 226 415 265 293:
441 225 558 257 Omnis
580 227 700 264 anima,
724 237 809 268 quae
831 225 946 259 fecerit
965 227 1122 268 quiddam

132 271 249 303 harum
285 270 582 307 abominationum,
617 268 767 301 deleatur
801 280 842 301 ex
876 270 943 301 hoc
978 269 1114 311 populo.

133 314 225 346 Haec
247 313 402 344 mandata
424 321 526 351 saepe
549 312 689 352 repetita
711 318 798 350 sunt,
823 318 859 343 ut
883 313 923 343 de
946 312 1114 344 adulteriis

134 357 253 388 dicitur
274 356 306 386 in
329 354 428 386 Deut.
454 364 526 395 cap.
549 355 602 384 22.
628 358 692 393 [vs-
715 355 781 393 22]
817 355 852 386 Si
876 356 1044 386 dormierit
1067 357 1116 386 vir

134 410 207 431 cum
230 408 334 430 uxore
357 396 506 434 alterius,
528 403 669 437 uterque
690 396 917 436 interficiatur,
942 398 1115 429 adulteret

132 441 302 477 adultera3
326 440 367 471 Et
390 438 523 471 auferes
545 438 667 470 malum
691 450 731 470 ex
750 439 865 470 Israel.

219 482 406 515 Dolendum
429 487 481 513 est
498 487 624 520 autem,
647 482 681 512 in
703 481 813 512 multis
836 481 919 513 locis
942 483 1115 525 magistra-

133 533 187 558 tus
217 528 250 557 in
279 526 342 557 hac
375 530 467 556 tanta
489 534 526 555 re
549 526 721 566 segniores
745 535 832 562 esse,
853 536 990 566 quorum
1014 524 1114 567 negli-

133 570 245 611 gentia
278 570 384 610 magis
418 568 523 598 irritat
556 568 638 598 iram
666 567 740 598 Dei.
786 568 896 609 Atque
920 569 965 599 ita
987 579 1115 609 poenae

133 614 164 644 in
184 622 306 654 genere
330 611 473 645 humano
494 609 717 648 cumulantur,
740 616 775 641 ut
798 617 935 651 apparet
959 612 990 641 in
1012 610 1114 642 histo-

131 656 181 686 ria
204 656 309 686 tribus
322 654 504 690 Beniamin,
528 663 612 694 quae
634 663 739 693 paene
762 651 907 684 funditus
932 652 1039 684 deleta
1051 660 1113 691 est,

131 697 209 739 quia
228 703 379 738 stuprum
396 697 510 727 uxoris
533 696 669 726 Levitae
691 696 806 736 punire
829 696 944 727 noluit.
960 698 1004 734 3⁴)

219 739 446 771 Certissimum
469 744 520 770 est
542 740 626 769 enirn
650 738 757 770 Deum
781 740 896 779 punire
918 749 1023 781 vagas
1043 737 1114 769 libi-

132 783 227 814 dines
250 792 377 819 omnes,
401 782 498 813 etiam
522 792 595 812 cum
619 788 752 812 cessant
774 781 1008 823 Magistratus,
1039 782 1113 822 quia

132 825 270 857 castitas
295 830 327 855 et
348 825 469 855 iustitia
486 824 549 856 Dei
572 825 704 855 immota
727 831 777 855 est
800 831 832 855 et
855 824 941 856 hanc
964 823 1114 866 regulam

132 877 263 910 semper
280 873 390 899 tuetur
414 867 527 904 [Hebr.
553 867 604 904 13,
627 867 690 905 4.]:
737 867 948 898 Scortatores
972 873 1004 898 et
1022 865 1114 897 adul-

133 917 222 942 teros
257 911 347 952 punit
380 909 486 941 Deus.
551 909 745 951 Quanquam
786 917 896 941 autem
941 909 1113 941 conversis

132 952 227 984 Deus
261 958 398 994 propter
420 952 539 984 Filium
568 963 695 993 poenas
720 954 864 994 mitigat,
898 959 933 983 ut
952 953 1114 984 Davidem

131 1006 198 1027 non
223 996 299 1026 sinit
320 1006 458 1036 prorsus
478 996 633 1037 extingui,
658 1006 720 1026 nec
744 996 895 1026 accendit
907 1001 1008 1026 totam
1022 996 1114 1031 iram,

132 1044 167 1070 ut
190 1037 313 1070 Psalmi
337 1039 407 1076 177,
431 1038 495 1077 38]
523 1039 633 1069 verbis
661 1045 750 1074 utar3
790 1045 899 1069 tamen
924 1043 1048 1079 quanta
1072 1038 1115 1067 sit

131 1080 237 1112 moles
266 1092 466 1123 poenarum,
500 1082 686 1112 considera.
732 1080 867 1112 Familia
890 1079 1045 1122 polluitur
1068 1081 1114 1110 in-

132 1130 226 1155 cesta
250 1125 491 1162 commixtione,
515 1123 587 1155 Filii
609 1125 693 1155 inter
716 1134 753 1155 se
776 1125 941 1162 dimicant,
965 1124 1064 1154 Pater
1082 1123 1115 1152 in

131 1166 265 1198 exilium
297 1166 448 1208 pellitur,
492 1166 583 1198 Mota
614 1168 773 1198 seditione
808 1166 893 1197 filius
928 1173 961 1197 et
996 1175 1115 1206 magna

131 1208 302 1241 multitudo
327 1211 446 1241 civium
464 1210 717 1247 interficiuntur,
729 1210 903 1240 Matronae
919 1209 1029 1249 regiae
1041 1207 1114 1238 Deo

132 1251 272 1286 dilectae
306 1252 500 1292 polluuntur
534 1252 661 1282 scelere
696 1251 761 1282 lilii.
827 1251 934 1282 Multo
970 1251 1115 1281 tristiora

132 1300 227 1325 erant
249 1294 331 1324 haec
350 1301 433 1324 tetra
456 1293 542 1323 mala
565 1294 701 1330 Davidi,
738 1304 834 1334 quam
857 1304 948 1323 mors
968 1294 1017 1323 sui
1044 1302 1115 1321 ror·

131 1337 221 1377 poris
255 1335 365 1366 futura
394 1341 475 1366 erat.
522 1335 589 1365 Sed
622 1342 796 1375 utrumque
831 1336 973 1365 ostendit
1009 1334 1113 1369 Deus,

131 1389 210 1410 vere
234 1388 272 1409 se
290 1379 388 1408 irasci
412 1376 595 1408 sceleribus
620 1384 651 1407 et
676 1387 713 1407 ea
737 1377 862 1416 punire.
888 1383 919 1407 et
943 1383 1052 1407 tamen
1071 1378 1114 1406 ab

132 1421 275 1452 aeternis
299 1421 416 1460 poenis
436 1420 562 1459 eripere
583 1430 652 1457 eos,
676 1420 730 1460 qui
753 1419 795 1449 ad
818 1419 933 1449 Filium
956 1419 1115 1449 Mediato-

132 1474 201 1495 rem
226 1462 429 1504 confugiunt,
452 1463 485 1492 in
509 1471 605 1503 quem
629 1463 732 1492 maior
755 1471 863 1502 poena
881 1462 1030 1491 derivata
1043 1459 1113 1497 fuit,

134 1516 218 1548 quae
241 1512 293 1537 est
316 1506 455 1546 pretium
478 1515 538 1545 pro
562 1505 670 1535 nobis.

220 1548 311 1579 Haec
345 1548 494 1579 doctrina
518 1554 548 1578 et
573 1548 613 1578 de
637 1548 756 1588 poenis
777 1553 807 1578 et
833 1547 872 1578 de
898 1546 1115 1577 conversione

134 1591 286 1623 omnibus
314 1591 491 1633 cogitanda
515 1596 575 1621 est.
622 1590 673 1622 Ac
696 1589 849 1620 hortandi
872 1596 903 1620 et
927 1589 1115 1620 obtestandi

133 1640 211 1665 sunt
232 1634 469 1676 Magistratus,
498 1640 532 1664 ut
556 1633 621 1664 sint
644 1643 808 1664 memores
831 1633 975 1663 mandati
999 1642 1017 1662 a
1042 1632 1115 1662 Deo

132 1676 249 1715 officii,
284 1678 427 1718 cogitent
456 1675 563 1707 Deum
595 1682 722 1707 castum
749 1681 780 1706 et
807 1676 927 1706 iustum
956 1685 1050 1712 esse,
1085 1680 1116 1705 et

132 1730 208 1751 sese
231 1721 263 1751 in
286 1730 420 1751 munere
444 1720 554 1750 divino
578 1718 763 1750 collocatos
787 1728 875 1755 esse,
899 1724 933 1748 ut
957 1719 1021 1748 sint
1039 1718 1115 1748 ima-

132 1773 177 1806 go
200 1763 281 1801 Dei,
313 1764 377 1794 sint
407 1763 489 1793 casti
519 1768 549 1793 et
579 1763 672 1800 iusti,
703 1767 734 1792 et
759 1767 911 1792 tueantur
933 1761 965 1791 in
993 1758 1115 1801 populo

133 1806 321 1837 castitatem
357 1812 387 1836 et
422 1806 586 1836 iustitiam.
643 1804 735 1835 Haec
770 1803 879 1835 officia
915 1810 989 1834 sunt
1021 1809 1117 1845 grata

132 1848 207 1880 Deo
227 1855 259 1879 et
283 1847 442 1879 salutaria
465 1848 741 1889 gubernatoribus
767 1854 796 1878 et
820 1846 953 1888 populo.

218 1899 253 1930 In
266 1899 375 1930 multis
389 1900 579 1941 regionibus
592 1898 716 1940 politici
730 1899 971 1941 gubernatores
979 1897 1116 1933 ide034a)

131 1941 391 1985 negligentiores
426 1950 500 1973 sunt
536 1943 568 1973 in
600 1940 793 1972 defensione
824 1941 1004 1978 castitatis,
1041 1941 1117 1981 quia

136 1996 259 2027 magna
288 1995 327 2015 ex
358 1992 451 2025 parte
486 1985 572 2016 hanc
608 1995 720 2016 curam
754 1985 900 2015 reiiciunt
935 1984 977 2014 ad
1010 1982 1117 2013 forum

136 2028 388 2069 Episcoporum.
434 2027 502 2058 Sed
533 2038 606 2058 cum
636 2027 701 2058 alia
734 2028 895 2069 quaedam
928 2028 972 2057 ibi
1003 2033 1118 2057 contra

136 2081 285 2102 normam
317 2081 335 2101 a
358 2070 432 2101 Deo
461 2071 612 2101 traditam
641 2070 739 2109 fiunt,
770 2077 837 2101 tum
860 2080 940 2101 vero
971 2070 1116 2110 ipsorum

137 2113 230 2155 leges
250 2114 427 2154 impediunt
445 2114 550 2144 iustas
569 2123 707 2154 poenas,
730 2114 805 2155 quia
824 2123 889 2144 non
908 2119 983 2144 sunt
1003 2112 1118 2143 armati

136 2156 260 2199 gladio.
307 2156 482 2187 Praeterea
508 2167 581 2187 cum
609 2157 671 2197 ipsi
696 2157 821 2187 iudices
852 2156 896 2187 ibi
925 2155 1117 2197 plerumque

137 2200 350 2231 contaminati
372 2200 437 2230 sint
460 2200 555 2242 vagis
577 2198 778 2238 libidinibus,
802 2200 907 2230 minus
931 2200 1119 2230 irascuntur

137 2241 313 2280 similibus,
336 2248 371 2273 ut
395 2243 473 2274 dicit
495 2241 696 2273 Aristoteles
711 2244 758 2282 3⁵)
784 2243 890 2273 citans
915 2241 1117 2283 Euripidem:
1139 2237 1141 2260 ³

136 2286 284 2326 οἱφαῦλοι
296 2286 422 2325 φαύλοις
435 2285 523 2323 ἡδεῖς,
541 2288 591 2315 καὶ
609 2284 699 2321 κακὸς
716 2286 799 2327 κακῷ
816 2289 993 2323 συντέτηκεν.
1017 2284 1117 2316 Inter-

136 2381 182 2411 34)
202 2381 283 2406 noluit
302 2381 370 2411 (scil.
390 2381 470 2405 tribus
491 2379 652 2411 Beniamin).]
674 2378 745 2404 Editt.
764 2379 805 2402 22.
825 2380 865 2403 24.
887 2380 926 2404 28.
946 2380 986 2402 29.
1007 2379 1117 2402 31-33.

205 2416 284 2440 voluit
303 2416 369 2446 (scil.
390 2415 479 2446 Deus).

135 2467 195 2497 34³)
215 2465 282 2497 ideo]
307 2467 378 2497 corp,
400 2467 422 2489 2.
442 2466 465 2489 4.
486 2466 551 2490 adeo

134 2517 181 2548 35)
202 2517 352 2543 Aristoteles
372 2518 455 2547 Magn.
473 2517 559 2542 Moral.
578 2517 605 2544 II,
627 2518 666 2540 11.
687 2517 740 2542 Eth.
761 2516 865 2542 Eadem.
885 2517 942 2543 VIII.
963 2517 996 2542 2..
1015 2523 1045 2541 ex
1065 2518 1118 2547 qui-

205 2553 252 2577 bus
283 2552 354 2576 libris
384 2552 477 2576 verba:
513 2548 607 2577 Κτικός·
627 2551 701 2584 κακῷ
727 2548 781 2583 γάρ
809 2549 969 2579 συντέτηκεν
993 2548 1083 2583 ἡδονῇ.
1103 2557 1117 2575 a

204 2587 348 2616 Musgrario
368 2586 434 2611 inter
452 2586 575 2616 Euripidis
595 2585 741 2615 fragmenta
760 2593 780 2610 s.
799 2592 822 2610 n.
844 2586 910 2610 CVII.
931 2585 1087 2610 referuntur.

288 2644 433 2663 MELANHT.
450 2644 510 2663 OPR.
535 2644 598 2662 VOL.
613 2642 667 2662 XXI.

607 133 630 164 1.
653 132 757 166 LOCI
778 132 1059 166 THEOLOGICI:
1082 133 1124 165 D.
1146 133 1306 165 TERTIA
1327 132 1485 165 EORUM
1507 131 1662 164 AETAS.

1139 2278 1141 2290 I

1139 2331 1141 2343 l

2054 129 2136 161 1074

1157 228 1234 259 dum
1252 238 1272 259 a
1288 228 1418 259 miseris
1438 225 1636 258 mulierculis
1651 225 1774 267 aliquid
1791 225 1954 256 abradunt
1965 225 2134 265 pecuniae.

1157 270 1193 301 ln
1215 270 1335 302 talibus
1358 271 1486 301 iudiciis
1510 275 1634 300 tantum
1656 269 1810 299 irridetur
1832 267 1936 298 Deus.

1244 313 1317 344 Sint
1336 313 1436 354 igitur
1454 318 1543 342 recte
1562 312 1741 343 constituta
1759 311 1878 342 iudicia
1896 311 1936 341 de
1949 309 2137 352 Coniugiis;

1157 355 1311 386 Potestas
1335 355 1469 396 politica
1493 355 1651 396 adiungat
1679 355 1742 384 sibi
1772 354 1889 384 doctos
1917 359 1947 384 et
1977 352 2136 383 honestos

1157 399 1248 429 viros
1272 397 1398 429 electos
1427 408 1468 428 ex
1497 403 1565 427 toto
1596 406 1736 436 corpore
1759 395 1948 433 Ecclesiae,
1979 401 2010 426 et
2036 397 2137 426 rebus

1157 442 1320 482 inquisitis
1340 447 1372 471 et
1390 446 1480 471 recte
1500 440 1640 480 cognitis
1657 440 1855 479 pronuntiet,
1874 444 1905 469 et
1925 439 1956 469 in
1973 439 2137 478 puniendo

1158 485 1199 514 sit
1223 484 1371 514 ministra
1390 482 1464 520 Dei,
1488 481 1581 513 tollat
1604 492 1645 512 ex
1665 483 1730 512 vita
1749 492 1864 512 omnes
1884 480 2031 522 pollutos
2051 491 2137 511 com-

1158 527 1384 563 mixtionibus,
1416 536 1500 566 quae
1530 535 1602 555 cum
1631 530 1749 555 natura
1778 530 1944 565 pugnant,
1978 525 2138 561 incestos,

1157 568 1340 606 adulteros,
1365 573 1527 608 raptores,
1551 567 1753 604 desertoreS,
1780 565 1947 597 adulteras
1972 572 2005 597 et
2028 567 2138 597 deser-

1157 612 1276 649 trices,
1305 622 1346 642 ne
1368 610 1462 649 Deus
1490 616 1579 640 totas
1607 610 1710 640 urbes
1739 615 1771 639 et
1802 616 1917 650 gentes
1948 615 1980 640 et
2002 615 2138 650 propter

1156 654 1239 685 haec
1266 655 1339 695 ipsa
1369 652 1498 683 scelera
1529 658 1560 682 et
1589 658 1727 692 propter
1751 651 2006 693 Magistratuum
2035 651 2138 694 negli-

1157 698 1302 738 gentiam
1325 695 1444 727 deleat.

1243 739 1429 769 Ostendant
1452 738 1549 768 etiam
1572 736 1703 768 honesti
1727 738 1969 778 gubernatores
1993 747 2138 768 amorem

1157 782 1325 813 Castitatis
1344 782 1377 812 in
1397 780 1590 811 defensione
1610 780 1763 821 coniugii,
1798 779 1953 810 aboleant
1971 780 2087 820 impias
2107 785 2139 810 et

1158 824 1340 856 diabolicas
1370 824 1464 866 leges
1492 823 1733 863 Episcoporum
1763 823 1803 853 de
1834 821 1999 854 coelibatu
2023 822 2139 853 Sacer-

1158 869 1269 899 dotum
1292 874 1324 898 et
1348 867 1532 898 concedant
1555 866 1643 906 pium
1674 866 1860 906 coniugium
1889 866 2056 902 omnibus,
2085 866 2140 906 qui

1157 911 1198 941 ad
1221 911 1254 941 id
1276 911 1364 941 vitae
1388 919 1492 951 genus
1516 909 1626 939 idonei
1649 915 1736 946 sunt,
1759 909 1849 938 iuxta
1870 907 1976 949 legem
1997 909 2140 939 divinam

1158 952 1461 993 [1.Cor.7‚⁶2.]‹·“›⁶):
1486 951 1723 992 Unusquisque
1745 950 1864 981 habeat
1887 961 2022 982 uxorem
2045 961 2140 981 suam

1158 996 1310 1026 vitandae
1334 995 1547 1026 scortationis
1572 1004 1705 1024 caussa.

1244 1038 1459 1079 Magistratus
1495 1047 1569 1067 cum
1605 1037 1647 1066 sit
1681 1037 1790 1077 imago
1825 1043 1856 1068 et
1886 1037 2032 1067 minister
2064 1035 2139 1073 Dei,

1157 1088 1243 1112 amet
1279 1082 1483 1117 castitatem,
1522 1090 1595 1109 cum
1630 1079 1713 1110 sciat
1746 1079 1854 1110 Deum
1890 1089 1966 1110 esse
2000 1085 2141 1110 mentem

1159 1130 1287 1155 castam
1325 1130 1356 1154 et
1381 1123 1591 1153 severissime
1627 1132 1768 1162 poscere
1798 1123 1944 1153 ordinem
1969 1121 2139 1152 Castitatis

1158 1167 1297 1197 tuendae
1327 1176 1448 1197 caussa
1475 1165 1668 1195 institutum.
1713 1164 1787 1194 Non
1817 1166 1857 1195 sit
1885 1166 1992 1205 imago
2024 1171 2055 1195 et
2085 1166 2141 1196 mi-

1159 1210 1260 1239 nister
1280 1207 1425 1245 Diaboli,
1449 1208 1504 1248 qui
1524 1207 1598 1237 odio
1620 1206 1683 1237 Dei
1702 1208 1841 1238 miseros
1860 1208 2010 1238 homines
2030 1206 2141 1247 impel-

1158 1250 1210 1288 lit,
1241 1258 1274 1281 ut
1298 1250 1468 1281 libidinum
1495 1248 1689 1280 confusione
1711 1249 1917 1290 polluanturg,
1944 1256 1979 1280 ut
2007 1250 2055 1279 ira
2079 1250 2141 1280 Dei

1158 1299 1329 1335 augeatur,
1354 1299 1385 1323 et
1408 1299 1443 1323 ut
1464 1292 1549 1322 haec
1572 1293 1691 1322 misera
1713 1300 1865 1323 creatura
1884 1293 1916 1323 in
1935 1293 2058 1323 maiore
2077 1298 2141 1324 tur-

1158 1337 1304 1376 pitudine
1338 1336 1380 1365 sit
1414 1342 1445 1366 et
1474 1341 1593 1375 postea
1627 1340 1698 1365 ruat
1734 1335 1766 1365 in
1797 1341 1965 1365 aeternum
2000 1336 2140 1366 exitium.

1160 1378 1230 1408 Hos
1253 1377 1439 1408 horrendos
1461 1377 1591 1408 furores
1610 1376 1744 1408 Diaboli
1764 1378 1919 1408 adiuvant
1939 1388 2064 1416 omneS,
2088 1380 2143 1419 qui

1159 1430 1263 1461 vagas
1282 1419 1433 1450 libidines
1453 1430 1584 1461 quoquo
1604 1421 1702 1450 modo
1723 1428 1856 1461 augent,
1879 1419 1933 1451 vel
1952 1419 2142 1452 defensione

1159 1462 1244 1503 legis
1268 1462 1462 1493 pontificiae
1492 1464 1532 1493 de
1557 1462 1722 1494 coelibatu
1745 1462 1799 1493 vel
1828 1463 2037 1505 neglectione
2064 1474 2141 1505 poe-

1159 1516 1284 1535 narum.
1318 1505 1472 1536 Nondum
1496 1507 1528 1536 in
1547 1504 1610 1536 hac
1630 1506 1697 1536 vita
1716 1507 1881 1546 turpitudo
1902 1512 1933 1537 et
1950 1508 2141 1548 magnitudo

1160 1547 1277 1578 horum
1306 1547 1468 1579 scelerum
1500 1549 1580 1579 satis
1612 1549 1827 1588 conspicitur,
1863 1550 1923 1580 sed
1953 1556 2142 1591 retegentur

1160 1590 1243 1621 haec
1265 1591 1411 1632 ingentia
1434 1590 1519 1621 mala
1540 1592 1571 1621 in
1590 1598 1759 1631 postremo
1778 1592 1910 1630 iudicio,
1935 1603 2008 1623 cum
2033 1599 2142 1624 osten-

1161 1634 1215 1663 det
1238 1633 1332 1664 Deus
1357 1634 1508 1665 omnibus
1531 1633 1670 1676 Angelis
1703 1641 1734 1665 et
1762 1634 1949 1665 hominibus
1972 1636 2142 1677 turpitudi-

1161 1686 1235 1707 nem
1263 1678 1391 1716 peccati
1421 1683 1451 1707 et
1482 1676 1639 1707 malitiam
1661 1676 1888 1708 Diabolorum.
1935 1677 2003 1709 Sed
2031 1686 2142 1709 tamen

1161 1719 1193 1749 in
1216 1718 1279 1749 hac
1303 1720 1369 1749 vita
1393 1721 1632 1761 gubernatores
1656 1719 1786 1751 honesti
1817 1727 1847 1751 et
1875 1721 1918 1761 pii
1947 1722 1987 1751 de
2014 1721 2077 1752 hac
2105 1731 2142 1752 re

1163 1762 1259 1792 etiam
1278 1761 1481 1793 voluntatem
1496 1762 1559 1793 Dei
1579 1763 1791 1793 considerare
1811 1764 1932 1794 debent
1951 1770 1981 1794 et
2002 1765 2143 1806 dirigere

1162 1805 1435 1845 gubernationem
1458 1806 1500 1835 ad
1518 1804 1627 1847 legem
1646 1805 1708 1836 Dei
1732 1812 1775 1843 et,
1801 1813 1960 1847 quantum
1984 1807 2053 1838 fieri
2084 1817 2141 1849 po-

1161 1854 1236 1884 test,
1262 1858 1390 1885 curare,
1414 1858 1456 1878 ne
1481 1848 1687 1879 cumulentur
1709 1856 1845 1889 peccata
1875 1855 1905 1879 et
1932 1860 2077 1890 poenae,
2108 1856 2143 1881 ut

1162 1891 1249 1930 apud
1265 1890 1403 1921 lesaiam
1424 1892 1541 1922 dicitur
1561 1891 1626 1929 110,
1644 1891 1704 1929 l.]:
1727 1891 1799 1922 Vae
1818 1891 1895 1930 illis,
1919 1893 1973 1933 qui
1993 1894 2142 1924 scribunt

1161 1932 1255 1975 leges
1279 1934 1427 1964 iniustas.

1249 1976 1317 2007 Oro
1336 1982 1443 2007 autem
1460 1976 1574 2007 Filium
1587 1975 1660 2014 Dei,
1678 1976 1854 2008 Dominum
1871 1984 2021 2009 nostrum
2035 1978 2142 2010 Iesum

1163 2018 1340 2057 Christum,
1364 2019 1553 2050 cmcifixum
1573 2030 1632 2060 pro
1651 2021 1746 2051 nobis
1770 2027 1800 2051 et
1819 2022 2064 2059 resuscitatum,
2087 2032 2141 2053 ve-

1162 2062 1291 2092 rissime
1309 2068 1470 2093 amantem
1491 2062 1662 2093 Castitatis
1682 2069 1713 2093 et
1733 2064 1817 2094 casti
1836 2062 1998 2105 Coniugii,
2017 2072 2052 2095 ut
2070 2066 2142 2105 ipse

1162 2104 1272 2135 flectat
1296 2111 1424 2136 mentes
1447 2107 1601 2143 omnium,
1625 2107 1678 2146 qui
1701 2116 1773 2136 eum
1793 2107 1959 2145 invocant,
1982 2108 2024 2138 ad
2044 2109 2142 2138 casti-

1162 2154 1262 2178 tatem
1286 2153 1317 2178 et
1340 2147 1495 2179 defendat
1519 2147 1670 2189 Coniugii
1699 2148 1791 2190 leges
1823 2156 1855 2179 et
1885 2151 2041 2190 repn‘mat
2063 2150 2141 2182 Dia-

1163 2190 1272 2227 bolos,
1297 2191 1352 2232 qui
1376 2192 1450 2222 odio
1475 2191 1537 2222 Dei
1561 2191 1728 2232 impellere
1750 2193 1891 2223 miseros
1914 2192 2064 2224 homines
2088 2205 2142 2225 co—

1163 2239 1281 2264 uantur
1295 2235 1358 2273 3⁷),
1388 2240 1423 2265 ut
1451 2235 1550 2265 variis
1581 2235 1686 2265 modis
1716 2233 1906 2275 polluantur
1936 2243 1968 2267 et
1995 2243 2140 2277 pereant.

1163 2276 1188 2307 C
1192 2277 1292 2307 rescit
1319 2275 1490 2308 infirmitas
1521 2283 1658 2308 naturae
1686 2277 1847 2309 humanae
1877 2279 1909 2309 in
1938 2278 2001 2310 hac
2032 2280 2141 2311 mundi

1163 2397 1208 2427 36)
1231 2399 1251 2422 1.
1271 2397 1325 2422 Cor.
1347 2397 1379 2429 7.]
1401 2398 1436 2423 ab
1456 2398 1527 2423 Editt.
1550 2397 1655 2420 13-34.
1675 2399 1809 2425 omissam
1827 2401 1855 2426 in
1874 2401 2014 2426 contestis
2032 2399 2142 2426 addunt

1234 2432 1305 2462 (torp.
1326 2433 1409 2458 1—8..
1430 2433 1489 2462 Opp.
1513 2434 1533 2455 1.
1553 2432 1584 2462 2,
1602 2433 1643 2457 Ex.
1658 2433 1731 2458 1-3,

1162 2483 1207 2513 37)
1228 2483 1355 2508 Diabolos.
1375 2483 1416 2513 qui
1436 2501 1440 2505 .
1463 2500 1469 2505 .
1491 2501 1496 2505 .
1517 2483 1650 2515 conantur]
1689 2484 1725 2509 sic
1744 2485 1816 2510 Editt.
1843 2486 1884 2508 2-2.
1905 2486 1944 2510 24.
1965 2486 2005 2509 25.
2025 2485 2141 2515 28—34.,

1231 2517 1303 2547 θοι-ρ.
1324 2517 1409 2542 1-8..
1429 2518 1488 2547 Opp.
1510 2519 1530 2540 l.
1550 2518 1581 2546 2.,
1599 2519 1640 2542 Ex.
1660 2519 1682 2542 1.
1701 2518 1739 2548 3.;
1758 2519 1829 2544 Editt.
1850 2520 1888 2543 13.
1911 2520 2020 2544 15-18,
2041 2521 2082 2543 20.
2101 2521 2141 2545 21.

1592 2570 1597 2575 .
1619 2554 1736 2583 conatur;
1765 2554 1836 2579 Editt.
1860 2555 1897 2577 14.
1920 2554 1959 2577 19.
1979 2555 2019 2577 ⁶2:²2.
2040 2555 2080 2578 26.
2101 2555 2141 2580 27.

1529 2588 1634 2611 conatur

1232 2552 1315 2576 male:
1334 2552 1460 2580 Diabolus.
1479 2552 1520 2582 qui
1540 2570 1544 2574 .
1565 2569 1570 2574 .

1231 2586 1372 2611 Diabolum.
1392 2587 1433 2616 qui
1452 2604 1456 2611 .
1478 2604 1482 2609 .
1504 2606 1508 2611 .
1937 2622 1968 2646 68
