2358 2933
73 118 137 151 345

76 210 169 251 seph.
215 209 345 240 Deinde
367 208 507 239 Romani
531 208 750 247 Imperatores
774 217 880 247 nsque
902 207 945 236 ad
969 206 1054 237 Con·

75 253 253 284 stantinum
283 252 381 282 toties
413 250 524 280 delere
552 249 697 281 funditus
725 248 912 280 Ecclesiam
943 249 1054 279 conati

75 302 163 326 sunt.
207 294 314 325 Durat
336 292 392 323 illa
416 299 543 329 tamen,
566 303 606 324 ac
629 299 664 323 nt
687 292 811 322 Poetae
834 292 945 322 verbis
970 297 1055 327 utar,
1077 285 1078 298 ¹

74 347 134 378 per
164 338 299 373 damna,
326 346 385 376 per
415 336 556 371 caedes,
585 337 626 366 ab
657 336 731 374 ipso
762 334 851 364 ducit
879 343 960 373 opes
987 333 1078 364 ani-1

74 388 228 418 mumque
250 377 350 408 ferro.
395 377 436 407 Et
467 378 597 417 quidem
627 384 718 407 certo
742 375 883 406 consilio
914 374 1054 405 detrahit

76 423 106 452 ei
123 421 217 451 Deus
241 420 370 461 Regum
393 420 560 460 praesidia
582 418 794 459 plerumque,
825 424 858 448 ut
884 418 990 448 discat
1013 417 1054 447 ab

74 465 148 503 ipso
182 463 348 503 pendere,
382 462 462 491 Fide
497 461 645 492 coeleste
678 460 833 490 auxilium
867 466 1079 500 expectare„

74 514 261 547 agnoscere
282 504 504 544 praesentiam
526 503 591 533 Dei
620 504 652 532 in
674 502 739 532 hoc
764 508 878 539 coetu,
909 512 976 532 non
998 501 1056 531 hu-

75 549 181 579 manis
207 545 355 577 consiliis
380 547 446 576 niti.

163 605 362 636 Universam
394 605 492 645 igitur
514 601 701 633 Ecclesiam
725 601 924 633 Scholastici
955 602 1056 632 intue-

76 654 172 679 antur
182 671 191 685 ,
229 657 325 688 (1113111
365 657 436 677 611111
470 646 511 675 31)
540 646 606 675 hoc
636 650 751 675 nostro
783 645 898 675 ordine
920 644 1056 684 privatis

76 691 192 721 studiis
215 689 354 720 maxime
376 693 593 728 propagatam
612 697 688 717 6556
707 687 851 717 3011113111
862 692 978 723 ertent,
1003 696 1057 716 co-
1077 692 1080 725 ζ

76 733 179 774 gitent
210 736 365 772 quantum
401 730 497 760 nobis
530 739 648 760 munus
682 729 775 759 Dens
812 729 1057 765 commendarit,

75 775 118 805 ad
148 783 233 814 qnae
263 774 441 803 certamina
470 778 578 803 vocet.
625 771 678 801 Ad
708 771 791 802 haec
820 779 1080 811 praepaffemns¹

74 826 149 853 nos,
173 816 244 845 Nec
267 814 458 855 frangamur
481 815 608 851 animis,
633 815 761 844 etiamsi
783 820 953 853 potentum
972 814 1056 844 odiis

75 868 243 900 urgemur,
274 857 333 887 sed
359 862 541 887 statuamus
554 855 661 888 Deum
692 857 949 897 gubernaturum
979 865 1057 886 esse

76 902 200 937 exitus,
230 905 260 930 et
286 905 493 929 servaturum
517 908 597 929 51105
621 909 824 939 praeconeS,
852 908 932 929 suas
952 897 1056 928 Scho-

75 942 139 980 las,
163 947 195 973 et
218 942 409 972 conciones.
456 941 546 971 Haec
569 942 746 981 praecipue
771 947 863 971 curat
896 946 927 970 et
951 946 1058 970 tuetur

74 985 180 1022 Deus,
204 984 265 1014 etsi
287 989 377 1014 tanta
393 989 443 1014 est
468 982 577 1024 caligo
598 982 761 1013 humanae
777 984 907 1020 mentis,
930 988 965 1013 nt
986 993 1059 1012 cum

74 1028 238 1058 intuemur
261 1031 369 1056 certas
393 1031 539 1055 motuum
563 1024 757 1055 coelestium
780 1025 910 1065 Leges,
941 1026 1059 1065 gratis-

75 1070 176 1100 simas
200 1068 263 1098 diei
285 1077 324 1097 ac
346 1068 468 1104 noctis,
492 1068 628 1097 aestatis
654 1074 686 1097 et
707 1066 836 1108 hyemis
851 1068 953 1104 vices,
976 1066 1060 1097 haec

98 1111 206 1142 uidem
229 1120 328 1140 curae
348 1118 423 1140 6556
444 1108 518 1139 Deo
543 1109 777 1147 adsentiamur,
801 1108 883 1140 Cum
907 1119 986 1139 vero
1010 1119 1060 1138 re-

75 1122 209 1184 ilerimus
234 1151 350 1183 oculos
375 1152 417 1182 ad
440 1149 667 1182 confusionem
690 1162 799 1182 rerum
831 1151 1059 1188 humanarum,

76 1206 118 1228 36
139 1205 282 1237 regnare
305 1194 498 1235 TyrannOS,
527 1193 715 1225 Ecclesiam
738 1204 819 1224 vero
852 1194 991 1234 opprimi
1014 1194 1059 1223 vi-

77 1239 210 1275 demus,
244 1237 442 1267 admiremur
470 1236 557 1266 hanc
599 1237 725 1267 ordinis
766 1236 1058 1277 perturbationem,

77 1292 117 1312 ac
142 1281 183 1311 de
205 1280 411 1319 providentia
442 1279 638 1309 dubitemus.
686 1278 753 1309 Sed
784 1279 942 1320 erigenda
965 1288 1058 1308 mens

77 1329 138 1354 est.
184 1321 267 1352 Cum
290 1320 391 1351 filium
415 1327 569 1351 aetemus
600 1321 700 1351 Pater
730 1322 871 1351 maxime
894 1326 999 1358 amet,
1028 1327 1059 1350 et

76 1370 214 1406 propter
236 1364 342 1404 ipsum
372 1362 510 1405 elegerit
537 1362 741 1401 Ecclesiam,
770 1374 811 1394 ac
838 1368 974 1404 propter
995 1362 1057 1393 Ec-

78 1406 213 1438 clesiam
243 1412 351 1437 cetera
381 1407 488 1437 onmia
520 1406 719 1443 condiderit,
753 1412 843 1436 certo
875 1411 1057 1436 statuamus

77 1449 179 1480 amari
202 1454 234 1479 et
257 1449 363 1479 curari
381 1459 400 1478 a
412 1448 485 1478 Deo
498 1447 586 1479 hunc
601 1455 742 1485 coetum,
766 1449 819 1489 qni
838 1446 1057 1489 Evangelium

81 1490 280 1528 circumfert,
302 1491 491 1531 ubicunque
513 1497 670 1532 vagatur,
694 1491 745 1522 Ac
769 1491 858 1531 prior
886 1490 970 1521 haec
994 1490 1056 1520 Dei

79 1544 160 1565 cura
183 1538 246 1569 est,
270 1543 366 1573 quam
389 1543 506 1574 regere
528 1539 636 1563 motus
660 1534 828 1574 syderum,
852 1538 907 1564 aut
931 1539 1055 1572 tempo-

78 1586 148 1606 rum
172 1576 275 1611 vices,
299 1581 353 1605 aut
376 1575 514 1614 Imperia
536 1576 629 1606 tueri.
674 1575 766 1606 Haec
790 1576 899 1605 onmia
921 1581 1058 1615 propter

78 1616 267 1649 Ecclesiam
291 1623 465 1647 sustentat.

165 1684 208 1715 Et
231 1685 305 1725 quia
328 1685 458 1724 species
483 1683 547 1714 alia
569 1685 601 1713 in
625 1683 742 1714 0611105
766 1684 912 1720 1116111111,
939 1694 979 1714 36
1002 1694 1058 1714 116-

79 1726 160 1769 gligi
181 1727 340 1763 videmur,
363 1727 460 1757 toties
484 1726 646 1763 adfirmat,
669 1727 780 1756 iurans
799 1727 907 1763 etiam,
931 1736 969 1756 se
981 1736 1059 1756 vere

80 1780 142 1801 nos
184 1768 359 1808 complecti
397 1778 437 1799 ac
479 1767 665 1799 defendere.
722 1768 841 1810 Ingens
882 1774 932 1799 est
975 1770 1058 1799 enim

79 1822 220 1843 acervus
241 1810 503 1841 dulcissimarum
526 1811 790 1850 promissionum,
815 1811 934 1851 quibus
958 1817 1058 1841 testa-

78 1860 130 1885 tur
152 1854 245 1885 Deus
270 1854 331 1884 sibi
354 1863 416 1884 nos
442 1863 542 1884 curae
565 1863 651 1883 esse.
684 1853 753 1883 Has
776 1854 849 1884 ideo
873 1854 1057 1893 proposuit,

78 1902 114 1928 ut
148 1897 189 1927 (16
221 1897 324 1936 ipsius
361 1895 533 1926 voluntate
567 1897 787 1927 indicaremus
821 1906 889 1926 non
923 1906 964 1926 ex
994 1896 1058 1926 hac

78 1945 253 1970 eventuum
266 1938 480 1969 humanorum
493 1939 663 1976 varietate,
687 1938 747 1969 sed
770 1939 879 1978 potius
898 1948 937 1969 ex
955 1939 1058 1978 ipsius

79 1982 193 2020 dictis,
221 1991 305 2022 quae
334 1987 444 2012 certos
474 1981 580 2011 exitus
609 1987 804 2012 monstrant.
858 1981 936 2011 Erat
967 1980 1059 2011 Eliae

77 2025 256 2065 hospitium
282 2023 380 2064 pulso
405 2033 445 2053 ex
469 2029 538 2054 toto
562 2033 666 2065 regno
691 2023 793 2053 151361
823 2024 910 2064 apud
929 2023 1058 2054 mulier-

79 2066 188 2098 culam
211 2066 386 2103 ethnicam,
411 2076 496 2106 quae
519 2072 631 2096 tamen
648 2067 872 2107 magnitudine
884 2067 980 2096 animi
993 2076 1058 2096 ma-

66 2110 153 2151 rgnis
193 2110 327 2150 regibus
365 2107 567 2139 antecelluit.
618 2109 702 2139 Nam
736 2109 923 2149 Prophetae
957 2109 1058 2139 vitam

78 2162 145 2183 non
168 2161 249 2182 suae
272 2156 413 2188 tantum,
444 2152 505 2181 sed
535 2152 631 2181 etiam
661 2150 719 2181 filii
749 2152 836 2182 vitae
859 2152 1056 2192 anteposuit.

78 2194 131 2225 Ac
154 2192 321 2234 Propheta
344 2194 388 2224 ita
411 2199 563 2223 servatus
587 2199 654 2231 est,
684 2200 718 2224 ut
741 2195 773 2224 in
796 2193 847 2225 his
871 2195 950 2234 ipsis
974 2194 1057 2233 peri-

78 2235 161 2267 culis
185 2237 335 2267 doctrina
358 2236 474 2266 vicinis
498 2237 651 2277 gentibus
673 2235 825 2267 illuxerit.
856 2236 938 2267 Cum
961 2237 1058 2278 igitur

79 2285 112 2310 et
133 2279 409 2320 promissionibus
434 2284 466 2309 et
486 2277 644 2319 exemplis
671 2280 850 2310 ostenderit
865 2279 971 2317 Dens,
995 2280 1058 2310 sibi

81 2332 179 2353 curae
207 2332 283 2352 6556
306 2322 474 2352 studiosos
496 2320 684 2362 Evangelii,
712 2321 797 2353 hanc
821 2321 1058 2353 scholasticam

79 2363 222 2395 militiam
245 2374 311 2395 non
335 2365 538 2400 (165613111115,
562 2365 623 2394 sed
646 2374 834 2394 maneamus
854 2365 885 2394 in
905 2365 1057 2402 statione,

79 2406 111 2437 in
135 2417 231 2448 quam
254 2407 406 2438 divinitus
431 2405 584 2437 collocati
608 2416 733 2443 sumus,
756 2413 847 2437 recte
871 2407 992 2438 tradita
1005 2418 1058 2438 re-

80 2449 240 2480 tineamus
264 2455 296 2480 61
319 2455 455 2479 eventus
478 2448 552 2479 Deo
572 2449 849 2487 commendemus,
868 2451 923 2490 qui
946 2449 1059 2481 flectet

525 115 548 145 1.
572 114 675 146 LOCI
697 112 980 145 THEOLOGICI:
1000 113 1037 144 C.
1063 112 1275 144 SECUNDA
1297 112 1453 144 EORUM
1477 113 1635 144 AETAS.

1078 798 1253 828 ,omnibus
1283 798 1421 838 ingeniis
1455 807 1475 826 a
1508 803 1626 827 natura
1664 798 1746 828 bene
1782 799 1949 829 institutis.

81 2491 179 2522 etiam
200 2491 385 2532 aliquorum
408 2491 597 2531 Principum
621 2502 661 2522 ac
685 2490 882 2532 populorum
905 2491 1058 2523 volunta-

81 2539 131 2563 tes
154 2535 195 2564 ad
219 2533 478 2573 amplectendam
493 2540 525 2564 et
544 2535 719 2565 iuvandam
735 2544 847 2564 veram
863 2534 1057 2566 doctrinam.

2020 117 2082 149 346

1187 205 1271 236 Cum
1307 213 1416 237 31116111
1451 207 1536 236 duae
1570 206 1709 237 virtutes
1743 209 1882 239 maxime
1917 209 2081 242 salutares

1100 249 1165 278 sint
1187 248 1373 286 Ecclesiae,
1397 259 1490 279 amor
1513 248 1689 285 Veritatis,
1719 255 1751 279 et
1781 261 1862 280 cura
1892 253 2082 284 retinendae

1101 291 1302 321 concordiae
1325 292 1408 321 inter
1432 300 1503 328 eos,
1528 291 1582 330 qui
1605 300 1704 321 verae
1727 292 1898 323 doctrinae
1921 296 2082 325 societate

1101 334 1266 363 coniuncti
1290 339 1378 371 sunt,
1401 333 1464 363 has
1489 332 1663 373 diligenter
1686 332 1845 364 colamus.
1880 335 2082 368 Scholastici

1100 374 1323 405 assuefaciant
1362 385 1399 405 se
1429 376 1471 406 ad
1504 376 1742 415 proprietatem
1777 378 1937 407 sermonis
1967 378 1998 408 in
2028 389 2082 409 ex—

1100 416 1278 458 plicatione
1301 418 1511 458 dogmatum,
1534 418 1635 448 vitent
1659 419 1811 458 ambigna
1835 426 1865 449 et
1890 419 2081 461 flexiloqua,

1101 469 1186 500 quae
1205 466 1319 490 serunt
1344 461 1534 496 certamina,
1559 466 1591 489 et
1613 461 1741 499 pariunt
1766 471 1909 491 6110165.
1943 462 1985 492 Et
2008 473 2082 493 cum

1100 501 1179 532 utile
1209 508 1259 532 est
1287 503 1463 532 [uliversae
1493 502 1579 531 vitae
1608 503 1751 532 studium
1781 505 2022 542 perspicuitatis
2051 506 2083 534 in

1083 544 1264 581 diceudo,
1292 551 1359 574 tum
1383 554 1463 574 vero
1495 543 1693 583 significatio
1726 550 1773 574 est
1798 546 1962 586 ingenuae
1982 553 2012 577 et
2036 547 2083 577 iu-

1102 591 1173 615 stae
1196 593 1344 622 natnrae,
1364 592 1397 616 nt
1422 591 1563 615 testatur
1589 586 1710 616 dictum
1734 593 1828 617 vetus
1852 588 1884 617 in
1898 588 2084 629 Tragoedia

1101 628 1333 666 Eu1·ipi‹lis‚‘20)
1359 627 1471 657 εσθλὼν
1494 627 1526 656 τὸ
1551 632 1651 666 σαφές.
1695 628 1827 659 Lndant
1850 631 1938 660 servi
1962 632 1995 660 in
2019 630 2082 661 Co-

1100 670 1240 701 moediis
1265 676 1296 699 et
1320 670 1557 711 Sycophantae
1581 671 1734 711 ambigue
1758 672 1864 709 dictis,
1890 679 2013 703 certent
2037 674 2083 703 in-

1101 713 1218 743 anibus
1242 714 1420 743 verborum
1440 711 1717 742 cavillationibus.
1764 713 1855 744 Haec
1879 714 1986 745 aliena
2008 720 2085 745 sunt

1101 766 1168 785 non
1198 753 1305 785 sohnn
1333 756 1375 785 ab
1405 753 1578 785 Ecclesiae
1608 756 1790 795 gravitate,
1827 757 1885 786 sed
1915 758 2011 788 etiam
2042 757 2083 786 ab

2010 799 2083 840 Ego

1103 846 1204 877 certe,
1228 846 1383 880 qnantum
1403 841 1504 879 potui,
1526 840 1600 869 dedi
1619 850 1764 879 operam,
1788 847 1821 871 nt
1834 842 1966 881 proprie
1986 848 2017 872 et
2034 851 2086 871 re-

1104 889 1155 913 616
1176 881 1331 922 loquerer
1343 883 1375 912 in
1389 880 1592 922 explicandis
1607 883 1825 922 dogmatibus,
1848 885 1972 914 retineo
1987 885 2085 915 etiam

1103 925 1244 966 phrases
1270 926 1300 954 in
1313 923 1464 955 Ecclesia
1485 930 1633 954 veterum
1651 935 1820 956 consensu
1839 928 2084 966 comprobataS,

1104 978 1144 998 ac
1168 976 1210 997 ne
1234 968 1366 1007 quidem
1391 977 1464 997 cnm
1488 967 1676 996 recentibus
1689 967 1903 1009 Longobardi
1927 970 2083 1009 interpre-

1104 1011 1192 1040 tibus
1212 1010 1252 1040 de
1275 1009 1386 1039 verbis
1411 1008 1519 1049 litigo,
1543 1010 1598 1038 nbi
1623 1010 1663 1039 de
1687 1010 1787 1040 rebus
1812 1012 1977 1041 convenit.
2016 1012 2084 1042 Sed

1105 1052 1269 1082 interdum
1293 1062 1401 1082 rerum
1425 1051 1645 1091 discrepantia
1682 1053 1771 1093 cogit
1794 1062 1856 1083 nos
1884 1054 1993 1093 potius
2016 1055 2083 1084 imi-

1104 1095 1166 1124 tari
1206 1093 1351 1134 linguam
1388 1093 1645 1133 Apostolorum,
1681 1104 1778 1134 qnam
1813 1096 2084 1127 consuetudinem

1104 1136 1252 1166 'rhomae
1280 1143 1334 1166 aut
1365 1136 1475 1171 Scoti,
1504 1145 1642 1176 (1110111111
1671 1146 1780 1167 5611110
1811 1138 1842 1167 111
1866 1136 1975 1168 multis
2002 1139 2083 1169 rixis

1104 1179 1210 1208 minus
1234 1177 1372 1218 intelligi
1394 1184 1516 1218 potest,
1537 1188 1634 1218 qnam
1658 1180 1783 1209 numeri
1806 1178 1979 1211 Platonici.

1191 1220 1298 1260 Saepe
1323 1221 1420 1250 etiam
1443 1221 1507 1250 iam
1532 1221 1687 1260 comperi.
1711 1221 1861 1252 homines
1884 1228 2013 1252 astutos
2037 1224 2083 1253 in-

1104 1263 1205 1293 sidias
1226 1268 1354 1293 struere
1377 1263 1519 1299 veritati,
1543 1262 1750 1294 effundentes
1775 1263 1880 1295 oculis
1899 1271 1998 1305 atque
2017 1266 2083 1295 ani-

1103 1306 1164 1335 mis
1190 1305 1358 1335 hominum
1381 1306 1533 1346 ambigue
1557 1305 1659 1343 dicta,
1690 1312 1844 1347 tanquam
1876 1307 2082 1347 praestigias.

1102 1347 1216 1387 Itaque
1238 1347 1272 1377 hi
1286 1346 1447 1377 Cothurni
1471 1348 1546 1378 odio
1571 1348 1659 1389 digni
1684 1355 1772 1385 sunt,
1796 1354 1827 1378 et
1849 1360 1868 1379 a
1886 1350 1947 1389 piis
1961 1349 2084 1380 vitandi

1102 1396 1134 1420 et
1159 1389 1374 1430 explodendi,
1397 1389 1557 1420 Dicamus
1582 1390 1613 1420 in
1636 1390 1789 1421 Ecclesia
1813 1391 1989 1432 scapham,
2012 1401 2085 1421 sca-

1101 1432 1218 1472 pham,
1250 1438 1281 1462 et
1310 1433 1427 1463 ficum.
1456 1433 1571 1469 ficum,
1600 1439 1635 1462 nt
1659 1439 1709 1463 651
1735 1434 1768 1463 111
1794 1435 1991 1474 proverbio,
2022 1443 2085 1464 nec

1102 1474 1326 1516 Labyrinthos
1350 1476 1489 1514 proponi
1512 1474 1687 1505 Ecclesiae
1712 1476 1875 1513 sinamuS,
1899 1477 1953 1517 qui
1978 1476 2084 1506 bonas

1101 1523 1229 1548 mentes
1253 1518 1465 1557 perturbent,
1496 1524 1527 1548 et
1547 1519 1580 1547 in
1603 1517 1697 1548 malis
1722 1519 1917 1549 confirment
1940 1527 2084 1549 errores.

1187 1559 1304 1590 Altera
1326 1560 1451 1596 111-1115,
1481 1559 1634 1590 videlicet
1659 1570 1738 1591 cura
1762 1561 1873 1591 tuendi
1897 1570 2085 1592 consensus

1101 1602 1241 1642 1110111111,
1265 1612 1362 1643 (1113111
1386 1603 1578 1632 neccssaria
1602 1603 1654 1639 sit,
1678 1603 1865 1643 significant
1885 1609 1932 1633 tot
1953 1605 2084 1635 concio-

1102 1654 1162 1674 nes
1182 1643 1359 1681 coelestes,
1383 1654 1468 1684 quae
1486 1644 1660 1675 hortantur
1679 1646 1837 1675 doctores
1861 1652 1892 1676 et
1917 1646 2084 1677 auditores

1102 1687 1144 1717 ad
1164 1687 1306 1716 studium
1323 1687 1533 1723 concordiae,
1547 1688 1588 1717 ad
1607 1698 1705 1727 qnam
1722 1689 1925 1719 retinendam
1944 1691 2084 1730 quadam

1102 1727 1316 1769 Philosophia
1336 1739 1419 1769 opus
1439 1735 1500 1765 651,
1524 1728 1588 1759 hoc
1613 1735 1675 1767 est,
1699 1730 1863 1770 aequitate
1882 1732 1979 1762 animi
1998 1743 2082 1772 quae

1102 1772 1264 1801 interdum
1279 1769 1461 1801 dissimulet
1479 1771 1680 1802 offensiones
1698 1773 1870 1811 bonorum,
1890 1779 1921 1803 et
1939 1775 2084 1805 candore

1102 1814 1133 1843 in
1157 1814 1349 1850 iudicando,
1379 1823 1421 1843 ne
1451 1820 1541 1844 recte
1573 1814 1659 1844 dicta
1689 1820 1744 1845 aut
1769 1814 1857 1845 facta
1880 1815 2083 1847 calumniose

1103 1857 1357 1896 depraventur-²
1383 1856 1455 1897 Ego
1480 1857 1508 1886 si
1532 1856 1609 1896 quid
1633 1857 1714 1893 dixi,
1749 1858 1839 1897 qnod
1868 1858 1998 1889 videtur
2027 1859 2082 1889 vel

1102 1899 1293 1936 absurdum,
1316 1897 1370 1929 vel
1387 1897 1622 1939 periculosmn,
1646 1900 1834 1930 admonitus
1857 1899 1997 1931 libenter
2013 1912 2082 1932 mu-

1102 1942 1191 1978 tabo,
1215 1941 1353 1971 Tantum
1372 1951 1467 1981 rogo,
1485 1947 1519 1971 nt
1539 1942 1572 1971 in
1591 1942 1765 1972 iudicando
1788 1942 1982 1973 adhibeatur
2005 1954 2081 1974 can-

1102 1984 1173 2020 dor,
1199 1994 1264 2024 qno
1282 1994 1335 2014 1116
1357 1993 1451 2013 nsum
1476 1993 1552 2014 esse
1577 1985 1675 2015 etiam
1693 1985 1725 2014 in
1747 1995 1887 2015 censura
1906 1985 2081 2016 multarum

1102 2032 1248 2056 veterum
1272 2026 1460 2066 opinionum
1493 2032 1634 2057 constat.
1679 2027 1722 2057 Et
1754 2037 1853 2067 spero
1882 2026 2003 2058 multos
2034 2028 2080 2058 vi-

1103 2070 1197 2106 dere,
1239 2067 1326 2099 hunc
1360 2067 1465 2099 fnisse
1499 2079 1646 2100 meorum
1682 2069 1893 2100 consiliorum
1933 2079 2080 2110 scopum,

1101 2110 1263 2147 Primum,
1299 2117 1334 2141 ut
1366 2121 1462 2152 quam
1489 2122 1626 2152 possem
1656 2112 1881 2152 propriissime
1916 2113 2081 2142 traderem

1102 2153 1371 2184 adolescentibus
1395 2164 1555 2184 summam
1579 2155 1747 2185 doctrinae
1774 2152 2001 2185 Ecclesiamm
2023 2164 2080 2184 no-

1101 2203 1255 2233 strarum,
1278 2196 1406 2227 Deinde
1424 2202 1459 2227 ut
1483 2203 1630 2227 nostrum
1655 2206 1853 2227 consensum
1876 2202 1996 2227 tuerer.
2025 2196 2080 2226 Ad

1100 2238 1184 2269 haec
1209 2240 1273 2269 duo
1296 2240 1473 2279 praecipue
1497 2240 1647 2269 existimo
1671 2240 1768 2269 nobis
1791 2239 1824 2269 in
1843 2237 1968 2269 scholis
1986 2238 2080 2279 quasi

1101 2292 1229 2312 manum
1259 2282 1462 2322 dirigendam
1486 2292 1572 2312 esse.
1619 2281 1760 2312 invitare
1792 2281 1888 2312 etiam
1913 2279 2079 2311 sanabiles

1100 2323 1207 2361 volui,
1237 2330 1272 2355 ut
1295 2323 1570 2364 ,amplecterentur
1594 2324 1776 2355 doctrinam
1800 2323 1995 2361 salutarem,
2019 2323 2079 2353 sed

1101 2368 1241 2397 miscere
1266 2367 1431 2407 dogmata.
1456 2373 1511 2398 aut
1535 2365 1682 2397 stabilire
1706 2366 1970 2397 adversariorum
1991 2374 2078 2396 erro-

1102 2420 1156 2440 res
1182 2420 1347 2451 nunquam
1370 2408 1470 2440 volni.

1103 2545 1150 2575 20)
1170 2545 1252 2574 Eurip.
1273 2545 1350 2574 Iphig.
1372 2544 1427 2569 Aul.
1448 2545 1505 2568 560.
1524 2543 1563 2568 ed.
1582 2544 1686 2568 Bai-nes.
