<?xml version="1.0" encoding="UTF-8"?>
<!DOCTYPE html PUBLIC "-//W3C//DTD XHTML 1.0 Transitional//EN"
    "http://www.w3.org/TR/xhtml1/DTD/xhtml1-transitional.dtd">
<html xmlns="http://www.w3.org/1999/xhtml" xml:lang="en" lang="en">
 <head>
  <title>
</title>
<meta http-equiv="Content-Type" content="text/html;charset=utf-8" />
  <meta name='ocr-system' content='tesseract 3.04.00' />
  <meta name='ocr-capabilities' content='ocr_page ocr_carea ocr_par ocr_line ocrx_word'/>
</head>
<body>
  <div class='ocr_page' id='page_1' title='image "./operaquaesupersu21melauoft_0498.png"; bbox 0 0 2358 2933; ppageno 0'>
   <div class='ocr_carea' id='block_1_1' title="bbox 234 113 295 143">
    <p class='ocr_par' dir='ltr' id='par_1_1' title="bbox 234 113 295 143">
     <span class='ocr_line' id='line_1_1' title="bbox 234 113 295 143; baseline -0.016 0"><span class='ocrx_word' id='word_1_1' title='bbox 234 113 295 143; x_wconf 71' lang='lat'><strong>967</strong></span> 
     </span>
    </p>
   </div>
   <div class='ocr_carea' id='block_1_2' title="bbox 233 203 1210 1209">
    <p class='ocr_par' dir='ltr' id='par_1_2' title="bbox 234 203 1210 703">
     <span class='ocr_line' id='line_1_2' title="bbox 237 203 1209 235; baseline 0 0"><span class='ocrx_word' id='word_1_2' title='bbox 237 214 288 235; x_wconf 85' lang='lat' dir='ltr'><strong>tus</strong></span> <span class='ocrx_word' id='word_1_3' title='bbox 313 203 368 234; x_wconf 84' lang='lat' dir='ltr'><strong>suit</strong></span> <span class='ocrx_word' id='word_1_4' title='bbox 395 205 620 234; x_wconf 68' lang='lat' dir='ltr'><strong>tristissimus:</strong></span> <span class='ocrx_word' id='word_1_5' title='bbox 644 206 786 234; x_wconf 88' lang='lat' dir='ltr'><strong>nomlum</strong></span> <span class='ocrx_word' id='word_1_6' title='bbox 810 212 916 234; x_wconf 73' lang='lat' dir='ltr'><strong>tamen</strong></span> <span class='ocrx_word' id='word_1_7' title='bbox 941 212 993 235; x_wconf 87' lang='lat' dir='ltr'><strong>aut</strong></span> <span class='ocrx_word' id='word_1_8' title='bbox 1019 204 1104 235; x_wconf 81' lang='lat' dir='ltr'><strong>illius</strong></span> <span class='ocrx_word' id='word_1_9' title='bbox 1123 204 1209 235; x_wconf 80' lang='lat' dir='ltr'><strong>suro-</strong></span> 
     </span>
     <span class='ocr_line' id='line_1_3' title="bbox 236 247 1209 286; baseline 0 -10"><span class='ocrx_word' id='word_1_10' title='bbox 236 248 280 276; x_wconf 80' lang='lat' dir='ltr'><strong>ris</strong></span> <span class='ocrx_word' id='word_1_11' title='bbox 304 247 500 286; x_wconf 72' lang='lat' dir='ltr'>turpitudine</span> <span class='ocrx_word' id='word_1_12' title='bbox 522 253 575 276; x_wconf 87' lang='lat' dir='ltr'><strong>aut</strong></span> <span class='ocrx_word' id='word_1_13' title='bbox 600 256 704 284; x_wconf 76' lang='lat' dir='ltr'><strong>poena</strong></span> <span class='ocrx_word' id='word_1_14' title='bbox 721 248 779 283; x_wconf 84' lang='lat'><strong>¹⁰⁰)</strong></span> <span class='ocrx_word' id='word_1_15' title='bbox 813 247 894 275; x_wconf 71' lang='lat' dir='ltr'><strong>satis</strong></span> <span class='ocrx_word' id='word_1_16' title='bbox 918 253 1090 276; x_wconf 76' lang='lat' dir='ltr'><strong>moventur</strong></span> <span class='ocrx_word' id='word_1_17' title='bbox 1112 247 1209 277; x_wconf 85' lang='lat' dir='ltr'><strong>animi</strong></span> 
     </span>
     <span class='ocr_line' id='line_1_4' title="bbox 235 286 1210 327; baseline -0.002 -9"><span class='ocrx_word' id='word_1_18' title='bbox 235 288 410 318; x_wconf 82' lang='lat' dir='ltr'><strong>hominum.</strong></span> <span class='ocrx_word' id='word_1_19' title='bbox 436 295 466 317; x_wconf 79' lang='lat' dir='ltr'><strong>ut</strong></span> <span class='ocrx_word' id='word_1_20' title='bbox 492 286 613 327; x_wconf 77' lang='lat' dir='ltr'><strong>fugiant</strong></span> <span class='ocrx_word' id='word_1_21' title='bbox 639 289 927 326; x_wconf 75' lang='lat' dir='ltr'><strong>Anabaptistarum</strong></span> <span class='ocrx_word' id='word_1_22' title='bbox 953 288 1075 318; x_wconf 80' lang='lat' dir='ltr'><strong>deliria.</strong></span> <span class='ocrx_word' id='word_1_23' title='bbox 1122 290 1210 322; x_wconf 78' lang='lat' dir='ltr'><strong>Quo-</strong></span> 
     </span>
     <span class='ocr_line' id='line_1_5' title="bbox 236 328 1210 360; baseline 0 -1"><span class='ocrx_word' id='word_1_24' title='bbox 236 331 295 359; x_wconf 68' lang='lat' dir='ltr'><strong>ties</strong></span> <span class='ocrx_word' id='word_1_25' title='bbox 321 329 405 359; x_wconf 76' lang='lat' dir='ltr'><strong>bella</strong></span> <span class='ocrx_word' id='word_1_26' title='bbox 429 330 501 359; x_wconf 78' lang='lat' dir='ltr'><strong>sine</strong></span> <span class='ocrx_word' id='word_1_27' title='bbox 525 328 600 359; x_wconf 86' lang='lat' dir='ltr'><strong>ullis</strong></span> <span class='ocrx_word' id='word_1_28' title='bbox 621 331 708 360; x_wconf 71' lang='lat' dir='ltr'><strong>veris</strong></span> <span class='ocrx_word' id='word_1_29' title='bbox 722 330 850 360; x_wconf 75' lang='lat' dir='ltr'><strong>caussis</strong></span> <span class='ocrx_word' id='word_1_30' title='bbox 864 331 1013 360; x_wconf 72' lang='lat' dir='ltr'><strong>accendit</strong></span> <span class='ocrx_word' id='word_1_31' title='bbox 1029 329 1210 360; x_wconf 62' lang='lat' dir='ltr'><strong>Diabolus?</strong></span> 
     </span>
     <span class='ocr_line' id='line_1_6' title="bbox 235 370 1209 412; baseline 0 -11"><span class='ocrx_word' id='word_1_32' title='bbox 235 374 362 412; x_wconf 71' lang='lat' dir='ltr'><strong>quotics</strong></span> <span class='ocrx_word' id='word_1_33' title='bbox 377 383 406 411; x_wconf 79' lang='lat' dir='ltr'><strong>pi</strong></span> <span class='ocrx_word' id='word_1_34' title='bbox 417 372 525 401; x_wconf 70' lang='lat' dir='ltr'><strong>ivatim</strong></span> <span class='ocrx_word' id='word_1_35' title='bbox 540 372 633 401; x_wconf 79' lang='lat' dir='ltr'><strong>nobis</strong></span> <span class='ocrx_word' id='word_1_36' title='bbox 647 372 788 411; x_wconf 77' lang='lat' dir='ltr'><strong>ingentia</strong></span> <span class='ocrx_word' id='word_1_37' title='bbox 802 370 936 401; x_wconf 62' lang='lat' dir='ltr'><strong>vulnera</strong></span> <span class='ocrx_word' id='word_1_38' title='bbox 956 370 1044 402; x_wconf 85' lang='lat' dir='ltr'><strong>t&#39;acit.</strong></span> <span class='ocrx_word' id='word_1_39' title='bbox 1058 382 1131 401; x_wconf 82' lang='lat' dir='ltr'><strong>rum</strong></span> <span class='ocrx_word' id='word_1_40' title='bbox 1155 373 1209 402; x_wconf 88' lang='lat' dir='ltr'><strong>de—</strong></span> 
     </span>
     <span class='ocr_line' id='line_1_7' title="bbox 235 412 1209 453; baseline 0 -10"><span class='ocrx_word' id='word_1_41' title='bbox 235 422 349 453; x_wconf 70' lang='lat' dir='ltr'><strong>repto-s</strong></span> <span class='ocrx_word' id='word_1_42' title='bbox 383 412 493 453; x_wconf 80' lang='lat' dir='ltr'><strong>aliquo</strong></span> <span class='ocrx_word' id='word_1_43' title='bbox 529 414 683 452; x_wconf 71' lang='lat' dir='ltr'><strong>specioso</strong></span> <span class='ocrx_word' id='word_1_44' title='bbox 715 412 854 443; x_wconf 85' lang='lat' dir='ltr'><strong>consilio</strong></span> <span class='ocrx_word' id='word_1_45' title='bbox 878 413 1018 452; x_wconf 88' lang='lat' dir='ltr'><strong>implicat</strong></span> <span class='ocrx_word' id='word_1_46' title='bbox 1045 412 1209 444; x_wconf 88' lang='lat' dir='ltr'><strong>hominum</strong></span> 
     </span>
     <span class='ocr_line' id='line_1_8' title="bbox 234 453 1208 495; baseline 0 -9"><span class='ocrx_word' id='word_1_47' title='bbox 234 455 394 486; x_wconf 85' lang='lat' dir='ltr'><strong>malornm</strong></span> <span class='ocrx_word' id='word_1_48' title='bbox 418 453 700 484; x_wconf 65' lang='lat' dir='ltr'><strong>tinniliaritsuilms.</strong></span> <span class='ocrx_word' id='word_1_49' title='bbox 756 455 907 494; x_wconf 79' lang='lat' dir='ltr'><strong>Denique</strong></span> <span class='ocrx_word' id='word_1_50' title='bbox 930 455 1119 495; x_wconf 75' lang='lat' dir='ltr'><strong>magnitudo</strong></span> <span class='ocrx_word' id='word_1_51' title='bbox 1143 466 1208 486; x_wconf 91' lang='lat' dir='ltr'><strong>ma-</strong></span> 
     </span>
     <span class='ocr_line' id='line_1_9' title="bbox 235 495 1208 536; baseline -0.001 -10"><span class='ocrx_word' id='word_1_52' title='bbox 235 497 352 529; x_wconf 81' lang='lat' dir='ltr'><strong>lorum,</strong></span> <span class='ocrx_word' id='word_1_53' title='bbox 376 498 494 536; x_wconf 81' lang='lat' dir='ltr'><strong>quibus</strong></span> <span class='ocrx_word' id='word_1_54' title='bbox 519 496 679 527; x_wconf 69' lang='lat' dir='ltr'><strong>Diabolus</strong></span> <span class='ocrx_word' id='word_1_55' title='bbox 700 495 839 535; x_wconf 83' lang='lat' dir='ltr'><strong>implicat</strong></span> <span class='ocrx_word' id='word_1_56' title='bbox 866 497 1026 531; x_wconf 76' lang='lat' dir='ltr'><strong>homines,</strong></span> <span class='ocrx_word' id='word_1_57' title='bbox 1061 498 1123 527; x_wconf 87' lang='lat' dir='ltr'><strong>imo</strong></span> <span class='ocrx_word' id='word_1_58' title='bbox 1147 497 1208 527; x_wconf 84' lang='lat' dir='ltr'><strong>Ec-</strong></span> 
     </span>
     <span class='ocr_line' id='line_1_10' title="bbox 235 538 1209 579; baseline 0.001 -11"><span class='ocrx_word' id='word_1_59' title='bbox 235 538 382 569; x_wconf 81' lang='lat' dir='ltr'><strong>clesiam.</strong></span> <span class='ocrx_word' id='word_1_60' title='bbox 407 540 546 568; x_wconf 72' lang='lat' dir='ltr'><strong>describi</strong></span> <span class='ocrx_word' id='word_1_61' title='bbox 573 540 682 568; x_wconf 72' lang='lat' dir='ltr'><strong>verbis</strong></span> <span class='ocrx_word' id='word_1_62' title='bbox 707 550 771 569; x_wconf 91' lang='lat' dir='ltr'><strong>non</strong></span> <span class='ocrx_word' id='word_1_63' title='bbox 796 546 914 579; x_wconf 70' lang='lat' dir='ltr'><strong>potest.</strong></span> <span class='ocrx_word' id='word_1_64' title='bbox 938 540 996 569; x_wconf 81' lang='lat' dir='ltr'><strong>sed</strong></span> <span class='ocrx_word' id='word_1_65' title='bbox 1020 538 1130 579; x_wconf 84' lang='lat' dir='ltr'><strong>aliquo</strong></span> <span class='ocrx_word' id='word_1_66' title='bbox 1143 550 1209 569; x_wconf 90' lang='lat' dir='ltr'><strong>mo-</strong></span> 
     </span>
     <span class='ocr_line' id='line_1_11' title="bbox 234 579 1209 621; baseline 0.001 -11"><span class='ocrx_word' id='word_1_67' title='bbox 234 582 275 611; x_wconf 85' lang='lat' dir='ltr'><strong>do</strong></span> <span class='ocrx_word' id='word_1_68' title='bbox 295 582 488 621; x_wconf 65' lang='lat' dir='ltr'><strong>agnoscitur</strong></span> <span class='ocrx_word' id='word_1_69' title='bbox 513 579 656 610; x_wconf 77' lang='lat' dir='ltr'><strong>historiis</strong></span> <span class='ocrx_word' id='word_1_70' title='bbox 681 582 823 611; x_wconf 89' lang='lat' dir='ltr'><strong>omnium</strong></span> <span class='ocrx_word' id='word_1_71' title='bbox 849 589 1028 621; x_wconf 75' lang='lat' dir='ltr'><strong>temporum</strong></span> <span class='ocrx_word' id='word_1_72' title='bbox 1053 588 1083 611; x_wconf 78' lang='lat' dir='ltr'><strong>et</strong></span> <span class='ocrx_word' id='word_1_73' title='bbox 1108 582 1209 621; x_wconf 82' lang='lat' dir='ltr'><strong>quoti-</strong></span> 
     </span>
     <span class='ocr_line' id='line_1_12' title="bbox 234 622 1208 662; baseline 0.001 -10"><span class='ocrx_word' id='word_1_74' title='bbox 234 624 337 653; x_wconf 77' lang='lat' dir='ltr'><strong>dianis</strong></span> <span class='ocrx_word' id='word_1_75' title='bbox 363 625 447 653; x_wconf 59' lang='lat' dir='ltr'><strong>sitae</strong></span> <span class='ocrx_word' id='word_1_76' title='bbox 471 622 626 662; x_wconf 74' lang='lat' dir='ltr'><strong>exemplis</strong></span> <span class='ocrx_word' id='word_1_77' title='bbox 651 624 879 656; x_wconf 73' lang='lat' dir='ltr'><strong>consideratis,</strong></span> <span class='ocrx_word' id='word_1_78' title='bbox 903 624 1088 653; x_wconf 66' lang='lat' dir='ltr'><strong>observatis</strong></span> <span class='ocrx_word' id='word_1_79' title='bbox 1112 624 1208 653; x_wconf 89' lang='lat' dir='ltr'><strong>etiam</strong></span> 
     </span>
     <span class='ocr_line' id='line_1_13' title="bbox 234 664 539 703; baseline -0.007 -8"><span class='ocrx_word' id='word_1_80' title='bbox 234 666 356 695; x_wconf 80' lang='lat' dir='ltr'><strong>nostris</strong></span> <span class='ocrx_word' id='word_1_81' title='bbox 381 664 539 703; x_wconf 81' lang='lat' dir='ltr'><strong>lapsibus.</strong></span> 
     </span>
    </p>

    <p class='ocr_par' dir='ltr' id='par_1_3' title="bbox 233 705 1209 1124">
     <span class='ocr_line' id='line_1_14' title="bbox 318 705 1209 746; baseline 0 -10"><span class='ocrx_word' id='word_1_82' title='bbox 318 705 447 736; x_wconf 70' lang='lat' dir='ltr'><strong>Deinde</strong></span> <span class='ocrx_word' id='word_1_83' title='bbox 471 706 612 746; x_wconf 68' lang='lat' dir='ltr'><strong>pericula</strong></span> <span class='ocrx_word' id='word_1_84' title='bbox 639 709 798 746; x_wconf 71' lang='lat' dir='ltr'><strong>corpoiis.</strong></span> <span class='ocrx_word' id='word_1_85' title='bbox 822 706 938 740; x_wconf 70' lang='lat' dir='ltr'><strong>famae,</strong></span> <span class='ocrx_word' id='word_1_86' title='bbox 959 706 1209 738; x_wconf 86' lang='lat' dir='ltr'><strong>re1·um.libero-</strong></span> 
     </span>
     <span class='ocr_line' id='line_1_15' title="bbox 234 748 1208 789; baseline -0.001 -9"><span class='ocrx_word' id='word_1_87' title='bbox 234 760 315 785; x_wconf 80' lang='lat' dir='ltr'><strong>rum,</strong></span> <span class='ocrx_word' id='word_1_88' title='bbox 339 748 562 779; x_wconf 76' lang='lat' dir='ltr'><strong>Ecclesiarum</strong></span> <span class='ocrx_word' id='word_1_89' title='bbox 588 757 772 778; x_wconf 85' lang='lat' dir='ltr'><strong>nostrarum</strong></span> <span class='ocrx_word' id='word_1_90' title='bbox 797 755 826 779; x_wconf 89' lang='lat' dir='ltr'><strong>et</strong></span> <span class='ocrx_word' id='word_1_91' title='bbox 852 750 1032 789; x_wconf 76' lang='lat' dir='ltr'><strong>regionum,</strong></span> <span class='ocrx_word' id='word_1_92' title='bbox 1056 759 1208 789; x_wconf 62' lang='grc'>(111118110-</span> 
     </span>
     <span class='ocr_line' id='line_1_16' title="bbox 234 790 1205 830; baseline -0.001 -8"><span class='ocrx_word' id='word_1_93' title='bbox 234 793 285 822; x_wconf 74' lang='lat' dir='ltr'><strong>bis</strong></span> <span class='ocrx_word' id='word_1_94' title='bbox 308 798 337 820; x_wconf 83' lang='lat' dir='ltr'><strong>et</strong></span> <span class='ocrx_word' id='word_1_95' title='bbox 363 791 479 820; x_wconf 72' lang='lat' dir='ltr'><strong>studiis</strong></span> <span class='ocrx_word' id='word_1_96' title='bbox 504 790 651 820; x_wconf 77' lang='lat' dir='ltr'><strong>honestis</strong></span> <span class='ocrx_word' id='word_1_97' title='bbox 676 790 817 829; x_wconf 78' lang='lat' dir='ltr'><strong>hospitia</strong></span> <span class='ocrx_word' id='word_1_98' title='bbox 842 791 1039 827; x_wconf 80' lang='lat' dir='ltr'><strong>concedunt,</strong></span> <span class='ocrx_word' id='word_1_99' title='bbox 1063 791 1157 830; x_wconf 84' lang='lat' dir='ltr'><strong>plura</strong></span> <span class='ocrx_word' id='word_1_100' title='bbox 1177 798 1205 821; x_wconf 89' lang='lat' dir='ltr'><strong>et</strong></span> 
     </span>
     <span class='ocr_line' id='line_1_17' title="bbox 233 833 1207 873; baseline -0.003 -10"><span class='ocrx_word' id='word_1_101' title='bbox 233 834 356 864; x_wconf 83' lang='lat' dir='ltr'><strong>maiora</strong></span> <span class='ocrx_word' id='word_1_102' title='bbox 386 839 479 863; x_wconf 80' lang='lat' dir='ltr'><strong>sunt.</strong></span> <span class='ocrx_word' id='word_1_103' title='bbox 515 843 611 872; x_wconf 83' lang='lat' dir='ltr'><strong>quam</strong></span> <span class='ocrx_word' id='word_1_104' title='bbox 644 840 676 862; x_wconf 86' lang='lat' dir='ltr'><strong>ut</strong></span> <span class='ocrx_word' id='word_1_105' title='bbox 703 834 850 862; x_wconf 81' lang='lat' dir='ltr'><strong>oratione</strong></span> <span class='ocrx_word' id='word_1_106' title='bbox 875 833 1108 872; x_wconf 85' lang='lat' dir='ltr'><strong>comprehendi</strong></span> <span class='ocrx_word' id='word_1_107' title='bbox 1133 843 1207 873; x_wconf 80' lang='lat' dir='ltr'><strong>pos-</strong></span> 
     </span>
     <span class='ocr_line' id='line_1_18' title="bbox 233 873 1208 913; baseline 0 -9"><span class='ocrx_word' id='word_1_108' title='bbox 233 877 307 905; x_wconf 70' lang='lat' dir='ltr'><strong>sint.</strong></span> <span class='ocrx_word' id='word_1_109' title='bbox 353 874 491 913; x_wconf 77' lang='lat' dir='ltr'><strong>Semper</strong></span> <span class='ocrx_word' id='word_1_110' title='bbox 521 873 669 904; x_wconf 79' lang='lat' dir='ltr'><strong>Ecclesia</strong></span> <span class='ocrx_word' id='word_1_111' title='bbox 694 875 742 904; x_wconf 86' lang='lat' dir='ltr'><strong>sic</strong></span> <span class='ocrx_word' id='word_1_112' title='bbox 766 875 855 910; x_wconf 62' lang='lat' dir='ltr'><strong>vixit,</strong></span> <span class='ocrx_word' id='word_1_113' title='bbox 889 881 920 905; x_wconf 88' lang='lat' dir='ltr'><strong>ut</strong></span> <span class='ocrx_word' id='word_1_114' title='bbox 946 874 1064 905; x_wconf 77' lang='lat' dir='ltr'>Daniel</span> <span class='ocrx_word' id='word_1_115' title='bbox 1087 876 1208 905; x_wconf 84' lang='lat' dir='ltr'><strong>sedens</strong></span> 
     </span>
     <span class='ocr_line' id='line_1_19' title="bbox 234 915 1208 956; baseline 0 -9"><span class='ocrx_word' id='word_1_116' title='bbox 234 919 316 948; x_wconf 84' lang='lat' dir='ltr'><strong>inter</strong></span> <span class='ocrx_word' id='word_1_117' title='bbox 350 915 483 949; x_wconf 49' lang='lat' dir='ltr'><strong>leonem</strong></span> <span class='ocrx_word' id='word_1_118' title='bbox 530 916 666 956; x_wconf 73' lang='lat' dir='ltr'><strong>Semper</strong></span> <span class='ocrx_word' id='word_1_119' title='bbox 694 917 835 956; x_wconf 87' lang='lat' dir='ltr'><strong>undique</strong></span> <span class='ocrx_word' id='word_1_120' title='bbox 858 915 989 947; x_wconf 77' lang='lat' dir='ltr'><strong>Diaboli</strong></span> <span class='ocrx_word' id='word_1_121' title='bbox 1014 918 1109 947; x_wconf 82' lang='lat' dir='ltr'><strong>nobis</strong></span> <span class='ocrx_word' id='word_1_122' title='bbox 1133 918 1208 947; x_wconf 86' lang='lat' dir='ltr'><strong>insi-</strong></span> 
     </span>
     <span class='ocr_line' id='line_1_20' title="bbox 234 957 1207 998; baseline 0 -9"><span class='ocrx_word' id='word_1_123' title='bbox 234 961 361 989; x_wconf 85' lang='lat' dir='ltr'><strong>diamur</strong></span> <span class='ocrx_word' id='word_1_124' title='bbox 385 965 415 988; x_wconf 81' lang='lat' dir='ltr'><strong>et</strong></span> <span class='ocrx_word' id='word_1_125' title='bbox 438 959 578 988; x_wconf 80' lang='lat' dir='ltr'><strong>subinde</strong></span> <span class='ocrx_word' id='word_1_126' title='bbox 602 957 720 988; x_wconf 82' lang='lat' dir='ltr'><strong>multos</strong></span> <span class='ocrx_word' id='word_1_127' title='bbox 740 964 902 994; x_wconf 73' lang='lat' dir='ltr'><strong>evertunt,</strong></span> <span class='ocrx_word' id='word_1_128' title='bbox 916 969 1046 998; x_wconf 87' lang='lat' dir='ltr'><strong>semper</strong></span> <span class='ocrx_word' id='word_1_129' title='bbox 1059 958 1207 989; x_wconf 86' lang='lat' dir='ltr'><strong>homines</strong></span> 
     </span>
     <span class='ocr_line' id='line_1_21' title="bbox 234 999 1207 1041; baseline 0.001 -11"><span class='ocrx_word' id='word_1_130' title='bbox 234 1002 320 1040; x_wconf 92' lang='lat' dir='ltr'><strong>impii</strong></span> <span class='ocrx_word' id='word_1_131' title='bbox 354 1001 540 1030; x_wconf 68' lang='lat' dir='ltr'>minitantur</span> <span class='ocrx_word' id='word_1_132' title='bbox 574 1001 698 1030; x_wconf 77' lang='lat' dir='ltr'><strong>atrocia</strong></span> <span class='ocrx_word' id='word_1_133' title='bbox 724 1000 916 1036; x_wconf 65' lang='lat' dir='ltr'><strong>Ecclesiae,</strong></span> <span class='ocrx_word' id='word_1_134' title='bbox 952 1010 1081 1041; x_wconf 79' lang='lat' dir='ltr'><strong>semper</strong></span> <span class='ocrx_word' id='word_1_135' title='bbox 1109 999 1207 1041; x_wconf 83' lang='lat' dir='ltr'><strong>aliqui</strong></span> 
     </span>
     <span class='ocr_line' id='line_1_22' title="bbox 234 1041 1207 1081; baseline 0.003 -10"><span class='ocrx_word' id='word_1_136' title='bbox 234 1043 323 1072; x_wconf 80' lang='lat' dir='ltr'><strong>saevi</strong></span> <span class='ocrx_word' id='word_1_137' title='bbox 345 1053 443 1072; x_wconf 80' lang='lat' dir='ltr'><strong>casus</strong></span> <span class='ocrx_word' id='word_1_138' title='bbox 468 1043 660 1081; x_wconf 77' lang='lat' dir='ltr'><strong>expectandi</strong></span> <span class='ocrx_word' id='word_1_139' title='bbox 685 1049 777 1076; x_wconf 57' lang='grc' dir='ltr'><strong>Α51111ῐς</strong></span> <span class='ocrx_word' id='word_1_140' title='bbox 801 1042 842 1072; x_wconf 93' lang='lat' dir='ltr'><strong>Ut</strong></span> <span class='ocrx_word' id='word_1_141' title='bbox 868 1041 988 1073; x_wconf 81' lang='lat' dir='ltr'><strong>multae</strong></span> <span class='ocrx_word' id='word_1_142' title='bbox 1011 1049 1087 1074; x_wconf 89' lang='lat' dir='ltr'><strong>sunt</strong></span> <span class='ocrx_word' id='word_1_143' title='bbox 1106 1045 1130 1075; x_wconf 74' lang='grc' dir='ltr'><strong>ι)</strong></span> <span class='ocrx_word' id='word_1_144' title='bbox 1153 1053 1207 1074; x_wconf 84' lang='lat' dir='ltr'><strong>su-</strong></span> 
     </span>
     <span class='ocr_line' id='line_1_23' title="bbox 236 1085 1020 1124; baseline 0 -10"><span class='ocrx_word' id='word_1_145' title='bbox 236 1085 321 1114; x_wconf 83' lang='lat' dir='ltr'><strong>bitae</strong></span> <span class='ocrx_word' id='word_1_146' title='bbox 345 1086 468 1120; x_wconf 84' lang='lat' dir='ltr'><strong>ruinae,</strong></span> <span class='ocrx_word' id='word_1_147' title='bbox 491 1095 531 1113; x_wconf 82' lang='lat' dir='ltr'><strong>ac</strong></span> <span class='ocrx_word' id='word_1_148' title='bbox 555 1085 724 1114; x_wconf 71' lang='lat' dir='ltr'><strong>verissime</strong></span> <span class='ocrx_word' id='word_1_149' title='bbox 748 1085 869 1114; x_wconf 79' lang='lat' dir='ltr'><strong>(lictum</strong></span> <span class='ocrx_word' id='word_1_150' title='bbox 893 1091 961 1114; x_wconf 86' lang='lat' dir='ltr'><strong>est:</strong></span> <span class='ocrx_word' id='word_1_151' title='bbox 982 1086 1020 1124; x_wconf 57' lang='grc' dir='ltr'><strong>ιιι)</strong></span> 
     </span>
    </p>

    <p class='ocr_par' dir='ltr' id='par_1_4' title="bbox 321 1125 1122 1166">
     <span class='ocr_line' id='line_1_24' title="bbox 321 1125 1122 1166; baseline 0 -11"><span class='ocrx_word' id='word_1_152' title='bbox 321 1127 435 1156; x_wconf 85' lang='lat' dir='ltr'><strong>Omnia</strong></span> <span class='ocrx_word' id='word_1_153' title='bbox 460 1134 533 1156; x_wconf 83' lang='lat' dir='ltr'><strong>sunt</strong></span> <span class='ocrx_word' id='word_1_154' title='bbox 560 1126 723 1156; x_wconf 91' lang='lat' dir='ltr'><strong>hominum</strong></span> <span class='ocrx_word' id='word_1_155' title='bbox 747 1128 833 1156; x_wconf 87' lang='lat' dir='ltr'><strong>tenui</strong></span> <span class='ocrx_word' id='word_1_156' title='bbox 857 1127 1031 1166; x_wconf 81' lang='lat' dir='ltr'><strong>pendentia</strong></span> <span class='ocrx_word' id='word_1_157' title='bbox 1055 1125 1122 1162; x_wconf 80' lang='lat' dir='ltr'><strong>iilo,</strong></span> 
     </span>
    </p>

    <p class='ocr_par' dir='ltr' id='par_1_5' title="bbox 389 1167 1079 1209">
     <span class='ocr_line' id='line_1_25' title="bbox 389 1167 1079 1209; baseline 0.001 -11"><span class='ocrx_word' id='word_1_158' title='bbox 389 1168 427 1198; x_wconf 83' lang='lat' dir='ltr'><strong>Et</strong></span> <span class='ocrx_word' id='word_1_159' title='bbox 451 1170 558 1198; x_wconf 64' lang='lat' dir='ltr'><strong>subito</strong></span> <span class='ocrx_word' id='word_1_160' title='bbox 583 1179 675 1204; x_wconf 83' lang='lat' dir='ltr'><strong>casu,</strong></span> <span class='ocrx_word' id='word_1_161' title='bbox 695 1179 777 1209; x_wconf 82' lang='lat' dir='ltr'><strong>quae</strong></span> <span class='ocrx_word' id='word_1_162' title='bbox 801 1167 944 1205; x_wconf 78' lang='lat' dir='ltr'><strong>valuere,</strong></span> <span class='ocrx_word' id='word_1_163' title='bbox 968 1175 1079 1199; x_wconf 88' lang='lat' dir='ltr'><strong>ruunt.</strong></span> 
     </span>
    </p>
   </div>
   <div class='ocr_carea' id='block_1_3' title="bbox 234 1252 1212 2259">
    <p class='ocr_par' dir='ltr' id='par_1_6' title="bbox 234 1252 1210 1798">
     <span class='ocr_line' id='line_1_26' title="bbox 320 1252 1208 1293; baseline -0.001 -10"><span class='ocrx_word' id='word_1_164' title='bbox 320 1254 474 1284; x_wconf 72' lang='lat' dir='ltr'><strong>Iuventus</strong></span> <span class='ocrx_word' id='word_1_165' title='bbox 509 1252 616 1286; x_wconf 76' lang='lat' dir='ltr'><strong>adhuc</strong></span> <span class='ocrx_word' id='word_1_166' title='bbox 640 1253 754 1292; x_wconf 85' lang='lat' dir='ltr'><strong>ignara</strong></span> <span class='ocrx_word' id='word_1_167' title='bbox 778 1253 864 1282; x_wconf 71' lang='lat' dir='ltr'><strong>vitae</strong></span> <span class='ocrx_word' id='word_1_168' title='bbox 888 1253 1084 1293; x_wconf 69' lang='lat' dir='ltr'><strong>imaginatur</strong></span> <span class='ocrx_word' id='word_1_169' title='bbox 1106 1252 1208 1283; x_wconf 90' lang='lat' dir='ltr'><strong>homi-</strong></span> 
     </span>
     <span class='ocr_line' id='line_1_27' title="bbox 234 1293 1207 1334; baseline -0.002 -8"><span class='ocrx_word' id='word_1_170' title='bbox 234 1306 294 1326; x_wconf 85' lang='lat' dir='ltr'><strong>nes</strong></span> <span class='ocrx_word' id='word_1_171' title='bbox 318 1297 408 1326; x_wconf 76' lang='lat' dir='ltr'><strong>nasci</strong></span> <span class='ocrx_word' id='word_1_172' title='bbox 433 1295 475 1325; x_wconf 84' lang='lat' dir='ltr'><strong>ad</strong></span> <span class='ocrx_word' id='word_1_173' title='bbox 498 1293 632 1325; x_wconf 78' lang='lat' dir='ltr'><strong>delicias</strong></span> <span class='ocrx_word' id='word_1_174' title='bbox 657 1302 686 1324; x_wconf 83' lang='lat' dir='ltr'><strong>ct</strong></span> <span class='ocrx_word' id='word_1_175' title='bbox 710 1293 866 1325; x_wconf 79' lang='lat' dir='ltr'><strong>fruendas</strong></span> <span class='ocrx_word' id='word_1_176' title='bbox 889 1294 1088 1334; x_wconf 71' lang='lat' dir='ltr'><strong>voluptates,</strong></span> <span class='ocrx_word' id='word_1_177' title='bbox 1103 1301 1133 1325; x_wconf 89' lang='lat' dir='ltr'><strong>et</strong></span> <span class='ocrx_word' id='word_1_178' title='bbox 1147 1295 1207 1324; x_wconf 88' lang='lat' dir='ltr'><strong>has</strong></span> 
     </span>
     <span class='ocr_line' id='line_1_28' title="bbox 235 1337 1208 1377; baseline -0.002 -9"><span class='ocrx_word' id='word_1_179' title='bbox 235 1339 350 1368; x_wconf 72' lang='lat' dir='ltr'><strong>otiosis</strong></span> <span class='ocrx_word' id='word_1_180' title='bbox 374 1338 488 1368; x_wconf 84' lang='lat' dir='ltr'><strong>animis</strong></span> <span class='ocrx_word' id='word_1_181' title='bbox 519 1338 641 1376; x_wconf 74' lang='lat' dir='ltr'><strong>expetit</strong></span> <span class='ocrx_word' id='word_1_182' title='bbox 674 1344 703 1366; x_wconf 88' lang='lat' dir='ltr'><strong>et</strong></span> <span class='ocrx_word' id='word_1_183' title='bbox 735 1338 876 1377; x_wconf 84' lang='lat' dir='ltr'><strong>quaerit;</strong></span> <span class='ocrx_word' id='word_1_184' title='bbox 921 1337 987 1367; x_wconf 80' lang='lat' dir='ltr'><strong>Sed</strong></span> <span class='ocrx_word' id='word_1_185' title='bbox 1010 1346 1124 1373; x_wconf 81' lang='lat' dir='ltr'><strong>seneS,</strong></span> <span class='ocrx_word' id='word_1_186' title='bbox 1155 1337 1208 1376; x_wconf 87' lang='lat' dir='ltr'><strong>qui</strong></span> 
     </span>
     <span class='ocr_line' id='line_1_29' title="bbox 235 1378 1209 1421; baseline -0.002 -11"><span class='ocrx_word' id='word_1_187' title='bbox 235 1381 453 1421; x_wconf 81' lang='lat' dir='ltr'><strong>degustarunt</strong></span> <span class='ocrx_word' id='word_1_188' title='bbox 476 1388 666 1408; x_wconf 87' lang='lat' dir='ltr'><strong>communes</strong></span> <span class='ocrx_word' id='word_1_189' title='bbox 688 1379 853 1409; x_wconf 78' lang='lat' dir='ltr'><strong>miserias.</strong></span> <span class='ocrx_word' id='word_1_190' title='bbox 888 1378 987 1419; x_wconf 84' lang='lat' dir='ltr'><strong>longe</strong></span> <span class='ocrx_word' id='word_1_191' title='bbox 1011 1378 1106 1408; x_wconf 85' lang='lat' dir='ltr'><strong>aliter</strong></span> <span class='ocrx_word' id='word_1_192' title='bbox 1131 1379 1209 1408; x_wconf 90' lang='lat' dir='ltr'><strong>iudi-</strong></span> 
     </span>
     <span class='ocr_line' id='line_1_30' title="bbox 236 1419 1209 1461; baseline -0.003 -9"><span class='ocrx_word' id='word_1_193' title='bbox 236 1429 328 1458; x_wconf 71' lang='lat' dir='ltr'><strong>cant,</strong></span> <span class='ocrx_word' id='word_1_194' title='bbox 361 1432 401 1452; x_wconf 87' lang='lat' dir='ltr'><strong>ac</strong></span> <span class='ocrx_word' id='word_1_195' title='bbox 425 1419 608 1461; x_wconf 78' lang='lat' dir='ltr'><strong>intelligunt</strong></span> <span class='ocrx_word' id='word_1_196' title='bbox 635 1420 721 1450; x_wconf 89' lang='lat' dir='ltr'><strong>hanc</strong></span> <span class='ocrx_word' id='word_1_197' title='bbox 747 1421 844 1450; x_wconf 68' lang='lat' dir='ltr'><strong>vitam</strong></span> <span class='ocrx_word' id='word_1_198' title='bbox 868 1422 1056 1451; x_wconf 81' lang='lat' dir='ltr'><strong>universam</strong></span> <span class='ocrx_word' id='word_1_199' title='bbox 1080 1420 1209 1459; x_wconf 85' lang='lat' dir='ltr'><strong>plenam</strong></span> 
     </span>
     <span class='ocr_line' id='line_1_31' title="bbox 235 1461 1209 1502; baseline -0.003 -8"><span class='ocrx_word' id='word_1_200' title='bbox 235 1474 310 1494; x_wconf 82' lang='lat' dir='ltr'><strong>esse</strong></span> <span class='ocrx_word' id='word_1_201' title='bbox 333 1474 572 1494; x_wconf 74' lang='lat' dir='ltr'><strong>aerumnarum.</strong></span> <span class='ocrx_word' id='word_1_202' title='bbox 597 1473 658 1493; x_wconf 90' lang='lat' dir='ltr'><strong>nec</strong></span> <span class='ocrx_word' id='word_1_203' title='bbox 682 1461 870 1492; x_wconf 68' lang='lat' dir='ltr'><strong>dissimilem</strong></span> <span class='ocrx_word' id='word_1_204' title='bbox 895 1463 1026 1499; x_wconf 80' lang='lat' dir='ltr'><strong>civitati,</strong></span> <span class='ocrx_word' id='word_1_205' title='bbox 1049 1471 1132 1502; x_wconf 89' lang='lat' dir='ltr'><strong>quae</strong></span> <span class='ocrx_word' id='word_1_206' title='bbox 1145 1463 1209 1492; x_wconf 89' lang='lat' dir='ltr'><strong>cin-</strong></span> 
     </span>
     <span class='ocr_line' id='line_1_32' title="bbox 235 1504 1210 1545; baseline -0.003 -9"><span class='ocrx_word' id='word_1_207' title='bbox 235 1514 289 1536; x_wconf 81' lang='lat' dir='ltr'><strong>cta</strong></span> <span class='ocrx_word' id='word_1_208' title='bbox 324 1506 494 1536; x_wconf 84' lang='lat' dir='ltr'><strong>obsidione</strong></span> <span class='ocrx_word' id='word_1_209' title='bbox 525 1506 665 1545; x_wconf 87' lang='lat' dir='ltr'><strong>undique</strong></span> <span class='ocrx_word' id='word_1_210' title='bbox 689 1505 847 1534; x_wconf 78' lang='lat' dir='ltr'><strong>acerrime</strong></span> <span class='ocrx_word' id='word_1_211' title='bbox 869 1505 911 1535; x_wconf 89' lang='lat' dir='ltr'><strong>ab</strong></span> <span class='ocrx_word' id='word_1_212' title='bbox 934 1504 1086 1534; x_wconf 74' lang='lat' dir='ltr'><strong>hostibus</strong></span> <span class='ocrx_word' id='word_1_213' title='bbox 1110 1514 1210 1544; x_wconf 90' lang='lat' dir='ltr'><strong>oppu-</strong></span> 
     </span>
     <span class='ocr_line' id='line_1_33' title="bbox 235 1545 1209 1588; baseline -0.003 -10"><span class='ocrx_word' id='word_1_214' title='bbox 235 1556 364 1588; x_wconf 81' lang='lat' dir='ltr'><strong>gnatur,</strong></span> <span class='ocrx_word' id='word_1_215' title='bbox 388 1555 417 1577; x_wconf 80' lang='lat' dir='ltr'><strong>ct</strong></span> <span class='ocrx_word' id='word_1_216' title='bbox 442 1549 473 1577; x_wconf 88' lang='lat' dir='ltr'><strong>in</strong></span> <span class='ocrx_word' id='word_1_217' title='bbox 497 1558 592 1587; x_wconf 85' lang='lat' dir='ltr'><strong>quam</strong></span> <span class='ocrx_word' id='word_1_218' title='bbox 618 1557 703 1577; x_wconf 91' lang='lat' dir='ltr'><strong>nunc</strong></span> <span class='ocrx_word' id='word_1_219' title='bbox 726 1547 767 1576; x_wconf 85' lang='lat' dir='ltr'><strong>ab</strong></span> <span class='ocrx_word' id='word_1_220' title='bbox 787 1546 849 1576; x_wconf 92' lang='lat' dir='ltr'><strong>hac</strong></span> <span class='ocrx_word' id='word_1_221' title='bbox 871 1552 964 1586; x_wconf 88' lang='lat' dir='ltr'><strong>parte</strong></span> <span class='ocrx_word' id='word_1_222' title='bbox 986 1556 1072 1576; x_wconf 89' lang='lat' dir='ltr'><strong>nunc</strong></span> <span class='ocrx_word' id='word_1_223' title='bbox 1091 1547 1132 1576; x_wconf 90' lang='lat' dir='ltr'><strong>ab</strong></span> <span class='ocrx_word' id='word_1_224' title='bbox 1145 1545 1209 1575; x_wconf 85' lang='lat' dir='ltr'><strong>alia</strong></span> 
     </span>
     <span class='ocr_line' id='line_1_34' title="bbox 235 1587 1210 1629; baseline -0.002 -9"><span class='ocrx_word' id='word_1_225' title='bbox 235 1590 350 1620; x_wconf 78' lang='lat' dir='ltr'><strong>hostes</strong></span> <span class='ocrx_word' id='word_1_226' title='bbox 375 1591 511 1627; x_wconf 86' lang='lat' dir='ltr'><strong>irruunt,</strong></span> <span class='ocrx_word' id='word_1_227' title='bbox 535 1590 678 1619; x_wconf 77' lang='lat' dir='ltr'><strong>excitant</strong></span> <span class='ocrx_word' id='word_1_228' title='bbox 701 1589 862 1625; x_wconf 76' lang='lat' dir='ltr'><strong>incendia,</strong></span> <span class='ocrx_word' id='word_1_229' title='bbox 876 1595 1025 1619; x_wconf 86' lang='lat' dir='ltr'><strong>evertunt</strong></span> <span class='ocrx_word' id='word_1_230' title='bbox 1036 1587 1147 1629; x_wconf 86' lang='lat' dir='ltr'><strong>aliqua</strong></span> <span class='ocrx_word' id='word_1_231' title='bbox 1159 1597 1210 1618; x_wconf 87' lang='lat' dir='ltr'><strong>ae-</strong></span> 
     </span>
     <span class='ocr_line' id='line_1_35' title="bbox 236 1631 1210 1671; baseline -0.003 -9"><span class='ocrx_word' id='word_1_232' title='bbox 236 1633 362 1667; x_wconf 81' lang='lat' dir='ltr'><strong>diticia,</strong></span> <span class='ocrx_word' id='word_1_233' title='bbox 393 1639 422 1662; x_wconf 85' lang='lat' dir='ltr'><strong>et</strong></span> <span class='ocrx_word' id='word_1_234' title='bbox 447 1633 502 1662; x_wconf 68' lang='lat' dir='ltr'><strong>vix</strong></span> <span class='ocrx_word' id='word_1_235' title='bbox 526 1631 740 1671; x_wconf 86' lang='lat' dir='ltr'><strong>repelluntur.</strong></span> <span class='ocrx_word' id='word_1_236' title='bbox 786 1631 947 1661; x_wconf 80' lang='lat' dir='ltr'><strong>Mirantur</strong></span> <span class='ocrx_word' id='word_1_237' title='bbox 970 1636 1059 1661; x_wconf 84' lang='lat' dir='ltr'><strong>certe</strong></span> <span class='ocrx_word' id='word_1_238' title='bbox 1084 1631 1210 1669; x_wconf 87' lang='lat' dir='ltr'><strong>sapien-</strong></span> 
     </span>
     <span class='ocr_line' id='line_1_36' title="bbox 236 1671 1209 1713; baseline -0.003 -8"><span class='ocrx_word' id='word_1_239' title='bbox 236 1682 286 1705; x_wconf 78' lang='lat' dir='ltr'><strong>tes</strong></span> <span class='ocrx_word' id='word_1_240' title='bbox 310 1684 442 1707; x_wconf 76' lang='lat' dir='ltr'><strong>omnes,</strong></span> <span class='ocrx_word' id='word_1_241' title='bbox 476 1685 535 1704; x_wconf 86' lang='lat' dir='ltr'><strong>cur</strong></span> <span class='ocrx_word' id='word_1_242' title='bbox 557 1674 640 1703; x_wconf 88' lang='lat' dir='ltr'><strong>haec</strong></span> <span class='ocrx_word' id='word_1_243' title='bbox 664 1679 836 1713; x_wconf 79' lang='lat' dir='ltr'><strong>praestans</strong></span> <span class='ocrx_word' id='word_1_244' title='bbox 861 1679 892 1702; x_wconf 90' lang='lat' dir='ltr'><strong>et</strong></span> <span class='ocrx_word' id='word_1_245' title='bbox 914 1680 1022 1703; x_wconf 89' lang='lat' dir='ltr'><strong>tamen</strong></span> <span class='ocrx_word' id='word_1_246' title='bbox 1047 1671 1209 1702; x_wconf 83' lang='lat' dir='ltr'><strong>imbecilla</strong></span> 
     </span>
     <span class='ocr_line' id='line_1_37' title="bbox 235 1715 1210 1754; baseline -0.002 -8"><span class='ocrx_word' id='word_1_247' title='bbox 235 1716 400 1747; x_wconf 87' lang='lat' dir='ltr'><strong>hominum</strong></span> <span class='ocrx_word' id='word_1_248' title='bbox 435 1723 551 1746; x_wconf 88' lang='lat' dir='ltr'><strong>natura</strong></span> <span class='ocrx_word' id='word_1_249' title='bbox 585 1717 683 1745; x_wconf 75' lang='lat' dir='ltr'><strong>tantis</strong></span> <span class='ocrx_word' id='word_1_250' title='bbox 717 1716 856 1745; x_wconf 77' lang='lat' dir='ltr'><strong>miseriis</strong></span> <span class='ocrx_word' id='word_1_251' title='bbox 880 1721 1016 1745; x_wconf 88' lang='lat' dir='ltr'><strong>onerata</strong></span> <span class='ocrx_word' id='word_1_252' title='bbox 1039 1715 1092 1751; x_wconf 85' lang='lat' dir='ltr'><strong>sit,</strong></span> <span class='ocrx_word' id='word_1_253' title='bbox 1127 1723 1210 1754; x_wconf 89' lang='lat' dir='ltr'><strong>quas</strong></span> 
     </span>
     <span class='ocr_line' id='line_1_38' title="bbox 236 1758 851 1798; baseline -0.003 -10"><span class='ocrx_word' id='word_1_254' title='bbox 236 1758 382 1798; x_wconf 86' lang='lat' dir='ltr'><strong>perferre</strong></span> <span class='ocrx_word' id='word_1_255' title='bbox 401 1759 468 1788; x_wconf 68' lang='lat' dir='ltr'><strong>suis</strong></span> <span class='ocrx_word' id='word_1_256' title='bbox 493 1759 617 1788; x_wconf 65' lang='lat' dir='ltr'><strong>viribus</strong></span> <span class='ocrx_word' id='word_1_257' title='bbox 641 1768 706 1787; x_wconf 86' lang='lat' dir='ltr'><strong>non</strong></span> <span class='ocrx_word' id='word_1_258' title='bbox 731 1762 851 1796; x_wconf 80' lang='lat' dir='ltr'><strong>potest.</strong></span> 
     </span>
    </p>

    <p class='ocr_par' dir='ltr' id='par_1_7' title="bbox 237 1797 1212 2259">
     <span class='ocr_line' id='line_1_39' title="bbox 322 1797 1211 1839; baseline -0.002 -9"><span class='ocrx_word' id='word_1_259' title='bbox 322 1800 426 1831; x_wconf 78' lang='lat' dir='ltr'><strong>Vetus</strong></span> <span class='ocrx_word' id='word_1_260' title='bbox 452 1801 573 1830; x_wconf 90' lang='lat' dir='ltr'><strong>dictum</strong></span> <span class='ocrx_word' id='word_1_261' title='bbox 597 1806 665 1836; x_wconf 80' lang='lat' dir='ltr'><strong>est,</strong></span> <span class='ocrx_word' id='word_1_262' title='bbox 691 1798 960 1839; x_wconf 87' lang='lat' dir='ltr'><strong>Unumquemque</strong></span> <span class='ocrx_word' id='word_1_263' title='bbox 982 1797 1110 1828; x_wconf 78' lang='lat' dir='ltr'><strong>fabrum</strong></span> <span class='ocrx_word' id='word_1_264' title='bbox 1135 1807 1211 1828; x_wconf 84' lang='lat' dir='ltr'><strong>esse</strong></span> 
     </span>
     <span class='ocr_line' id='line_1_40' title="bbox 238 1839 1209 1881; baseline -0.004 -8"><span class='ocrx_word' id='word_1_265' title='bbox 238 1854 317 1874; x_wconf 84' lang='lat' dir='ltr'><strong>suae</strong></span> <span class='ocrx_word' id='word_1_266' title='bbox 351 1841 518 1878; x_wconf 83' lang='lat' dir='ltr'><strong>fortunae,</strong></span> <span class='ocrx_word' id='word_1_267' title='bbox 553 1842 647 1881; x_wconf 80' lang='lat' dir='ltr'><strong>quasi</strong></span> <span class='ocrx_word' id='word_1_268' title='bbox 671 1841 801 1871; x_wconf 73' lang='lat' dir='ltr'><strong>fornum</strong></span> <span class='ocrx_word' id='word_1_269' title='bbox 826 1842 894 1881; x_wconf 80' lang='lat' dir='ltr'><strong>regi</strong></span> <span class='ocrx_word' id='word_1_270' title='bbox 917 1842 1040 1871; x_wconf 83' lang='lat' dir='ltr'><strong>nostris</strong></span> <span class='ocrx_word' id='word_1_271' title='bbox 1066 1839 1209 1870; x_wconf 83' lang='lat' dir='ltr'><strong>consiliis</strong></span> 
     </span>
     <span class='ocr_line' id='line_1_41' title="bbox 238 1882 1210 1925; baseline -0.004 -9"><span class='ocrx_word' id='word_1_272' title='bbox 238 1892 269 1916; x_wconf 85' lang='lat' dir='ltr'><strong>et</strong></span> <span class='ocrx_word' id='word_1_273' title='bbox 303 1885 447 1925; x_wconf 82' lang='lat' dir='ltr'><strong>prospici</strong></span> <span class='ocrx_word' id='word_1_274' title='bbox 470 1895 508 1914; x_wconf 90' lang='lat' dir='ltr'><strong>ac</strong></span> <span class='ocrx_word' id='word_1_275' title='bbox 533 1885 642 1914; x_wconf 72' lang='lat' dir='ltr'><strong>caven‘</strong></span> <span class='ocrx_word' id='word_1_276' title='bbox 666 1883 806 1913; x_wconf 87' lang='lat' dir='ltr'><strong>lnunana</strong></span> <span class='ocrx_word' id='word_1_277' title='bbox 830 1882 998 1924; x_wconf 85' lang='lat' dir='ltr'><strong>diligentia</strong></span> <span class='ocrx_word' id='word_1_278' title='bbox 1020 1892 1133 1913; x_wconf 80' lang='lat' dir='ltr'><strong>omnes</strong></span> <span class='ocrx_word' id='word_1_279' title='bbox 1158 1892 1210 1913; x_wconf 85' lang='lat' dir='ltr'><strong>ca-</strong></span> 
     </span>
     <span class='ocr_line' id='line_1_42' title="bbox 238 1924 1210 1967; baseline -0.003 -10"><span class='ocrx_word' id='word_1_280' title='bbox 238 1938 296 1957; x_wconf 74' lang='lat' dir='ltr'><strong>sus</strong></span> <span class='ocrx_word' id='word_1_281' title='bbox 324 1928 462 1967; x_wconf 81' lang='lat' dir='ltr'><strong>possint.</strong></span> <span class='ocrx_word' id='word_1_282' title='bbox 509 1926 575 1956; x_wconf 74' lang='lat' dir='ltr'><strong>Sed</strong></span> <span class='ocrx_word' id='word_1_283' title='bbox 600 1927 640 1955; x_wconf 90' lang='lat' dir='ltr'><strong>de</strong></span> <span class='ocrx_word' id='word_1_284' title='bbox 662 1926 817 1955; x_wconf 72' lang='lat' dir='ltr'><strong>universa</strong></span> <span class='ocrx_word' id='word_1_285' title='bbox 841 1924 980 1955; x_wconf 87' lang='lat' dir='ltr'><strong>hominis</strong></span> <span class='ocrx_word' id='word_1_286' title='bbox 1003 1926 1210 1965; x_wconf 80' lang='lat' dir='ltr'><strong>gubernatio-</strong></span> 
     </span>
     <span class='ocr_line' id='line_1_43' title="bbox 238 1966 1210 2007; baseline -0.004 -8"><span class='ocrx_word' id='word_1_287' title='bbox 238 1980 278 2000; x_wconf 87' lang='lat' dir='ltr'><strong>ne</strong></span> <span class='ocrx_word' id='word_1_288' title='bbox 313 1971 434 1999; x_wconf 87' lang='lat' dir='ltr'><strong>‹lictum</strong></span> <span class='ocrx_word' id='word_1_289' title='bbox 468 1967 547 1999; x_wconf 89' lang='lat' dir='ltr'><strong>illud</strong></span> <span class='ocrx_word' id='word_1_290' title='bbox 576 1968 679 2007; x_wconf 83' lang='lat' dir='ltr'><strong>accipi</strong></span> <span class='ocrx_word' id='word_1_291' title='bbox 704 1977 768 1997; x_wconf 85' lang='lat' dir='ltr'><strong>non</strong></span> <span class='ocrx_word' id='word_1_292' title='bbox 792 1977 894 2006; x_wconf 81' lang='lat' dir='ltr'><strong>posse</strong></span> <span class='ocrx_word' id='word_1_293' title='bbox 917 1966 1123 1997; x_wconf 80' lang='lat' dir='ltr'><strong>manifestum</strong></span> <span class='ocrx_word' id='word_1_294' title='bbox 1148 1972 1210 1996; x_wconf 88' lang='lat' dir='ltr'><strong>est.</strong></span> 
     </span>
     <span class='ocr_line' id='line_1_44' title="bbox 237 2006 1210 2050; baseline -0.005 -8"><span class='ocrx_word' id='word_1_295' title='bbox 237 2012 342 2042; x_wconf 78' lang='lat' dir='ltr'><strong>Adam</strong></span> <span class='ocrx_word' id='word_1_296' title='bbox 384 2021 447 2040; x_wconf 93' lang='lat' dir='ltr'><strong>non</strong></span> <span class='ocrx_word' id='word_1_297' title='bbox 481 2016 589 2050; x_wconf 86' lang='lat' dir='ltr'><strong>potest</strong></span> <span class='ocrx_word' id='word_1_298' title='bbox 622 2010 814 2049; x_wconf 71' lang='lat' dir='ltr'><strong>prospicere</strong></span> <span class='ocrx_word' id='word_1_299' title='bbox 848 2015 877 2039; x_wconf 84' lang='lat' dir='ltr'><strong>et</strong></span> <span class='ocrx_word' id='word_1_300' title='bbox 912 2010 1066 2049; x_wconf 87' lang='lat' dir='ltr'><strong>impedire</strong></span> <span class='ocrx_word' id='word_1_301' title='bbox 1099 2006 1210 2038; x_wconf 87' lang='lat' dir='ltr'><strong>scelus</strong></span> 
     </span>
     <span class='ocr_line' id='line_1_45' title="bbox 237 2051 1211 2090; baseline -0.004 -7"><span class='ocrx_word' id='word_1_302' title='bbox 237 2053 292 2083; x_wconf 82' lang='lat' dir='ltr'><strong>filii</strong></span> <span class='ocrx_word' id='word_1_303' title='bbox 317 2053 408 2089; x_wconf 85' lang='lat' dir='ltr'><strong>Cain,</strong></span> <span class='ocrx_word' id='word_1_304' title='bbox 444 2063 503 2082; x_wconf 82' lang='lat' dir='ltr'><strong>nec</strong></span> <span class='ocrx_word' id='word_1_305' title='bbox 527 2052 662 2081; x_wconf 80' lang='lat' dir='ltr'><strong>eluctari</strong></span> <span class='ocrx_word' id='word_1_306' title='bbox 687 2052 757 2081; x_wconf 79' lang='lat' dir='ltr'><strong>suis</strong></span> <span class='ocrx_word' id='word_1_307' title='bbox 781 2052 903 2080; x_wconf 72' lang='lat' dir='ltr'><strong>viribus</strong></span> <span class='ocrx_word' id='word_1_308' title='bbox 928 2061 967 2080; x_wconf 81' lang='lat' dir='ltr'><strong>ex</strong></span> <span class='ocrx_word' id='word_1_309' title='bbox 991 2051 1211 2090; x_wconf 80' lang='lat' dir='ltr'><strong>magnitudine</strong></span> 
     </span>
     <span class='ocr_line' id='line_1_46' title="bbox 239 2092 1209 2135; baseline -0.005 -9"><span class='ocrx_word' id='word_1_310' title='bbox 239 2095 405 2131; x_wconf 76' lang='lat' dir='ltr'><strong>dolomm,</strong></span> <span class='ocrx_word' id='word_1_311' title='bbox 429 2096 483 2135; x_wconf 88' lang='lat' dir='ltr'><strong>qui</strong></span> <span class='ocrx_word' id='word_1_312' title='bbox 507 2093 592 2124; x_wconf 87' lang='lat' dir='ltr'><strong>illam</strong></span> <span class='ocrx_word' id='word_1_313' title='bbox 617 2092 753 2123; x_wconf 80' lang='lat' dir='ltr'><strong>fratrum</strong></span> <span class='ocrx_word' id='word_1_314' title='bbox 777 2092 995 2133; x_wconf 80' lang='lat' dir='ltr'><strong>Tragoediam</strong></span> <span class='ocrx_word' id='word_1_315' title='bbox 1019 2098 1209 2132; x_wconf 87' lang='lat' dir='ltr'><strong>sequnntur.</strong></span> 
     </span>
     <span class='ocr_line' id='line_1_47' title="bbox 237 2134 1211 2178; baseline -0.004 -10"><span class='ocrx_word' id='word_1_316' title='bbox 237 2136 370 2178; x_wconf 81' lang='lat' dir='ltr'><strong>Aliquid</strong></span> <span class='ocrx_word' id='word_1_317' title='bbox 394 2138 528 2177; x_wconf 66' lang='lat' dir='ltr'><strong>prodest</strong></span> <span class='ocrx_word' id='word_1_318' title='bbox 558 2135 721 2176; x_wconf 76' lang='lat' dir='ltr'><strong>diligentia</strong></span> <span class='ocrx_word' id='word_1_319' title='bbox 747 2136 776 2165; x_wconf 91' lang='lat' dir='ltr'><strong>in</strong></span> <span class='ocrx_word' id='word_1_320' title='bbox 801 2134 864 2165; x_wconf 90' lang='lat' dir='ltr'><strong>hac</strong></span> <span class='ocrx_word' id='word_1_321' title='bbox 887 2135 1047 2165; x_wconf 89' lang='lat' dir='ltr'><strong>communi</strong></span> <span class='ocrx_word' id='word_1_322' title='bbox 1072 2144 1211 2164; x_wconf 83' lang='lat' dir='ltr'><strong>consue-</strong></span> 
     </span>
     <span class='ocr_line' id='line_1_48' title="bbox 238 2177 1211 2218; baseline -0.004 -9"><span class='ocrx_word' id='word_1_323' title='bbox 238 2181 349 2210; x_wconf 85' lang='lat' dir='ltr'><strong>tudine</strong></span> <span class='ocrx_word' id='word_1_324' title='bbox 384 2180 482 2215; x_wconf 69' lang='lat' dir='ltr'><strong>x‘itae,</strong></span> <span class='ocrx_word' id='word_1_325' title='bbox 516 2179 546 2209; x_wconf 93' lang='lat' dir='ltr'><strong>in</strong></span> <span class='ocrx_word' id='word_1_326' title='bbox 571 2180 669 2208; x_wconf 86' lang='lat' dir='ltr'><strong>rebus</strong></span> <span class='ocrx_word' id='word_1_327' title='bbox 694 2177 887 2212; x_wconf 75' lang='lat' dir='ltr'><strong>levioribus,</strong></span> <span class='ocrx_word' id='word_1_328' title='bbox 921 2187 1005 2218; x_wconf 85' lang='lat' dir='ltr'><strong>quae</strong></span> <span class='ocrx_word' id='word_1_329' title='bbox 1027 2177 1170 2216; x_wconf 85' lang='lat' dir='ltr'><strong>pendent</strong></span> <span class='ocrx_word' id='word_1_330' title='bbox 1192 2186 1211 2205; x_wconf 88' lang='lat' dir='ltr'><strong>a</strong></span> 
     </span>
     <span class='ocr_line' id='line_1_49' title="bbox 238 2217 1212 2259; baseline -0.005 -7"><span class='ocrx_word' id='word_1_331' title='bbox 238 2224 364 2252; x_wconf 83' lang='lat' dir='ltr'><strong>nostris</strong></span> <span class='ocrx_word' id='word_1_332' title='bbox 389 2220 620 2252; x_wconf 70' lang='lat' dir='ltr'><strong>voluntatibus.</strong></span> <span class='ocrx_word' id='word_1_333' title='bbox 656 2220 769 2259; x_wconf 69' lang='lat' dir='ltr'><strong>Scipio</strong></span> <span class='ocrx_word' id='word_1_334' title='bbox 793 2230 855 2249; x_wconf 88' lang='lat' dir='ltr'><strong>sua</strong></span> <span class='ocrx_word' id='word_1_335' title='bbox 876 2220 1100 2250; x_wconf 86' lang='lat' dir='ltr'><strong>moderatione</strong></span> <span class='ocrx_word' id='word_1_336' title='bbox 1118 2217 1212 2249; x_wconf 85' lang='lat' dir='ltr'><strong>faber</strong></span> 
     </span>
    </p>
   </div>
   <div class='ocr_carea' id='block_1_4' title="bbox 242 2355 1211 2452">
    <p class='ocr_par' dir='ltr' id='par_1_8' title="bbox 242 2355 1211 2452">
     <span class='ocr_line' id='line_1_50' title="bbox 242 2355 1211 2387; baseline -0.005 -5"><span class='ocrx_word' id='word_1_337' title='bbox 242 2358 303 2387; x_wconf 88' lang='grc'>100)</span> <span class='ocrx_word' id='word_1_338' title='bbox 322 2357 416 2387; x_wconf 71' lang='lat' dir='ltr'><strong>onena]</strong></span> <span class='ocrx_word' id='word_1_339' title='bbox 432 2357 466 2381; x_wconf 71' lang='lat' dir='ltr'><strong>si(-</strong></span> <span class='ocrx_word' id='word_1_340' title='bbox 486 2357 556 2381; x_wconf 75' lang='lat' dir='ltr'><strong>Edin.</strong></span> <span class='ocrx_word' id='word_1_341' title='bbox 579 2356 667 2377; x_wconf 72' lang='lat'>1—10.</span> <span class='ocrx_word' id='word_1_342' title='bbox 690 2355 742 2382; x_wconf 58' lang='lat'><strong>123</strong></span> <span class='ocrx_word' id='word_1_343' title='bbox 761 2355 804 2379; x_wconf 77' lang='lat' dir='ltr'><strong>Ed.</strong></span> <span class='ocrx_word' id='word_1_344' title='bbox 826 2355 864 2376; x_wconf 84' lang='grc'><strong>11.</strong></span> <span class='ocrx_word' id='word_1_345' title='bbox 883 2360 979 2383; x_wconf 79' lang='lat' dir='ltr'><strong>poenas</strong></span> <span class='ocrx_word' id='word_1_346' title='bbox 997 2359 1095 2378; x_wconf 79' lang='lat' dir='ltr'><strong>errore</strong></span> <span class='ocrx_word' id='word_1_347' title='bbox 1113 2359 1211 2383; x_wconf 80' lang='lat' dir='ltr'><strong>opera-</strong></span> 
     </span>
     <span class='ocr_line' id='line_1_51' title="bbox 324 2387 1211 2420; baseline -0.006 -4"><span class='ocrx_word' id='word_1_348' title='bbox 324 2398 395 2418; x_wconf 74' lang='lat' dir='ltr'><strong>rum,</strong></span> <span class='ocrx_word' id='word_1_349' title='bbox 414 2390 490 2420; x_wconf 73' lang='lat' dir='ltr'><strong>quod</strong></span> <span class='ocrx_word' id='word_1_350' title='bbox 507 2392 597 2414; x_wconf 74' lang='lat' dir='ltr'><strong>lamen</strong></span> <span class='ocrx_word' id='word_1_351' title='bbox 616 2390 643 2414; x_wconf 79' lang='lat' dir='ltr'><strong>in</strong></span> <span class='ocrx_word' id='word_1_352' title='bbox 655 2390 695 2413; x_wconf 80' lang='lat' dir='ltr'><strong>Ed.</strong></span> <span class='ocrx_word' id='word_1_353' title='bbox 716 2388 755 2411; x_wconf 84' lang='grc'><strong>13.</strong></span> <span class='ocrx_word' id='word_1_354' title='bbox 775 2390 904 2413; x_wconf 74' lang='lat' dir='ltr'><strong>mutatur</strong></span> <span class='ocrx_word' id='word_1_355' title='bbox 922 2389 949 2412; x_wconf 76' lang='lat' dir='ltr'><strong>in.</strong></span> <span class='ocrx_word' id='word_1_356' title='bbox 961 2388 1050 2417; x_wconf 80' lang='lat' dir='ltr'><strong>poenis</strong></span> <span class='ocrx_word' id='word_1_357' title='bbox 1060 2387 1142 2417; x_wconf 75' lang='lat' dir='ltr'><strong>idque</strong></span> <span class='ocrx_word' id='word_1_358' title='bbox 1153 2393 1211 2412; x_wconf 83' lang='lat' dir='ltr'><strong>ser-</strong></span> 
     </span>
     <span class='ocr_line' id='line_1_52' title="bbox 324 2422 779 2452; baseline -0.011 -2"><span class='ocrx_word' id='word_1_359' title='bbox 324 2427 392 2450; x_wconf 71' lang='lat' dir='ltr'><strong>van!</strong></span> <span class='ocrx_word' id='word_1_360' title='bbox 410 2430 502 2449; x_wconf 79' lang='lat' dir='ltr'><strong>omnes</strong></span> <span class='ocrx_word' id='word_1_361' title='bbox 517 2424 689 2452; x_wconf 76' lang='lat' dir='ltr'><strong>posteriores</strong></span> <span class='ocrx_word' id='word_1_362' title='bbox 708 2422 779 2446; x_wconf 82' lang='lat' dir='ltr'><strong>Editt.</strong></span> 
     </span>
    </p>
   </div>
   <div class='ocr_carea' id='block_1_5' title="bbox 260 2470 1163 2555">
    <p class='ocr_par' dir='ltr' id='par_1_9' title="bbox 260 2470 1163 2555">
     <span class='ocr_line' id='line_1_53' title="bbox 260 2470 1163 2505; baseline -0.01 -5"><span class='ocrx_word' id='word_1_363' title='bbox 260 2477 285 2505; x_wconf 87' lang='grc'><strong>1)</strong></span> <span class='ocrx_word' id='word_1_364' title='bbox 324 2479 381 2500; x_wconf 85' lang='lat' dir='ltr'><strong>sunt</strong></span> <span class='ocrx_word' id='word_1_365' title='bbox 400 2475 531 2499; x_wconf 78' lang='lat' dir='ltr'><strong>omittunt</strong></span> <span class='ocrx_word' id='word_1_366' title='bbox 550 2473 621 2498; x_wconf 74' lang='lat' dir='ltr'><strong>Edizt.</strong></span> <span class='ocrx_word' id='word_1_367' title='bbox 642 2474 681 2495; x_wconf 75' lang='grc'><strong>22.</strong></span> <span class='ocrx_word' id='word_1_368' title='bbox 701 2473 740 2495; x_wconf 73' lang='lat'><strong>24.</strong></span> <span class='ocrx_word' id='word_1_369' title='bbox 762 2473 801 2497; x_wconf 74' lang='lat'><strong>28.</strong></span> <span class='ocrx_word' id='word_1_370' title='bbox 820 2472 860 2495; x_wconf 72' lang='lat'><strong>29.</strong></span> <span class='ocrx_word' id='word_1_371' title='bbox 881 2471 998 2500; x_wconf 79' lang='lat'>31-33.‚</span> <span class='ocrx_word' id='word_1_372' title='bbox 1017 2472 1075 2500; x_wconf 77' lang='lat' dir='ltr'><strong>Opp.</strong></span> <span class='ocrx_word' id='word_1_373' title='bbox 1099 2471 1120 2492; x_wconf 85' lang='lat'><strong>1.</strong></span> <span class='ocrx_word' id='word_1_374' title='bbox 1141 2470 1163 2492; x_wconf 78' lang='lat'><strong>2.</strong></span> 
     </span>
     <span class='ocr_line' id='line_1_54' title="bbox 269 2523 841 2555; baseline -0.005 -5"><span class='ocrx_word' id='word_1_375' title='bbox 269 2528 308 2555; x_wconf 70' lang='lat'><strong>1.)</strong></span> <span class='ocrx_word' id='word_1_376' title='bbox 328 2526 396 2551; x_wconf 75' lang='lat' dir='ltr'><strong>Oxid.</strong></span> <span class='ocrx_word' id='word_1_377' title='bbox 416 2526 490 2554; x_wconf 65' lang='lat' dir='ltr'><strong>Epist.</strong></span> <span class='ocrx_word' id='word_1_378' title='bbox 510 2530 541 2548; x_wconf 82' lang='lat' dir='ltr'><strong>ex</strong></span> <span class='ocrx_word' id='word_1_379' title='bbox 561 2525 637 2549; x_wconf 82' lang='lat' dir='ltr'><strong>Ponto</strong></span> <span class='ocrx_word' id='word_1_380' title='bbox 655 2524 691 2548; x_wconf 80' lang='lat' dir='ltr'><strong>lv.</strong></span> <span class='ocrx_word' id='word_1_381' title='bbox 711 2523 734 2552; x_wconf 80' lang='lat'><strong>3,</strong></span> <span class='ocrx_word' id='word_1_382' title='bbox 753 2523 784 2545; x_wconf 69' lang='lat'><strong>:15</strong></span> <span class='ocrx_word' id='word_1_383' title='bbox 804 2529 841 2552; x_wconf 61' lang='lat' dir='ltr'><strong>sq,</strong></span> 
     </span>
    </p>
   </div>
   <div class='ocr_carea' id='block_1_6' title="bbox 863 113 1596 145">
    <p class='ocr_par' dir='ltr' id='par_1_10' title="bbox 863 113 1596 145">
     <span class='ocr_line' id='line_1_55' title="bbox 863 113 1596 145; baseline 0.001 -2"><span class='ocrx_word' id='word_1_384' title='bbox 863 113 971 144; x_wconf 87' lang='lat' dir='ltr'><strong>PlllL.</strong></span> <span class='ocrx_word' id='word_1_385' title='bbox 995 113 1097 144; x_wconf 84' lang='lat' dir='ltr'><strong>MEL.</strong></span> <span class='ocrx_word' id='word_1_386' title='bbox 1117 113 1300 145; x_wconf 76' lang='lat' dir='ltr'>SCRIPTA</span> <span class='ocrx_word' id='word_1_387' title='bbox 1322 113 1596 145; x_wconf 81' lang='lat' dir='ltr'>DOGMATch.</span> 
     </span>
    </p>
   </div>
   <div class='ocr_carea' id='block_1_7' title="bbox 2157 114 2221 146">
    <p class='ocr_par' dir='ltr' id='par_1_11' title="bbox 2157 114 2221 146">
     <span class='ocr_line' id='line_1_56' title="bbox 2157 114 2221 146; baseline 0.016 -1"><span class='ocrx_word' id='word_1_388' title='bbox 2157 114 2221 146; x_wconf 81' lang='lat'><strong>968</strong></span> 
     </span>
    </p>
   </div>
   <div class='ocr_carea' id='block_1_8' title="bbox 1250 205 2222 1207">
    <p class='ocr_par' dir='ltr' id='par_1_12' title="bbox 1250 205 2222 1071">
     <span class='ocr_line' id='line_1_57' title="bbox 1252 205 2220 245; baseline 0.002 -10"><span class='ocrx_word' id='word_1_389' title='bbox 1252 212 1301 235; x_wconf 88' lang='lat' dir='ltr'><strong>est</strong></span> <span class='ocrx_word' id='word_1_390' title='bbox 1325 216 1406 236; x_wconf 82' lang='lat' dir='ltr'><strong>suae</strong></span> <span class='ocrx_word' id='word_1_391' title='bbox 1430 205 1596 241; x_wconf 75' lang='lat' dir='ltr'><strong>fortunae,</strong></span> <span class='ocrx_word' id='word_1_392' title='bbox 1630 205 1717 245; x_wconf 85' lang='lat' dir='ltr'><strong>quod</strong></span> <span class='ocrx_word' id='word_1_393' title='bbox 1741 206 1810 245; x_wconf 87' lang='lat' dir='ltr'><strong>ipse</strong></span> <span class='ocrx_word' id='word_1_394' title='bbox 1833 215 1897 236; x_wconf 91' lang='lat' dir='ltr'><strong>non</strong></span> <span class='ocrx_word' id='word_1_395' title='bbox 1920 206 2070 236; x_wconf 75' lang='lat' dir='ltr'><strong>accendit</strong></span> <span class='ocrx_word' id='word_1_396' title='bbox 2099 206 2220 238; x_wconf 89' lang='lat' dir='ltr'><strong>bellum</strong></span> 
     </span>
     <span class='ocr_line' id='line_1_58' title="bbox 1251 246 2221 287; baseline 0.001 -11"><span class='ocrx_word' id='word_1_397' title='bbox 1251 246 1347 277; x_wconf 79' lang='lat' dir='ltr'><strong>civile</strong></span> <span class='ocrx_word' id='word_1_398' title='bbox 1367 248 1541 287; x_wconf 82' lang='lat' dir='ltr'><strong>cupiditate</strong></span> <span class='ocrx_word' id='word_1_399' title='bbox 1560 247 1733 280; x_wconf 77' lang='lat' dir='ltr'><strong>vindictae,</strong></span> <span class='ocrx_word' id='word_1_400' title='bbox 1754 253 1785 277; x_wconf 85' lang='lat' dir='ltr'><strong>ut</strong></span> <span class='ocrx_word' id='word_1_401' title='bbox 1800 253 1912 286; x_wconf 83' lang='lat' dir='ltr'><strong>postea</strong></span> <span class='ocrx_word' id='word_1_402' title='bbox 1928 247 2073 278; x_wconf 86' lang='lat' dir='ltr'><strong>fecerunt</strong></span> <span class='ocrx_word' id='word_1_403' title='bbox 2085 248 2221 286; x_wconf 88' lang='lat' dir='ltr'><strong>Marius,</strong></span> 
     </span>
     <span class='ocr_line' id='line_1_59' title="bbox 1252 287 2220 328; baseline 0.003 -11"><span class='ocrx_word' id='word_1_404' title='bbox 1252 288 1438 328; x_wconf 79' lang='lat' dir='ltr'><strong>Pompeius.</strong></span> <span class='ocrx_word' id='word_1_405' title='bbox 1459 289 1592 318; x_wconf 73' lang='lat' dir='ltr'><strong>Caesar.</strong></span> <span class='ocrx_word' id='word_1_406' title='bbox 1628 288 1694 319; x_wconf 86' lang='lat' dir='ltr'><strong>Sed</strong></span> <span class='ocrx_word' id='word_1_407' title='bbox 1718 287 1794 318; x_wconf 91' lang='lat' dir='ltr'><strong>nihil</strong></span> <span class='ocrx_word' id='word_1_408' title='bbox 1818 290 1948 319; x_wconf 88' lang='lat' dir='ltr'><strong>dubium</strong></span> <span class='ocrx_word' id='word_1_409' title='bbox 1971 296 2022 320; x_wconf 82' lang='lat' dir='ltr'><strong>est</strong></span> <span class='ocrx_word' id='word_1_410' title='bbox 2044 288 2144 320; x_wconf 84' lang='lat' dir='ltr'><strong>multa</strong></span> <span class='ocrx_word' id='word_1_411' title='bbox 2166 291 2220 320; x_wconf 86' lang='lat' dir='ltr'><strong>tri—</strong></span> 
     </span>
     <span class='ocr_line' id='line_1_60' title="bbox 1251 329 2221 371; baseline 0.003 -12"><span class='ocrx_word' id='word_1_412' title='bbox 1251 331 1313 360; x_wconf 85' lang='lat' dir='ltr'><strong>stia</strong></span> <span class='ocrx_word' id='word_1_413' title='bbox 1338 329 1424 360; x_wconf 86' lang='lat' dir='ltr'><strong>mala</strong></span> <span class='ocrx_word' id='word_1_414' title='bbox 1457 331 1608 360; x_wconf 82' lang='lat' dir='ltr'><strong>accidere</strong></span> <span class='ocrx_word' id='word_1_415' title='bbox 1632 331 1769 366; x_wconf 91' lang='lat' dir='ltr'><strong>homini,</strong></span> <span class='ocrx_word' id='word_1_416' title='bbox 1802 341 1885 371; x_wconf 87' lang='lat' dir='ltr'><strong>quae</strong></span> <span class='ocrx_word' id='word_1_417' title='bbox 1907 337 1961 362; x_wconf 90' lang='lat' dir='ltr'><strong>aut</strong></span> <span class='ocrx_word' id='word_1_418' title='bbox 1992 342 2057 361; x_wconf 86' lang='lat' dir='ltr'><strong>non</strong></span> <span class='ocrx_word' id='word_1_419' title='bbox 2081 337 2221 371; x_wconf 85' lang='lat' dir='ltr'><strong>possunt</strong></span> 
     </span>
     <span class='ocr_line' id='line_1_61' title="bbox 1250 373 2221 412; baseline 0.002 -11"><span class='ocrx_word' id='word_1_420' title='bbox 1250 373 1405 412; x_wconf 73' lang='lat' dir='ltr'><strong>prospici,</strong></span> <span class='ocrx_word' id='word_1_421' title='bbox 1429 378 1496 405; x_wconf 84' lang='lat' dir='ltr'><strong>aut,</strong></span> <span class='ocrx_word' id='word_1_422' title='bbox 1519 373 1546 402; x_wconf 84' lang='lat' dir='ltr'><strong>si</strong></span> <span class='ocrx_word' id='word_1_423' title='bbox 1570 384 1634 412; x_wconf 85' lang='lat' dir='ltr'><strong>qua</strong></span> <span class='ocrx_word' id='word_1_424' title='bbox 1658 379 1795 411; x_wconf 84' lang='lat' dir='ltr'><strong>possunt</strong></span> <span class='ocrx_word' id='word_1_425' title='bbox 1820 374 1974 412; x_wconf 75' lang='lat' dir='ltr'><strong>prospici,</strong></span> <span class='ocrx_word' id='word_1_426' title='bbox 1988 379 2094 403; x_wconf 89' lang='lat' dir='ltr'><strong>tamen</strong></span> <span class='ocrx_word' id='word_1_427' title='bbox 2108 375 2138 403; x_wconf 93' lang='lat' dir='ltr'><strong>in</strong></span> <span class='ocrx_word' id='word_1_428' title='bbox 2152 379 2221 403; x_wconf 85' lang='lat' dir='ltr'><strong>tan-</strong></span> 
     </span>
     <span class='ocr_line' id='line_1_62' title="bbox 1253 413 2222 455; baseline 0.003 -13"><span class='ocrx_word' id='word_1_429' title='bbox 1253 414 1292 443; x_wconf 82' lang='lat' dir='ltr'><strong>tis</strong></span> <span class='ocrx_word' id='word_1_430' title='bbox 1327 415 1492 443; x_wconf 79' lang='lat' dir='ltr'><strong>erroribus</strong></span> <span class='ocrx_word' id='word_1_431' title='bbox 1526 413 1674 444; x_wconf 87' lang='lat' dir='ltr'><strong>humanis</strong></span> <span class='ocrx_word' id='word_1_432' title='bbox 1708 424 1772 444; x_wconf 90' lang='lat' dir='ltr'><strong>non</strong></span> <span class='ocrx_word' id='word_1_433' title='bbox 1810 420 1984 451; x_wconf 82' lang='lat' dir='ltr'><strong>caventur,</strong></span> <span class='ocrx_word' id='word_1_434' title='bbox 2018 416 2093 454; x_wconf 81' lang='lat' dir='ltr'><strong>quia</strong></span> <span class='ocrx_word' id='word_1_435' title='bbox 2122 424 2222 455; x_wconf 88' lang='lat' dir='ltr'><strong>saepe</strong></span> 
     </span>
     <span class='ocr_line' id='line_1_63' title="bbox 1252 454 2220 495; baseline 0.003 -11"><span class='ocrx_word' id='word_1_436' title='bbox 1252 454 1490 485; x_wconf 67' lang='lat' dir='ltr'><strong>hallucinantur</strong></span> <span class='ocrx_word' id='word_1_437' title='bbox 1511 462 1541 485; x_wconf 83' lang='lat' dir='ltr'><strong>et</strong></span> <span class='ocrx_word' id='word_1_438' title='bbox 1565 457 1660 486; x_wconf 82' lang='lat' dir='ltr'><strong>nobis</strong></span> <span class='ocrx_word' id='word_1_439' title='bbox 1685 457 1784 495; x_wconf 73' lang='lat' dir='ltr'><strong>ipsi‘2)</strong></span> <span class='ocrx_word' id='word_1_440' title='bbox 1815 457 1918 486; x_wconf 84' lang='lat' dir='ltr'><strong>bonas</strong></span> <span class='ocrx_word' id='word_1_441' title='bbox 1941 466 2018 495; x_wconf 83' lang='lat' dir='ltr'><strong>spes</strong></span> <span class='ocrx_word' id='word_1_442' title='bbox 2042 455 2142 487; x_wconf 79' lang='lat' dir='ltr'><strong>stulte</strong></span> <span class='ocrx_word' id='word_1_443' title='bbox 2163 456 2220 487; x_wconf 86' lang='lat' dir='ltr'><strong>fin-</strong></span> 
     </span>
     <span class='ocr_line' id='line_1_64' title="bbox 1251 497 2221 537; baseline 0.001 -10"><span class='ocrx_word' id='word_1_444' title='bbox 1251 499 1367 536; x_wconf 76' lang='lat' dir='ltr'><strong>ginms,</strong></span> <span class='ocrx_word' id='word_1_445' title='bbox 1390 503 1423 526; x_wconf 93' lang='lat' dir='ltr'><strong>ut</strong></span> <span class='ocrx_word' id='word_1_446' title='bbox 1448 503 1573 537; x_wconf 86' lang='lat' dir='ltr'><strong>poterat</strong></span> <span class='ocrx_word' id='word_1_447' title='bbox 1600 498 1772 537; x_wconf 82' lang='lat' dir='ltr'><strong>Pompeius</strong></span> <span class='ocrx_word' id='word_1_448' title='bbox 1796 508 1861 527; x_wconf 88' lang='lat' dir='ltr'><strong>non</strong></span> <span class='ocrx_word' id='word_1_449' title='bbox 1884 508 2015 528; x_wconf 82' lang='lat' dir='ltr'><strong>movere</strong></span> <span class='ocrx_word' id='word_1_450' title='bbox 2040 497 2158 528; x_wconf 82' lang='lat' dir='ltr'><strong>bellum</strong></span> <span class='ocrx_word' id='word_1_451' title='bbox 2178 499 2221 528; x_wconf 88' lang='lat' dir='ltr'><strong>ci-</strong></span> 
     </span>
     <span class='ocr_line' id='line_1_65' title="bbox 1251 538 2219 580; baseline 0.001 -12"><span class='ocrx_word' id='word_1_452' title='bbox 1251 538 1327 575; x_wconf 65' lang='lat' dir='ltr'><strong>vile,</strong></span> <span class='ocrx_word' id='word_1_453' title='bbox 1351 539 1409 569; x_wconf 84' lang='lat' dir='ltr'><strong>sed</strong></span> <span class='ocrx_word' id='word_1_454' title='bbox 1432 539 1586 569; x_wconf 77' lang='lat' dir='ltr'><strong>incensus</strong></span> <span class='ocrx_word' id='word_1_455' title='bbox 1612 541 1786 580; x_wconf 87' lang='lat' dir='ltr'><strong>cupiditate</strong></span> <span class='ocrx_word' id='word_1_456' title='bbox 1810 546 1840 569; x_wconf 90' lang='lat' dir='ltr'><strong>et</strong></span> <span class='ocrx_word' id='word_1_457' title='bbox 1864 540 1950 570; x_wconf 92' lang='lat' dir='ltr'><strong>inani</strong></span> <span class='ocrx_word' id='word_1_458' title='bbox 1978 550 2037 580; x_wconf 89' lang='lat' dir='ltr'><strong>spe</strong></span> <span class='ocrx_word' id='word_1_459' title='bbox 2060 540 2091 569; x_wconf 88' lang='lat' dir='ltr'><strong>in</strong></span> <span class='ocrx_word' id='word_1_460' title='bbox 2114 541 2219 570; x_wconf 39' lang='lat' dir='ltr'><strong>consi*</strong></span> 
     </span>
     <span class='ocr_line' id='line_1_66' title="bbox 1251 580 2219 620; baseline 0.001 -10"><span class='ocrx_word' id='word_1_461' title='bbox 1251 580 1294 610; x_wconf 91' lang='lat' dir='ltr'><strong>lio</strong></span> <span class='ocrx_word' id='word_1_462' title='bbox 1319 581 1460 616; x_wconf 78' lang='lat' dir='ltr'><strong>errabat,</strong></span> <span class='ocrx_word' id='word_1_463' title='bbox 1484 589 1514 611; x_wconf 88' lang='lat' dir='ltr'><strong>ut</strong></span> <span class='ocrx_word' id='word_1_464' title='bbox 1540 582 1677 611; x_wconf 85' lang='lat' dir='ltr'><strong>dicitur:</strong></span> <span class='ocrx_word' id='word_1_465' title='bbox 1712 584 1787 611; x_wconf 71' lang='grc' dir='ltr'>κενοὶ</span> <span class='ocrx_word' id='word_1_466' title='bbox 1811 581 1877 611; x_wconf 74' lang='grc' dir='ltr'><strong>κενά</strong></span> <span class='ocrx_word' id='word_1_467' title='bbox 1901 583 2063 620; x_wconf 73' lang='grc' dir='ltr'><em>λογίζονται</em></span> <span class='ocrx_word' id='word_1_468' title='bbox 2085 581 2135 611; x_wconf 81' lang='grc' dir='ltr'><strong>διὰ</strong></span> <span class='ocrx_word' id='word_1_469' title='bbox 2159 584 2219 612; x_wconf 71' lang='grc' dir='ltr'><strong>ἐπι-</strong></span> 
     </span>
     <span class='ocr_line' id='line_1_67' title="bbox 1251 622 2222 664; baseline 0.002 -12"><span class='ocrx_word' id='word_1_470' title='bbox 1251 625 1416 660; x_wconf 44' lang='lat' dir='ltr'><strong>nuptas-‚⁵⁷5</strong></span> <span class='ocrx_word' id='word_1_471' title='bbox 1465 622 1648 660; x_wconf 85' lang='lat' dir='ltr'><strong>Postremo,</strong></span> <span class='ocrx_word' id='word_1_472' title='bbox 1671 630 1842 664; x_wconf 78' lang='lat' dir='ltr'><strong>postquam</strong></span> <span class='ocrx_word' id='word_1_473' title='bbox 1866 622 1939 653; x_wconf 82' lang='lat' dir='ltr'><strong>alea</strong></span> <span class='ocrx_word' id='word_1_474' title='bbox 1962 625 2046 654; x_wconf 88' lang='lat' dir='ltr'><strong>iacta</strong></span> <span class='ocrx_word' id='word_1_475' title='bbox 2069 630 2130 660; x_wconf 86' lang='lat' dir='ltr'><strong>est,</strong></span> <span class='ocrx_word' id='word_1_476' title='bbox 2149 633 2222 654; x_wconf 85' lang='lat' dir='ltr'><strong>sae-</strong></span> 
     </span>
     <span class='ocr_line' id='line_1_68' title="bbox 1250 663 2222 705; baseline 0.002 -11"><span class='ocrx_word' id='word_1_477' title='bbox 1250 675 1291 705; x_wconf 87' lang='lat' dir='ltr'><strong>pe</strong></span> <span class='ocrx_word' id='word_1_478' title='bbox 1314 665 1463 695; x_wconf 80' lang='lat' dir='ltr'><strong>accidunt</strong></span> <span class='ocrx_word' id='word_1_479' title='bbox 1494 663 1586 701; x_wconf 86' lang='lat' dir='ltr'><strong>talia,</strong></span> <span class='ocrx_word' id='word_1_480' title='bbox 1618 676 1701 705; x_wconf 86' lang='lat' dir='ltr'><strong>quae</strong></span> <span class='ocrx_word' id='word_1_481' title='bbox 1724 664 1869 705; x_wconf 77' lang='lat' dir='ltr'><strong>perferre</strong></span> <span class='ocrx_word' id='word_1_482' title='bbox 1893 666 1953 695; x_wconf 84' lang='lat' dir='ltr'><strong>nisi</strong></span> <span class='ocrx_word' id='word_1_483' title='bbox 1976 665 2050 696; x_wconf 89' lang='lat' dir='ltr'><strong>Deo</strong></span> <span class='ocrx_word' id='word_1_484' title='bbox 2075 666 2222 696; x_wconf 84' lang='lat' dir='ltr'><strong>adiutore</strong></span> 
     </span>
     <span class='ocr_line' id='line_1_69' title="bbox 1251 707 2217 746; baseline 0.001 -10"><span class='ocrx_word' id='word_1_485' title='bbox 1251 717 1315 737; x_wconf 90' lang='lat' dir='ltr'><strong>non</strong></span> <span class='ocrx_word' id='word_1_486' title='bbox 1350 716 1536 746; x_wconf 78' lang='lat' dir='ltr'><strong>possumus.</strong></span> <span class='ocrx_word' id='word_1_487' title='bbox 1582 707 1699 743; x_wconf 84' lang='lat' dir='ltr'><strong>Adam,</strong></span> <span class='ocrx_word' id='word_1_488' title='bbox 1733 708 1837 738; x_wconf 81' lang='lat' dir='ltr'><strong>David</strong></span> <span class='ocrx_word' id='word_1_489' title='bbox 1873 708 2124 738; x_wconf 76' lang='lat' dir='ltr'><strong>succubuissent</strong></span> <span class='ocrx_word' id='word_1_490' title='bbox 2149 707 2217 737; x_wconf 86' lang='lat' dir='ltr'><strong>suis</strong></span> 
     </span>
     <span class='ocr_line' id='line_1_70' title="bbox 1251 748 2220 784; baseline 0.001 -6"><span class='ocrx_word' id='word_1_491' title='bbox 1251 748 1431 784; x_wconf 75' lang='lat' dir='ltr'><strong>doloribus,</strong></span> <span class='ocrx_word' id='word_1_492' title='bbox 1466 749 1526 778; x_wconf 79' lang='lat' dir='ltr'><strong>nisi</strong></span> <span class='ocrx_word' id='word_1_493' title='bbox 1550 749 1700 778; x_wconf 79' lang='lat' dir='ltr'><strong>divinitus</strong></span> <span class='ocrx_word' id='word_1_494' title='bbox 1724 751 1896 780; x_wconf 74' lang='lat' dir='ltr'><strong>sustentati</strong></span> <span class='ocrx_word' id='word_1_495' title='bbox 1920 748 2069 780; x_wconf 73' lang='lat' dir='ltr'><strong>fuissent.</strong></span> <span class='ocrx_word' id='word_1_496' title='bbox 2115 748 2220 780; x_wconf 88' lang='lat' dir='ltr'><strong>Caus-</strong></span> 
     </span>
     <span class='ocr_line' id='line_1_71' title="bbox 1251 791 2222 831; baseline 0.001 -11"><span class='ocrx_word' id='word_1_497' title='bbox 1251 801 1307 820; x_wconf 80' lang='lat' dir='ltr'><strong>sas</strong></span> <span class='ocrx_word' id='word_1_498' title='bbox 1331 800 1409 820; x_wconf 78' lang='lat' dir='ltr'><strong>vero</strong></span> <span class='ocrx_word' id='word_1_499' title='bbox 1435 795 1594 821; x_wconf 85' lang='lat' dir='ltr'><strong>tantarum</strong></span> <span class='ocrx_word' id='word_1_500' title='bbox 1619 791 1821 821; x_wconf 80' lang='lat' dir='ltr'><strong>miseriarum</strong></span> <span class='ocrx_word' id='word_1_501' title='bbox 1845 801 1945 831; x_wconf 82' lang='lat' dir='ltr'><strong>supra</strong></span> <span class='ocrx_word' id='word_1_502' title='bbox 1964 791 2114 827; x_wconf 80' lang='lat' dir='ltr'><strong>recitavi,</strong></span> <span class='ocrx_word' id='word_1_503' title='bbox 2144 801 2222 831; x_wconf 88' lang='lat' dir='ltr'><strong>qua-</strong></span> 
     </span>
     <span class='ocr_line' id='line_1_72' title="bbox 1253 831 2221 872; baseline 0.001 -11"><span class='ocrx_word' id='word_1_504' title='bbox 1253 842 1321 862; x_wconf 91' lang='lat' dir='ltr'><strong>rum</strong></span> <span class='ocrx_word' id='word_1_505' title='bbox 1344 832 1539 872; x_wconf 83' lang='lat' dir='ltr'><strong>praecipuas</strong></span> <span class='ocrx_word' id='word_1_506' title='bbox 1563 833 1692 872; x_wconf 82' lang='lat' dir='ltr'><strong>ignorat</strong></span> <span class='ocrx_word' id='word_1_507' title='bbox 1717 832 1939 872; x_wconf 71' lang='lat' dir='ltr'><strong>Philosophia,</strong></span> <span class='ocrx_word' id='word_1_508' title='bbox 1963 833 2050 872; x_wconf 86' lang='lat' dir='ltr'><strong>quod</strong></span> <span class='ocrx_word' id='word_1_509' title='bbox 2070 831 2221 863; x_wconf 83' lang='lat' dir='ltr'><strong>videlicet</strong></span> 
     </span>
     <span class='ocr_line' id='line_1_73' title="bbox 1252 873 2222 905; baseline 0.002 -2"><span class='ocrx_word' id='word_1_510' title='bbox 1252 874 1344 904; x_wconf 86' lang='lat' dir='ltr'><strong>Deus</strong></span> <span class='ocrx_word' id='word_1_511' title='bbox 1368 875 1474 904; x_wconf 73' lang='lat' dir='ltr'><strong>iustus</strong></span> <span class='ocrx_word' id='word_1_512' title='bbox 1498 875 1592 905; x_wconf 83' lang='lat' dir='ltr'><strong>iudex</strong></span> <span class='ocrx_word' id='word_1_513' title='bbox 1613 873 1759 904; x_wconf 77' lang='lat' dir='ltr'><strong>declaret</strong></span> <span class='ocrx_word' id='word_1_514' title='bbox 1783 874 1833 904; x_wconf 86' lang='lat' dir='ltr'><strong>his</strong></span> <span class='ocrx_word' id='word_1_515' title='bbox 1856 875 2049 905; x_wconf 82' lang='lat' dir='ltr'><strong>testimoniis</strong></span> <span class='ocrx_word' id='word_1_516' title='bbox 2072 875 2152 904; x_wconf 82' lang='lat' dir='ltr'><strong>iram</strong></span> <span class='ocrx_word' id='word_1_517' title='bbox 2169 884 2222 905; x_wconf 91' lang='lat' dir='ltr'><strong>su-</strong></span> 
     </span>
     <span class='ocr_line' id='line_1_74' title="bbox 1251 915 2222 956; baseline 0.001 -11"><span class='ocrx_word' id='word_1_518' title='bbox 1251 926 1302 945; x_wconf 86' lang='lat' dir='ltr'><strong>am</strong></span> <span class='ocrx_word' id='word_1_519' title='bbox 1332 916 1495 946; x_wconf 84' lang='lat' dir='ltr'><strong>adversus</strong></span> <span class='ocrx_word' id='word_1_520' title='bbox 1530 926 1731 946; x_wconf 90' lang='lat' dir='ltr'><strong>communem</strong></span> <span class='ocrx_word' id='word_1_521' title='bbox 1764 917 1961 956; x_wconf 85' lang='lat' dir='ltr'><strong>pravitatem</strong></span> <span class='ocrx_word' id='word_1_522' title='bbox 1979 916 2168 947; x_wconf 86' lang='lat' dir='ltr'><strong>haerentem</strong></span> <span class='ocrx_word' id='word_1_523' title='bbox 2190 915 2222 946; x_wconf 91' lang='lat' dir='ltr'><strong>in</strong></span> 
     </span>
     <span class='ocr_line' id='line_1_75' title="bbox 1251 957 2221 999; baseline 0.001 -12"><span class='ocrx_word' id='word_1_524' title='bbox 1251 958 1401 987; x_wconf 86' lang='lat' dir='ltr'><strong>omnibus</strong></span> <span class='ocrx_word' id='word_1_525' title='bbox 1436 957 1621 988; x_wconf 86' lang='lat' dir='ltr'><strong>hominibus</strong></span> <span class='ocrx_word' id='word_1_526' title='bbox 1657 964 1688 988; x_wconf 88' lang='lat' dir='ltr'><strong>et</strong></span> <span class='ocrx_word' id='word_1_527' title='bbox 1711 959 1871 988; x_wconf 84' lang='lat' dir='ltr'><strong>adversus</strong></span> <span class='ocrx_word' id='word_1_528' title='bbox 1894 957 1995 988; x_wconf 83' lang='lat' dir='ltr'><strong>multa</strong></span> <span class='ocrx_word' id='word_1_529' title='bbox 2017 957 2221 999; x_wconf 85' lang='lat' dir='ltr'><strong>singulorum</strong></span> 
     </span>
     <span class='ocr_line' id='line_1_76' title="bbox 1251 997 2222 1040; baseline 0.002 -12"><span class='ocrx_word' id='word_1_530' title='bbox 1251 998 1397 1036; x_wconf 83' lang='lat' dir='ltr'><strong>scelera,</strong></span> <span class='ocrx_word' id='word_1_531' title='bbox 1432 1006 1566 1039; x_wconf 86' lang='lat' dir='ltr'><strong>propter</strong></span> <span class='ocrx_word' id='word_1_532' title='bbox 1589 1010 1672 1040; x_wconf 88' lang='lat' dir='ltr'><strong>quae</strong></span> <span class='ocrx_word' id='word_1_533' title='bbox 1696 1010 1884 1030; x_wconf 84' lang='lat' dir='ltr'><strong>communes</strong></span> <span class='ocrx_word' id='word_1_534' title='bbox 1908 1010 2034 1040; x_wconf 86' lang='lat' dir='ltr'><strong>poenae</strong></span> <span class='ocrx_word' id='word_1_535' title='bbox 2057 997 2222 1032; x_wconf 79' lang='lat' dir='ltr'><strong>cumulan-</strong></span> 
     </span>
     <span class='ocr_line' id='line_1_77' title="bbox 1251 1047 1312 1071; baseline -0.016 0"><span class='ocrx_word' id='word_1_536' title='bbox 1251 1047 1312 1071; x_wconf 84' lang='lat' dir='ltr'><strong>tur.</strong></span> 
     </span>
    </p>

    <p class='ocr_par' dir='ltr' id='par_1_13' title="bbox 1251 1082 2222 1207">
     <span class='ocr_line' id='line_1_78' title="bbox 1336 1082 2222 1124; baseline 0 -12"><span class='ocrx_word' id='word_1_537' title='bbox 1336 1082 1386 1112; x_wconf 80' lang='lat' dir='ltr'><strong>Ac</strong></span> <span class='ocrx_word' id='word_1_538' title='bbox 1421 1083 1553 1122; x_wconf 90' lang='lat' dir='ltr'><strong>opponit</strong></span> <span class='ocrx_word' id='word_1_539' title='bbox 1577 1083 1705 1123; x_wconf 89' lang='lat' dir='ltr'><strong>quidem</strong></span> <span class='ocrx_word' id='word_1_540' title='bbox 1728 1084 1810 1113; x_wconf 88' lang='lat' dir='ltr'><strong>ratio</strong></span> <span class='ocrx_word' id='word_1_541' title='bbox 1834 1082 1975 1113; x_wconf 88' lang='lat' dir='ltr'><strong>humana</strong></span> <span class='ocrx_word' id='word_1_542' title='bbox 1996 1088 2222 1124; x_wconf 85' lang='lat' dir='ltr'><strong>argumentum</strong></span> 
     </span>
     <span class='ocr_line' id='line_1_79' title="bbox 1251 1123 2221 1166; baseline -0.001 -11"><span class='ocrx_word' id='word_1_543' title='bbox 1251 1124 1424 1155; x_wconf 87' lang='lat' dir='ltr'><strong>multorum</strong></span> <span class='ocrx_word' id='word_1_544' title='bbox 1444 1125 1718 1164; x_wconf 78' lang='lat' dir='ltr'><strong>disputationibus</strong></span> <span class='ocrx_word' id='word_1_545' title='bbox 1742 1126 1913 1166; x_wconf 84' lang='lat' dir='ltr'><strong>agitatum,</strong></span> <span class='ocrx_word' id='word_1_546' title='bbox 1933 1126 2021 1166; x_wconf 91' lang='lat' dir='ltr'><strong>quod</strong></span> <span class='ocrx_word' id='word_1_547' title='bbox 2044 1125 2098 1155; x_wconf 89' lang='lat' dir='ltr'><strong>hic</strong></span> <span class='ocrx_word' id='word_1_548' title='bbox 2121 1123 2221 1164; x_wconf 89' lang='lat' dir='ltr'><strong>expli-</strong></span> 
     </span>
     <span class='ocr_line' id='line_1_80' title="bbox 1253 1167 2138 1207; baseline -0.001 -9"><span class='ocrx_word' id='word_1_549' title='bbox 1253 1168 1321 1198; x_wconf 89' lang='lat' dir='ltr'><strong>cari</strong></span> <span class='ocrx_word' id='word_1_550' title='bbox 1344 1167 1490 1207; x_wconf 86' lang='lat' dir='ltr'><strong>prodest.</strong></span> <span class='ocrx_word' id='word_1_551' title='bbox 2136 1184 2138 1186; x_wconf 42' lang='lat' dir='ltr'>v</span> 
     </span>
    </p>
   </div>
   <div class='ocr_carea' id='block_1_9' title="bbox 1405 1251 2067 1374">
    <p class='ocr_par' dir='ltr' id='par_1_14' title="bbox 1405 1251 2067 1374">
     <span class='ocr_line' id='line_1_81' title="bbox 1405 1251 1838 1287; baseline 0 -7"><span class='ocrx_word' id='word_1_552' title='bbox 1405 1251 1502 1280; x_wconf 73' lang='lat' dir='ltr'><strong>Iustis</strong></span> <span class='ocrx_word' id='word_1_553' title='bbox 1527 1251 1621 1281; x_wconf 89' lang='lat' dir='ltr'><strong>debet</strong></span> <span class='ocrx_word' id='word_1_554' title='bbox 1647 1251 1728 1281; x_wconf 88' lang='lat' dir='ltr'><strong>bene</strong></span> <span class='ocrx_word' id='word_1_555' title='bbox 1751 1260 1838 1287; x_wconf 79' lang='lat' dir='ltr'><strong>esse,</strong></span> 
     </span>
     <span class='ocr_line' id='line_1_82' title="bbox 1406 1291 1751 1328; baseline -0.003 -6"><span class='ocrx_word' id='word_1_556' title='bbox 1406 1291 1558 1322; x_wconf 83' lang='lat' dir='ltr'><strong>Ecclesia</strong></span> <span class='ocrx_word' id='word_1_557' title='bbox 1581 1298 1631 1322; x_wconf 77' lang='lat' dir='ltr'><strong>est</strong></span> <span class='ocrx_word' id='word_1_558' title='bbox 1654 1293 1751 1328; x_wconf 87' lang='lat' dir='ltr'><strong>iusta,</strong></span> 
     </span>
     <span class='ocr_line' id='line_1_83' title="bbox 1406 1334 2067 1374; baseline -0.002 -10"><span class='ocrx_word' id='word_1_559' title='bbox 1406 1334 1494 1374; x_wconf 83' lang='lat' dir='ltr'><strong>Ergo</strong></span> <span class='ocrx_word' id='word_1_560' title='bbox 1518 1334 1689 1364; x_wconf 74' lang='lat' dir='ltr'><strong>Ecclesiae</strong></span> <span class='ocrx_word' id='word_1_561' title='bbox 1713 1334 1851 1363; x_wconf 84' lang='lat' dir='ltr'><strong>debebat</strong></span> <span class='ocrx_word' id='word_1_562' title='bbox 1876 1334 1958 1364; x_wconf 87' lang='lat' dir='ltr'><strong>bene</strong></span> <span class='ocrx_word' id='word_1_563' title='bbox 1981 1342 2067 1363; x_wconf 87' lang='lat' dir='ltr'><strong>esse.</strong></span> 
     </span>
    </p>
   </div>
   <div class='ocr_carea' id='block_1_10' title="bbox 1253 1414 2223 2253">
    <p class='ocr_par' dir='ltr' id='par_1_15' title="bbox 1253 1414 2223 2130">
     <span class='ocr_line' id='line_1_84' title="bbox 1339 1414 2222 1457; baseline -0.002 -10"><span class='ocrx_word' id='word_1_564' title='bbox 1339 1417 1479 1447; x_wconf 90' lang='lat' dir='ltr'><strong>Primum</strong></span> <span class='ocrx_word' id='word_1_565' title='bbox 1503 1417 1765 1457; x_wconf 83' lang='lat' dir='ltr'><strong>respondendum</strong></span> <span class='ocrx_word' id='word_1_566' title='bbox 1788 1422 1839 1446; x_wconf 82' lang='lat' dir='ltr'><strong>est</strong></span> <span class='ocrx_word' id='word_1_567' title='bbox 1861 1417 1902 1446; x_wconf 85' lang='lat' dir='ltr'><strong>ad</strong></span> <span class='ocrx_word' id='word_1_568' title='bbox 1925 1416 2091 1452; x_wconf 85' lang='lat' dir='ltr'><strong>minorem,</strong></span> <span class='ocrx_word' id='word_1_569' title='bbox 2109 1414 2222 1446; x_wconf 90' lang='lat' dir='ltr'><strong>Eccle-</strong></span> 
     </span>
     <span class='ocr_line' id='line_1_85' title="bbox 1253 1457 2221 1498; baseline -0.002 -9"><span class='ocrx_word' id='word_1_570' title='bbox 1253 1461 1301 1489; x_wconf 84' lang='lat' dir='ltr'><strong>sia</strong></span> <span class='ocrx_word' id='word_1_571' title='bbox 1327 1465 1376 1489; x_wconf 85' lang='lat' dir='ltr'><strong>est</strong></span> <span class='ocrx_word' id='word_1_572' title='bbox 1398 1460 1502 1496; x_wconf 77' lang='lat' dir='ltr'><strong>iusta,</strong></span> <span class='ocrx_word' id='word_1_573' title='bbox 1527 1458 1653 1490; x_wconf 86' lang='lat' dir='ltr'><strong>scilicet</strong></span> <span class='ocrx_word' id='word_1_574' title='bbox 1675 1459 1884 1498; x_wconf 79' lang='lat' dir='ltr'><strong>imputatione</strong></span> <span class='ocrx_word' id='word_1_575' title='bbox 1907 1463 1938 1488; x_wconf 88' lang='lat' dir='ltr'><strong>et</strong></span> <span class='ocrx_word' id='word_1_576' title='bbox 1960 1457 2168 1489; x_wconf 85' lang='lat' dir='ltr'><strong>inchoatione</strong></span> <span class='ocrx_word' id='word_1_577' title='bbox 2188 1457 2221 1487; x_wconf 89' lang='lat' dir='ltr'><strong>in</strong></span> 
     </span>
     <span class='ocr_line' id='line_1_86' title="bbox 1253 1499 2222 1539; baseline -0.003 -7"><span class='ocrx_word' id='word_1_578' title='bbox 1253 1502 1316 1532; x_wconf 82' lang='lat' dir='ltr'><strong>hac</strong></span> <span class='ocrx_word' id='word_1_579' title='bbox 1349 1500 1479 1531; x_wconf 82' lang='lat' dir='ltr'><strong>mortali</strong></span> <span class='ocrx_word' id='word_1_580' title='bbox 1508 1503 1590 1537; x_wconf 86' lang='lat' dir='ltr'><strong>vita,</strong></span> <span class='ocrx_word' id='word_1_581' title='bbox 1624 1501 1683 1530; x_wconf 88' lang='lat' dir='ltr'><strong>sed</strong></span> <span class='ocrx_word' id='word_1_582' title='bbox 1714 1500 1819 1530; x_wconf 83' lang='lat' dir='ltr'><strong>adhuc</strong></span> <span class='ocrx_word' id='word_1_583' title='bbox 1852 1500 1884 1530; x_wconf 90' lang='lat' dir='ltr'><strong>in</strong></span> <span class='ocrx_word' id='word_1_584' title='bbox 1908 1510 1947 1530; x_wconf 89' lang='lat' dir='ltr'><strong>ea</strong></span> <span class='ocrx_word' id='word_1_585' title='bbox 1968 1499 2083 1530; x_wconf 85' lang='lat' dir='ltr'><strong>haeret</strong></span> <span class='ocrx_word' id='word_1_586' title='bbox 2103 1509 2222 1539; x_wconf 83' lang='lat' dir='ltr'><strong>magna</strong></span> 
     </span>
     <span class='ocr_line' id='line_1_87' title="bbox 1255 1540 2223 1585; baseline -0.002 -12"><span class='ocrx_word' id='word_1_587' title='bbox 1255 1542 1379 1585; x_wconf 55' lang='lat' dir='ltr'><strong>(wiligo,</strong></span> <span class='ocrx_word' id='word_1_588' title='bbox 1413 1542 1534 1573; x_wconf 89' lang='lat' dir='ltr'><strong>multae</strong></span> <span class='ocrx_word' id='word_1_589' title='bbox 1562 1543 1780 1574; x_wconf 80' lang='lat' dir='ltr'><strong>dubitationes</strong></span> <span class='ocrx_word' id='word_1_590' title='bbox 1815 1543 1855 1572; x_wconf 87' lang='lat' dir='ltr'><strong>de</strong></span> <span class='ocrx_word' id='word_1_591' title='bbox 1878 1541 1967 1578; x_wconf 82' lang='lat' dir='ltr'><strong>Deo,</strong></span> <span class='ocrx_word' id='word_1_592' title='bbox 2000 1540 2090 1572; x_wconf 84' lang='lat' dir='ltr'><strong>multi</strong></span> <span class='ocrx_word' id='word_1_593' title='bbox 2113 1541 2223 1572; x_wconf 85' lang='lat' dir='ltr'><strong>vitiosi</strong></span> 
     </span>
     <span class='ocr_line' id='line_1_88' title="bbox 1254 1581 2221 1624; baseline -0.002 -9"><span class='ocrx_word' id='word_1_594' title='bbox 1254 1585 1401 1616; x_wconf 84' lang='lat' dir='ltr'><strong>affectus.</strong></span> <span class='ocrx_word' id='word_1_595' title='bbox 1423 1584 1516 1615; x_wconf 81' lang='lat' dir='ltr'><strong>Multi</strong></span> <span class='ocrx_word' id='word_1_596' title='bbox 1541 1590 1615 1615; x_wconf 88' lang='lat' dir='ltr'><strong>sunt</strong></span> <span class='ocrx_word' id='word_1_597' title='bbox 1638 1585 1734 1615; x_wconf 88' lang='lat' dir='ltr'><strong>etiam</strong></span> <span class='ocrx_word' id='word_1_598' title='bbox 1756 1583 1929 1614; x_wconf 87' lang='lat' dir='ltr'><strong>multorum</strong></span> <span class='ocrx_word' id='word_1_599' title='bbox 1951 1584 2095 1624; x_wconf 82' lang='lat' dir='ltr'><strong>insignes</strong></span> <span class='ocrx_word' id='word_1_600' title='bbox 2107 1581 2221 1623; x_wconf 83' lang='lat' dir='ltr'><strong>lapsus</strong></span> 
     </span>
     <span class='ocr_line' id='line_1_89' title="bbox 1254 1625 2222 1668; baseline -0.003 -10"><span class='ocrx_word' id='word_1_601' title='bbox 1254 1629 1285 1658; x_wconf 90' lang='lat' dir='ltr'><strong>in</strong></span> <span class='ocrx_word' id='word_1_602' title='bbox 1308 1629 1377 1668; x_wconf 83' lang='lat' dir='ltr'><strong>ipsa</strong></span> <span class='ocrx_word' id='word_1_603' title='bbox 1401 1626 1567 1663; x_wconf 78' lang='lat' dir='ltr'><strong>Ecclesia,</strong></span> <span class='ocrx_word' id='word_1_604' title='bbox 1586 1632 1621 1656; x_wconf 87' lang='lat' dir='ltr'><strong>ut</strong></span> <span class='ocrx_word' id='word_1_605' title='bbox 1644 1626 1802 1663; x_wconf 90' lang='lat' dir='ltr'><strong>Aaronis,</strong></span> <span class='ocrx_word' id='word_1_606' title='bbox 1818 1627 1847 1666; x_wconf 72' lang='lat'><strong>⁴)</strong></span> <span class='ocrx_word' id='word_1_607' title='bbox 1893 1626 2046 1662; x_wconf 74' lang='lat' dir='ltr'><strong>navidis,</strong></span> <span class='ocrx_word' id='word_1_608' title='bbox 2075 1625 2130 1665; x_wconf 88' lang='lat' dir='ltr'><strong>qui</strong></span> <span class='ocrx_word' id='word_1_609' title='bbox 2151 1625 2222 1662; x_wconf 76' lang='lat' dir='ltr'><strong>irri-</strong></span> 
     </span>
     <span class='ocr_line' id='line_1_90' title="bbox 1254 1665 2222 1708; baseline -0.004 -8"><span class='ocrx_word' id='word_1_610' title='bbox 1254 1676 1323 1700; x_wconf 86' lang='lat' dir='ltr'><strong>tant</strong></span> <span class='ocrx_word' id='word_1_611' title='bbox 1346 1671 1425 1699; x_wconf 86' lang='lat' dir='ltr'><strong>iram</strong></span> <span class='ocrx_word' id='word_1_612' title='bbox 1448 1669 1522 1699; x_wconf 91' lang='lat' dir='ltr'><strong>Dei.</strong></span> <span class='ocrx_word' id='word_1_613' title='bbox 1567 1669 1618 1698; x_wconf 89' lang='lat' dir='ltr'><strong>Ac</strong></span> <span class='ocrx_word' id='word_1_614' title='bbox 1642 1679 1741 1708; x_wconf 85' lang='lat' dir='ltr'><strong>supra</strong></span> <span class='ocrx_word' id='word_1_615' title='bbox 1770 1669 1834 1698; x_wconf 76' lang='lat' dir='ltr'><strong>dixi</strong></span> <span class='ocrx_word' id='word_1_616' title='bbox 1849 1670 1876 1703; x_wconf 77' lang='lat'><strong>⁵)</strong></span> <span class='ocrx_word' id='word_1_617' title='bbox 1910 1668 2014 1708; x_wconf 83' lang='lat' dir='ltr'><strong>magis</strong></span> <span class='ocrx_word' id='word_1_618' title='bbox 2037 1667 2138 1707; x_wconf 88' lang='lat' dir='ltr'><strong>premi</strong></span> <span class='ocrx_word' id='word_1_619' title='bbox 2159 1665 2222 1696; x_wconf 86' lang='lat' dir='ltr'><strong>Ec—</strong></span> 
     </span>
     <span class='ocr_line' id='line_1_91' title="bbox 1255 1708 2221 1751; baseline -0.004 -9"><span class='ocrx_word' id='word_1_620' title='bbox 1255 1710 1400 1747; x_wconf 84' lang='lat' dir='ltr'><strong>clesiam,</strong></span> <span class='ocrx_word' id='word_1_621' title='bbox 1424 1721 1519 1751; x_wconf 87' lang='lat' dir='ltr'><strong>quam</strong></span> <span class='ocrx_word' id='word_1_622' title='bbox 1543 1709 1700 1750; x_wconf 86' lang='lat' dir='ltr'><strong>reliquam</strong></span> <span class='ocrx_word' id='word_1_623' title='bbox 1723 1716 1848 1751; x_wconf 88' lang='lat' dir='ltr'><strong>partem</strong></span> <span class='ocrx_word' id='word_1_624' title='bbox 1873 1710 2002 1751; x_wconf 81' lang='lat' dir='ltr'><strong>generis</strong></span> <span class='ocrx_word' id='word_1_625' title='bbox 2014 1708 2145 1739; x_wconf 83' lang='lat' dir='ltr'><strong>humani</strong></span> <span class='ocrx_word' id='word_1_626' title='bbox 2155 1717 2221 1739; x_wconf 90' lang='lat' dir='ltr'><strong>non</strong></span> 
     </span>
     <span class='ocr_line' id='line_1_92' title="bbox 1254 1748 2221 1792; baseline -0.003 -9"><span class='ocrx_word' id='word_1_627' title='bbox 1254 1760 1343 1784; x_wconf 83' lang='lat' dir='ltr'><strong>recte</strong></span> <span class='ocrx_word' id='word_1_628' title='bbox 1376 1754 1582 1783; x_wconf 83' lang='lat' dir='ltr'><strong>invocantem</strong></span> <span class='ocrx_word' id='word_1_629' title='bbox 1605 1751 1728 1789; x_wconf 87' lang='lat' dir='ltr'><strong>Deum,</strong></span> <span class='ocrx_word' id='word_1_630' title='bbox 1762 1753 1838 1792; x_wconf 89' lang='lat' dir='ltr'><strong>quia</strong></span> <span class='ocrx_word' id='word_1_631' title='bbox 1858 1752 1951 1782; x_wconf 87' lang='lat' dir='ltr'><strong>Deus</strong></span> <span class='ocrx_word' id='word_1_632' title='bbox 1972 1753 2004 1782; x_wconf 90' lang='lat' dir='ltr'><strong>in</strong></span> <span class='ocrx_word' id='word_1_633' title='bbox 2026 1760 2086 1781; x_wconf 89' lang='lat' dir='ltr'><strong>sua</strong></span> <span class='ocrx_word' id='word_1_634' title='bbox 2107 1748 2221 1780; x_wconf 83' lang='lat' dir='ltr'><strong>Eccle-</strong></span> 
     </span>
     <span class='ocr_line' id='line_1_93' title="bbox 1254 1794 2219 1836; baseline -0.004 -10"><span class='ocrx_word' id='word_1_635' title='bbox 1254 1797 1303 1826; x_wconf 83' lang='lat' dir='ltr'><strong>sia</strong></span> <span class='ocrx_word' id='word_1_636' title='bbox 1325 1796 1500 1836; x_wconf 76' lang='lat' dir='ltr'><strong>praecipue</strong></span> <span class='ocrx_word' id='word_1_637' title='bbox 1524 1794 1592 1825; x_wconf 86' lang='lat' dir='ltr'><strong>vult</strong></span> <span class='ocrx_word' id='word_1_638' title='bbox 1614 1795 1750 1835; x_wconf 81' lang='lat' dir='ltr'><strong>agnosci</strong></span> <span class='ocrx_word' id='word_1_639' title='bbox 1773 1795 1852 1824; x_wconf 87' lang='lat' dir='ltr'><strong>iram</strong></span> <span class='ocrx_word' id='word_1_640' title='bbox 1866 1794 2026 1824; x_wconf 82' lang='lat' dir='ltr'><strong>adversus</strong></span> <span class='ocrx_word' id='word_1_641' title='bbox 2038 1797 2219 1833; x_wconf 83' lang='lat' dir='ltr'><strong>peccatum.</strong></span> 
     </span>
     <span class='ocr_line' id='line_1_94' title="bbox 1253 1833 2221 1875; baseline -0.005 -7"><span class='ocrx_word' id='word_1_642' title='bbox 1253 1838 1403 1868; x_wconf 80' lang='lat' dir='ltr'><strong>Tiberius</strong></span> <span class='ocrx_word' id='word_1_643' title='bbox 1438 1843 1469 1867; x_wconf 87' lang='lat' dir='ltr'><strong>et</strong></span> <span class='ocrx_word' id='word_1_644' title='bbox 1501 1835 1624 1867; x_wconf 75' lang='lat' dir='ltr'><strong>similes</strong></span> <span class='ocrx_word' id='word_1_645' title='bbox 1647 1836 1700 1866; x_wconf 88' lang='lat' dir='ltr'><strong>alii</strong></span> <span class='ocrx_word' id='word_1_646' title='bbox 1723 1835 1812 1866; x_wconf 90' lang='lat' dir='ltr'><strong>multi</strong></span> <span class='ocrx_word' id='word_1_647' title='bbox 1836 1841 2082 1867; x_wconf 84' lang='lat' dir='ltr'><strong>contemnentes</strong></span> <span class='ocrx_word' id='word_1_648' title='bbox 2097 1833 2221 1875; x_wconf 67' lang='lat' dir='ltr'><strong>Deum,</strong></span> 
     </span>
     <span class='ocr_line' id='line_1_95' title="bbox 1255 1874 2220 1919; baseline -0.003 -9"><span class='ocrx_word' id='word_1_649' title='bbox 1255 1881 1315 1910; x_wconf 78' lang='lat' dir='ltr'><strong>etsi</strong></span> <span class='ocrx_word' id='word_1_650' title='bbox 1338 1884 1414 1919; x_wconf 91' lang='lat' dir='ltr'><strong>post</strong></span> <span class='ocrx_word' id='word_1_651' title='bbox 1436 1879 1521 1909; x_wconf 86' lang='lat' dir='ltr'><strong>hanc</strong></span> <span class='ocrx_word' id='word_1_652' title='bbox 1541 1879 1637 1909; x_wconf 81' lang='lat' dir='ltr'><strong>vitam</strong></span> <span class='ocrx_word' id='word_1_653' title='bbox 1661 1879 1767 1908; x_wconf 85' lang='lat' dir='ltr'><strong>daturi</strong></span> <span class='ocrx_word' id='word_1_654' title='bbox 1790 1884 1866 1908; x_wconf 89' lang='lat' dir='ltr'><strong>sunt</strong></span> <span class='ocrx_word' id='word_1_655' title='bbox 1887 1887 2023 1917; x_wconf 74' lang='lat' dir='ltr'><strong>poenaS,</strong></span> <span class='ocrx_word' id='word_1_656' title='bbox 2047 1882 2156 1908; x_wconf 86' lang='lat' dir='ltr'><strong>tamen</strong></span> <span class='ocrx_word' id='word_1_657' title='bbox 2167 1874 2220 1907; x_wconf 78' lang='lat' dir='ltr'><strong>hie</strong></span> 
     </span>
     <span class='ocr_line' id='line_1_96' title="bbox 1255 1918 2218 1961; baseline -0.005 -9"><span class='ocrx_word' id='word_1_658' title='bbox 1255 1924 1360 1952; x_wconf 87' lang='lat' dir='ltr'><strong>minus</strong></span> <span class='ocrx_word' id='word_1_659' title='bbox 1394 1927 1603 1960; x_wconf 89' lang='lat' dir='ltr'><strong>premuntur,</strong></span> <span class='ocrx_word' id='word_1_660' title='bbox 1637 1931 1732 1961; x_wconf 86' lang='lat' dir='ltr'><strong>quam</strong></span> <span class='ocrx_word' id='word_1_661' title='bbox 1755 1919 1922 1955; x_wconf 85' lang='lat' dir='ltr'><strong>Ecclesia,</strong></span> <span class='ocrx_word' id='word_1_662' title='bbox 1956 1919 2032 1959; x_wconf 87' lang='lat' dir='ltr'><strong>quia</strong></span> <span class='ocrx_word' id='word_1_663' title='bbox 2062 1918 2155 1948; x_wconf 84' lang='lat' dir='ltr'><strong>Deus</strong></span> <span class='ocrx_word' id='word_1_664' title='bbox 2187 1918 2218 1947; x_wconf 89' lang='lat' dir='ltr'><strong>in</strong></span> 
     </span>
     <span class='ocr_line' id='line_1_97' title="bbox 1254 1959 2220 2000; baseline -0.006 -6"><span class='ocrx_word' id='word_1_665' title='bbox 1254 1963 1406 1995; x_wconf 75' lang='lat' dir='ltr'><strong>Ecclesia</strong></span> <span class='ocrx_word' id='word_1_666' title='bbox 1429 1973 1522 1993; x_wconf 89' lang='lat' dir='ltr'><strong>suum</strong></span> <span class='ocrx_word' id='word_1_667' title='bbox 1545 1963 1696 1994; x_wconf 87' lang='lat' dir='ltr'><strong>iudicium</strong></span> <span class='ocrx_word' id='word_1_668' title='bbox 1718 1960 1786 1992; x_wconf 87' lang='lat' dir='ltr'><strong>vult</strong></span> <span class='ocrx_word' id='word_1_669' title='bbox 1809 1961 1955 2000; x_wconf 80' lang='lat' dir='ltr'><strong>conspici</strong></span> <span class='ocrx_word' id='word_1_670' title='bbox 1979 1966 2011 1991; x_wconf 88' lang='lat' dir='ltr'><strong>et</strong></span> <span class='ocrx_word' id='word_1_671' title='bbox 2032 1959 2139 1995; x_wconf 77' lang='lat' dir='ltr'><strong>metui,</strong></span> <span class='ocrx_word' id='word_1_672' title='bbox 2158 1959 2220 1988; x_wconf 86' lang='lat' dir='ltr'><strong>sic·</strong></span> 
     </span>
     <span class='ocr_line' id='line_1_98' title="bbox 1254 2001 2219 2044; baseline -0.006 -8"><span class='ocrx_word' id='word_1_673' title='bbox 1254 2013 1289 2036; x_wconf 85' lang='lat' dir='ltr'><strong>ut</strong></span> <span class='ocrx_word' id='word_1_674' title='bbox 1311 2007 1469 2044; x_wconf 86' lang='lat' dir='ltr'><strong>scriptum</strong></span> <span class='ocrx_word' id='word_1_675' title='bbox 1491 2011 1541 2034; x_wconf 84' lang='lat' dir='ltr'><strong>est</strong></span> <span class='ocrx_word' id='word_1_676' title='bbox 1565 2005 1606 2042; x_wconf 90' lang='lat' dir='ltr'><strong>[l.</strong></span> <span class='ocrx_word' id='word_1_677' title='bbox 1626 2004 1713 2034; x_wconf 85' lang='lat' dir='ltr'><strong>Petr.</strong></span> <span class='ocrx_word' id='word_1_678' title='bbox 1737 2004 1767 2040; x_wconf 79' lang='lat'><strong>4,</strong></span> <span class='ocrx_word' id='word_1_679' title='bbox 1794 2003 1870 2040; x_wconf 82' lang='lat'>17.]:</span> <span class='ocrx_word' id='word_1_680' title='bbox 1905 2002 2059 2032; x_wconf 85' lang='lat' dir='ltr'><strong>Iudicium</strong></span> <span class='ocrx_word' id='word_1_681' title='bbox 2081 2011 2101 2031; x_wconf 83' lang='lat' dir='ltr'><strong>a</strong></span> <span class='ocrx_word' id='word_1_682' title='bbox 2123 2001 2219 2030; x_wconf 88' lang='lat' dir='ltr'><strong>domo</strong></span> 
     </span>
     <span class='ocr_line' id='line_1_99' title="bbox 1254 2045 2221 2087; baseline -0.005 -10"><span class='ocrx_word' id='word_1_683' title='bbox 1254 2048 1317 2078; x_wconf 91' lang='lat' dir='ltr'><strong>Dei</strong></span> <span class='ocrx_word' id='word_1_684' title='bbox 1353 2048 1473 2087; x_wconf 86' lang='lat' dir='ltr'><strong>incipit.</strong></span> <span class='ocrx_word' id='word_1_685' title='bbox 1518 2046 1559 2076; x_wconf 86' lang='lat' dir='ltr'><strong>Et</strong></span> <span class='ocrx_word' id='word_1_686' title='bbox 1581 2047 1740 2076; x_wconf 83' lang='lat' dir='ltr'><strong>accedunt</strong></span> <span class='ocrx_word' id='word_1_687' title='bbox 1763 2045 1848 2075; x_wconf 87' lang='lat' dir='ltr'><strong>aliae</strong></span> <span class='ocrx_word' id='word_1_688' title='bbox 1871 2054 2027 2080; x_wconf 76' lang='lat' dir='ltr'><strong>caussae,</strong></span> <span class='ocrx_word' id='word_1_689' title='bbox 2061 2052 2144 2083; x_wconf 84' lang='lat' dir='ltr'><strong>quas</strong></span> <span class='ocrx_word' id='word_1_690' title='bbox 2166 2051 2221 2072; x_wconf 91' lang='lat' dir='ltr'><strong>su—</strong></span> 
     </span>
     <span class='ocr_line' id='line_1_100' title="bbox 1254 2089 1497 2130; baseline -0.008 -11"><span class='ocrx_word' id='word_1_691' title='bbox 1254 2100 1314 2130; x_wconf 89' lang='lat' dir='ltr'><strong>pra</strong></span> <span class='ocrx_word' id='word_1_692' title='bbox 1336 2089 1497 2119; x_wconf 80' lang='lat' dir='ltr'><strong>recensui.</strong></span> 
     </span>
    </p>

    <p class='ocr_par' dir='ltr' id='par_1_16' title="bbox 1254 2127 2219 2253">
     <span class='ocr_line' id='line_1_101' title="bbox 1339 2127 2219 2169; baseline -0.008 -7"><span class='ocrx_word' id='word_1_693' title='bbox 1339 2131 1435 2162; x_wconf 88' lang='lat' dir='ltr'><strong>Nunc</strong></span> <span class='ocrx_word' id='word_1_694' title='bbox 1457 2131 1498 2160; x_wconf 87' lang='lat' dir='ltr'><strong>ad</strong></span> <span class='ocrx_word' id='word_1_695' title='bbox 1516 2130 1672 2160; x_wconf 87' lang='lat' dir='ltr'><strong>maiorem</strong></span> <span class='ocrx_word' id='word_1_696' title='bbox 1695 2129 1894 2169; x_wconf 85' lang='lat' dir='ltr'><strong>respondeo:</strong></span> <span class='ocrx_word' id='word_1_697' title='bbox 1914 2127 2010 2157; x_wconf 85' lang='lat' dir='ltr'><strong>lustis</strong></span> <span class='ocrx_word' id='word_1_698' title='bbox 2028 2127 2112 2157; x_wconf 85' lang='lat' dir='ltr'><strong>bene</strong></span> <span class='ocrx_word' id='word_1_699' title='bbox 2133 2134 2219 2162; x_wconf 83' lang='lat' dir='ltr'><strong>esse,</strong></span> 
     </span>
     <span class='ocr_line' id='line_1_102' title="bbox 1255 2166 2219 2213; baseline -0.007 -9"><span class='ocrx_word' id='word_1_700' title='bbox 1255 2174 1406 2213; x_wconf 81' lang='lat' dir='ltr'><strong>congruit</strong></span> <span class='ocrx_word' id='word_1_701' title='bbox 1430 2172 1533 2202; x_wconf 88' lang='lat' dir='ltr'><strong>ordini</strong></span> <span class='ocrx_word' id='word_1_702' title='bbox 1556 2172 1664 2201; x_wconf 88' lang='lat' dir='ltr'><strong>divino</strong></span> <span class='ocrx_word' id='word_1_703' title='bbox 1689 2177 1720 2201; x_wconf 83' lang='lat' dir='ltr'><strong>et</strong></span> <span class='ocrx_word' id='word_1_704' title='bbox 1744 2172 1792 2201; x_wconf 87' lang='lat' dir='ltr'><strong>sic</strong></span> <span class='ocrx_word' id='word_1_705' title='bbox 1815 2171 1919 2200; x_wconf 82' lang='lat' dir='ltr'><strong>sancit</strong></span> <span class='ocrx_word' id='word_1_706' title='bbox 1942 2169 2011 2199; x_wconf 85' lang='lat' dir='ltr'><strong>Lex</strong></span> <span class='ocrx_word' id='word_1_707' title='bbox 2031 2168 2150 2206; x_wconf 87' lang='lat' dir='ltr'><strong>[Levit.</strong></span> <span class='ocrx_word' id='word_1_708' title='bbox 2169 2166 2219 2204; x_wconf 85' lang='lat'><strong>18,</strong></span> 
     </span>
     <span class='ocr_line' id='line_1_103' title="bbox 1254 2208 2217 2253; baseline -0.007 -7"><span class='ocrx_word' id='word_1_709' title='bbox 1254 2216 1318 2253; x_wconf 84' lang='lat'>5.]:</span> <span class='ocrx_word' id='word_1_710' title='bbox 1343 2215 1405 2250; x_wconf 88' lang='lat' dir='ltr'><strong>Qui</strong></span> <span class='ocrx_word' id='word_1_711' title='bbox 1428 2213 1543 2244; x_wconf 86' lang='lat' dir='ltr'><strong>feeerit</strong></span> <span class='ocrx_word' id='word_1_712' title='bbox 1565 2223 1614 2248; x_wconf 86' lang='lat' dir='ltr'><strong>ea,</strong></span> <span class='ocrx_word' id='word_1_713' title='bbox 1638 2214 1725 2244; x_wconf 85' lang='lat' dir='ltr'><strong>vivet</strong></span> <span class='ocrx_word' id='word_1_714' title='bbox 1744 2214 1775 2243; x_wconf 93' lang='lat' dir='ltr'><strong>in</strong></span> <span class='ocrx_word' id='word_1_715' title='bbox 1799 2213 1855 2243; x_wconf 86' lang='lat' dir='ltr'><strong>eis.</strong></span> <span class='ocrx_word' id='word_1_716' title='bbox 1891 2212 1967 2242; x_wconf 84' lang='lat' dir='ltr'><strong>Item</strong></span> <span class='ocrx_word' id='word_1_717' title='bbox 1992 2208 2217 2247; x_wconf 69' lang='lat' dir='ltr'><strong>(Deut.4‚1.]:</strong></span> 
     </span>
    </p>
   </div>
   <div class='ocr_carea' id='block_1_11' title="bbox 1255 2327 2218 2396">
    <p class='ocr_par' dir='ltr' id='par_1_17' title="bbox 1255 2327 2218 2396">
     <span class='ocr_line' id='line_1_104' title="bbox 1255 2327 2218 2390; baseline -0.007 -34"><span class='ocrx_word' id='word_1_718' title='bbox 1255 2334 1283 2364; x_wconf 85' lang='lat'><strong>2)</strong></span> <span class='ocrx_word' id='word_1_719' title='bbox 1304 2333 1359 2364; x_wconf 78' lang='lat' dir='ltr'><strong>ipsi]</strong></span> <span class='ocrx_word' id='word_1_720' title='bbox 1368 2334 1451 2390; x_wconf 67' lang='lat' dir='ltr'><strong>2Editt.</strong></span> <span class='ocrx_word' id='word_1_721' title='bbox 1473 2334 1510 2355; x_wconf 63' lang='lat'><strong>1⁵.</strong></span> <span class='ocrx_word' id='word_1_722' title='bbox 1531 2332 1570 2355; x_wconf 77' lang='lat'><strong>20.</strong></span> <span class='ocrx_word' id='word_1_723' title='bbox 1590 2332 1629 2354; x_wconf 84' lang='lat'><strong>22.</strong></span> <span class='ocrx_word' id='word_1_724' title='bbox 1650 2331 1688 2355; x_wconf 71' lang='grc'><strong>24,</strong></span> <span class='ocrx_word' id='word_1_725' title='bbox 1709 2331 1748 2354; x_wconf 83' lang='lat'><strong>25.</strong></span> <span class='ocrx_word' id='word_1_726' title='bbox 1769 2331 1800 2354; x_wconf 74' lang='lat'><strong>28</strong></span> <span class='ocrx_word' id='word_1_727' title='bbox 1819 2344 1849 2347; x_wconf 84' lang='lat'>-</span> <span class='ocrx_word' id='word_1_728' title='bbox 1869 2330 1918 2359; x_wconf 61' lang='lat'><strong>34„</strong></span> <span class='ocrx_word' id='word_1_729' title='bbox 1938 2329 2009 2358; x_wconf 80' lang='lat' dir='ltr'><strong>corp.</strong></span> <span class='ocrx_word' id='word_1_730' title='bbox 2030 2330 2041 2350; x_wconf 82' lang='lat'>1</span> <span class='ocrx_word' id='word_1_731' title='bbox 2063 2341 2093 2345; x_wconf 92' lang='lat'>—</span> <span class='ocrx_word' id='word_1_732' title='bbox 2108 2327 2141 2356; x_wconf 72' lang='grc'><strong>8.,</strong></span> <span class='ocrx_word' id='word_1_733' title='bbox 2160 2327 2218 2357; x_wconf 77' lang='lat' dir='ltr'><strong>opp.</strong></span> 
     </span>
     <span class='ocr_line' id='line_1_105' title="bbox 1328 2367 1470 2396; baseline 0.014 -7"><span class='ocrx_word' id='word_1_734' title='bbox 1328 2368 1347 2390; x_wconf 91' lang='lat'><strong>1.</strong></span> <span class='ocrx_word' id='word_1_735' title='bbox 1385 2367 1470 2396; x_wconf 76' lang='lat' dir='ltr'><strong>,ipsis</strong></span> 
     </span>
    </p>
   </div>
   <div class='ocr_carea' id='block_1_12' title="bbox 1254 2412 2065 2548">
    <p class='ocr_par' dir='ltr' id='par_1_18' title="bbox 1254 2412 2065 2548">
     <span class='ocr_line' id='line_1_106' title="bbox 1254 2412 2065 2446; baseline -0.007 -5"><span class='ocrx_word' id='word_1_736' title='bbox 1254 2418 1282 2446; x_wconf 86' lang='grc'><strong>3)</strong></span> <span class='ocrx_word' id='word_1_737' title='bbox 1303 2418 1352 2442; x_wconf 77' lang='lat' dir='ltr'><strong>Hoc</strong></span> <span class='ocrx_word' id='word_1_738' title='bbox 1371 2418 1469 2441; x_wconf 74' lang='lat' dir='ltr'><strong>Solonis</strong></span> <span class='ocrx_word' id='word_1_739' title='bbox 1488 2416 1579 2440; x_wconf 81' lang='lat' dir='ltr'><strong>dictum</strong></span> <span class='ocrx_word' id='word_1_740' title='bbox 1599 2416 1647 2440; x_wconf 83' lang='lat' dir='ltr'><strong>iam</strong></span> <span class='ocrx_word' id='word_1_741' title='bbox 1665 2421 1739 2444; x_wconf 78' lang='lat' dir='ltr'><strong>supra</strong></span> <span class='ocrx_word' id='word_1_742' title='bbox 1759 2421 1780 2444; x_wconf 80' lang='lat' dir='ltr'><strong>p.</strong></span> <span class='ocrx_word' id='word_1_743' title='bbox 1799 2414 1855 2436; x_wconf 80' lang='grc'><strong>935.</strong></span> <span class='ocrx_word' id='word_1_744' title='bbox 1875 2413 2003 2437; x_wconf 83' lang='lat' dir='ltr'><strong>laudatum</strong></span> <span class='ocrx_word' id='word_1_745' title='bbox 2017 2412 2065 2436; x_wconf 86' lang='lat' dir='ltr'><strong>est.</strong></span> 
     </span>
     <span class='ocr_line' id='line_1_107' title="bbox 1255 2464 1928 2497; baseline -0.003 -7"><span class='ocrx_word' id='word_1_746' title='bbox 1255 2468 1283 2497; x_wconf 81' lang='lat'><strong>4)</strong></span> <span class='ocrx_word' id='word_1_747' title='bbox 1304 2466 1418 2497; x_wconf 49' lang='grc' dir='ltr'>,κει-01113]</span> <span class='ocrx_word' id='word_1_748' title='bbox 1440 2466 1511 2491; x_wconf 78' lang='lat' dir='ltr'><strong>Editt.</strong></span> <span class='ocrx_word' id='word_1_749' title='bbox 1532 2466 1603 2488; x_wconf 84' lang='lat'><strong>1—3.</strong></span> <span class='ocrx_word' id='word_1_750' title='bbox 1623 2465 1645 2490; x_wconf 84' lang='lat'><strong>6.</strong></span> <span class='ocrx_word' id='word_1_751' title='bbox 1665 2465 1686 2488; x_wconf 85' lang='lat'><strong>7.</strong></span> <span class='ocrx_word' id='word_1_752' title='bbox 1707 2466 1730 2487; x_wconf 82' lang='grc'><strong>9.</strong></span> <span class='ocrx_word' id='word_1_753' title='bbox 1752 2465 1789 2489; x_wconf 83' lang='grc'><strong>12.</strong></span> <span class='ocrx_word' id='word_1_754' title='bbox 1808 2464 1928 2489; x_wconf 80' lang='lat' dir='ltr'><strong>Aharonis</strong></span> 
     </span>
     <span class='ocr_line' id='line_1_108' title="bbox 1255 2515 1790 2548; baseline -0.007 -6"><span class='ocrx_word' id='word_1_755' title='bbox 1255 2518 1284 2548; x_wconf 77' lang='grc'><strong>5)</strong></span> <span class='ocrx_word' id='word_1_756' title='bbox 1304 2523 1380 2547; x_wconf 79' lang='lat' dir='ltr'><strong>supra</strong></span> <span class='ocrx_word' id='word_1_757' title='bbox 1399 2517 1460 2546; x_wconf 81' lang='lat' dir='ltr'><strong>dixi]</strong></span> <span class='ocrx_word' id='word_1_758' title='bbox 1477 2516 1548 2541; x_wconf 80' lang='lat' dir='ltr'><strong>Editt.</strong></span> <span class='ocrx_word' id='word_1_759' title='bbox 1569 2517 1588 2539; x_wconf 82' lang='lat'><strong>1.</strong></span> <span class='ocrx_word' id='word_1_760' title='bbox 1607 2516 1628 2540; x_wconf 89' lang='grc'><strong>3.</strong></span> <span class='ocrx_word' id='word_1_761' title='bbox 1648 2515 1697 2539; x_wconf 87' lang='lat' dir='ltr'><strong>dixi</strong></span> <span class='ocrx_word' id='word_1_762' title='bbox 1714 2521 1790 2544; x_wconf 78' lang='lat' dir='ltr'><strong>supra</strong></span> 
     </span>
    </p>
   </div>
  </div>
 </body>
</html>
