2358 2933
245 120 307 150 9023

247 222 324 247 111111,
349 219 378 241 81
403 212 581 241 accedebat
605 210 688 241 falsa
712 212 894 251 persuasio,
920 212 1001 243 haec
1025 223 1127 252 opera
1151 223 1215 244 me—

247 254 307 283 ret-i
333 254 554 283 remissionem
578 260 788 293 peccatorum
812 260 843 284 et
868 257 1152 294 compensationes
1165 265 1216 286 es·

245 305 281 325 se
305 305 362 335 pro
387 296 542 335 peccatis.
584 295 670 325 ldeot
686 306 725 325 ue
747 295 990 327 satisfactiones
1004 299 1215 328 vocabanttn·.

247 337 290 367 lta
322 338 562 367 obscurabatur
596 336 650 367 lux
673 308 842 378 Evangelii
867 339 907 368 de
932 338 1012 369 Fide
1035 340 1216 380 accipiente

248 380 466 409 remissionem
502 386 634 417 propter
667 379 841 409 Flu-istum.
887 380 1031 411 Tandem
1062 382 1215 412 Canones

246 421 380 451 1111811111
405 422 466 451 iam
490 420 715 451 intolerabiles
741 429 860 453 essent.
895 422 997 453 relicti
1022 430 1050 453 et
1077 423 1217 464 neglecti

246 470 329 493 sunt.
353 472 468 493 nomen
493 465 607 493 mansit
628 471 655 493 et
681 465 806 500 umbra,
830 465 870 494 dc
893 475 957 505 qua
969 466 1133 505 disputant
1148 465 1217 496 Mo-

244 505 340 535 naehi
376 512 405 534 et
431 503 547 535 multas
569 504 774 545 corruptelas
799 506 968 547 Evangelii
993 507 1045 537 hic
1070 509 1215 549 gignunt,

245 549 284 577 de
308 549 423 588 quibus
450 549 591 577 breviter
615 549 728 578 dicant.

331 590 470 619 Primum
493 597 601 620 autem
621 591 790 621 sciendum
814 598 876 621 est.
899 591 1144 622 satisfactiones
1164 591 1215 622 hic

244 643 308 662 non
333 631 467 673 intelligi
492 631 604 663 civiles
629 632 885 664 satisfactiones.
910 641 942 664 ut
965 635 1019 674 qui
1043 632 1216 665 defrauda-
1240 666 1241 671 1

245 675 286 703 vit
323 674 424 704 alios.
458 685 675 714 ‹amupensare
699 674 819 706 furtum
854 677 961 713 debet,
996 677 1050 717 qui
1080 675 1216 707 alterum

243 718 354 747 iniuria
379 716 498 747 affecit.
523 719 575 757 qui
597 719 800 748 conviciatus
824 725 871 749 est
903 725 955 749 ant
976 719 1126 749 iniustam
1150 719 1216 748 vio-

245 759 373 789 lentiam
409 761 564 789 exercuit.
599 759 690 790 laeso
721 758 914 791 satisfacere
942 761 1037 791 debet
1060 767 1089 791 et
1114 766 1215 791 retra-

245 808 333 831 ctare
368 802 516 831 comicia
554 812 593 831 ac
626 813 686 842 pro
726 801 879 833 violentia
918 813 1058 842 poenam
1091 803 1214 839 subire,

244 843 324 873 haer
359 849 434 873 sunt
468 854 566 882 opera
603 845 711 874 debita
745 851 775 874 et
806 845 847 874 ad
871 846 1097 875 contritionem
1120 845 1214 884 perti-

244 892 331 922 nent,
355 887 442 915 iuxta
463 885 559 916 illud:
605 886 754 916 Desinite
787 886 995 918 malefacere.
1041 887 1102 921 Qui
1136 885 1216 916 alte-

243 929 308 958 rius
343 938 475 957 uxorem
512 935 635 968 raptam
670 930 802 966 detinet,
832 939 895 959 non
921 928 1017 959 habet
1043 929 1215 959 0011111110-

244 980 333 1005 nem,
364 971 468 999 donec
503 980 573 1000 eam
609 971 733 1001 retinet.
779 970 860 1002 Sunt
885 972 981 1011 igitur
1005 970 1119 1001 civiles
1141 969 1215 1001 illae

243 1011 485 1043 satisfactiones
517 1023 622 1043 rerum
659 1020 686 1043 et
723 1013 828 1044 famae
864 1014 1090 1044 restitutiones
1114 1023 1216 1054 opera

243 1055 368 1086 debita.
403 1055 554 1085 mandata
588 1055 677 1096 Lege
708 1055 787 1093 Dei,
821 1057 1011 1086 necessaria
1039 1056 1081 1085 ad
1105 1065 1215 1086 veram

243 1098 468 1127 contritionem
503 1104 533 1127 et
567 1099 684 1127 bonum
708 1099 911 1138 propositum
935 1109 974 1128 ac
998 1099 1116 1128 bonam
1140 1107 1215 1128 con-

245 1140 423 1169 scientiam.
895 1172 903 1179 ,

329 1181 368 1210 At
396 1181 547 1212 Monachi
583 1182 636 1212 hic
659 1182 815 1213 detininnt
840 1181 1092 1212 satisfactiones
1116 1191 1216 1222 opera

243 1234 306 1253 non
328 1224 447 1260 debita,
471 1226 588 1264 quibus
613 1223 725 1255 volunt
748 1226 859 1255 redimi
884 1235 1008 1264 poenas
1032 1223 1215 1265 purgatorii

242 1271 297 1296 aut
321 1272 408 1296 cette
429 1266 513 1297 alias
526 1276 649 1306 poenas
662 1266 869 1307 temporales.
905 1267 961 1297 Sic
980 1268 1063 1297 enim
1082 1267 1214 1303 docent,

244 1307 359 1343 Deum,
401 1319 472 1338 cum
508 1310 547 1338 sit
573 1310 772 1346 misericors,
807 1310 970 1339 remittere
994 1308 1134 1348 culpam,
1157 1309 1215 1339 sed

241 1360 315 1381 cum
339 1351 381 1380 sit
404 1351 499 1380 etiam
522 1351 628 1381 iustus
652 1357 682 1381 et
707 1352 837 1382 vindex.
862 1357 988 1382 mutare
1011 1361 1150 1391 poenam
1163 1361 1216 1380 ae-

242 1400 365 1422 ternam
399 1393 430 1422 in
455 1392 666 1433 temporalem
691 1393 886 1435 Purgatorii.
932 1393 1059 1423 Deinde
1081 1393 1216 1429 addunt,

243 1442 365 1474 partem
390 1444 566 1475 poenarum
592 1437 708 1466 remitti
731 1442 894 1476 potestate
919 1435 1070 1472 clavium,
1090 1441 1216 1475 partem

243 1477 460 1507 redimendam
497 1487 572 1507 csse
600 1476 891 1508 satisfactionibus.
937 1477 1026 1508 Haec
1050 1483 1101 1507 est
1129 1487 1215 1507 sum-

242 1529 293 1549 ma
324 1520 505 1549 commenti.
552 1519 653 1550 Recte
687 1527 792 1551 autem
816 1519 974 1556 fatentur,
1009 1530 1074 1550 11011
1098 1520 1215 1549 remitti

243 1560 369 1600 8111113111
393 1568 528 1601 propter
551 1562 820 1599 satisfactionem,
844 1563 903 1592 sed
926 1568 1041 1602 postea
1065 1562 1106 1592 de
1130 1571 1216 1592 com-

243 1604 435 1643 pensatione
469 1614 595 1644 poenae
625 1611 778 1635 aeternae
813 1604 1064 1635 hallucinantur.
1115 1603 1216 1634 Error

242 1653 289 1675 851
316 1647 398 1676 enim
424 1647 557 1682 sentire,
582 1648 669 1687 quod
691 1654 845 1678 aeternae
867 1656 994 1688 poenae
1014 1647 1217 1677 remittantur

242 1694 375 1728 propter
409 1695 553 1718 nostram
579 1691 889 1730 compensationem,
923 1696 954 1719 et
975 1687 1076 1719 multo
1101 1689 1215 1719 absur-

242 1731 313 1760 dius
347 1737 408 1766 851.
443 1731 530 1770 quod
564 1732 689 1773 tingunt
724 1739 859 1771 propter
893 1740 994 1770 opera
1017 1741 1082 1760 non
1107 1730 1215 1761 debita

243 1774 373 1807 remitti,
409 1773 448 1803 de
478 1774 595 1813 quibus
621 1775 741 1804 dictum
765 1780 829 1804 est:
872 1773 1007 1803 Frustra
1031 1771 1142 1803 colunt
1164 1782 1214 1802 me

242 1816 400 1845 mandatis
425 1814 600 1846 hominum.

328 1857 383 1887 Sic
408 1867 488 1897 ergo
512 1859 715 1888 sentiendum
739 1865 806 1888 est:
832 1858 1041 1897 lungatur⁹⁰>
1065 1857 1214 1887 remissio

244 1899 358 1939 81111138
393 1906 422 1929 81
447 1901 559 1930 mortis
583 1907 746 1931 aeternae.
792 1900 826 1931 ld
851 1901 934 1930 enim
954 1910 1052 1930 unum
1077 1905 1107 1929 et
1130 1900 1213 1929 idem

243 1941 434 1972 beneficium
458 1948 505 1971 est
531 1943 651 1972 (fin-isti
672 1943 860 1983 gratuitum,
883 1952 922 1972 ac
945 1941 1062 1972 tollere
1085 1940 1214 1981 culpam

242 1990 289 2013 est
315 1982 448 2023 placare
471 1984 549 2014 iram
575 1984 652 2017 Dei,
689 1995 748 2015 1188
771 1983 856 2015 aliud
882 1990 932 2014 est
955 1983 1046 2014 Mors
1071 1989 1214 2021 aeterna,

243 2036 338 2066 quam
363 2027 482 2056 sentire
506 2027 702 2057 horrendam
728 2035 758 2056 ct
783 2025 1032 2057 inenarrabilem
1056 2027 1137 2056 iram
1152 2025 1213 2055 Dei

243 2075 442 2105 manentem,
477 2069 558 2099 sicut
585 2069 723 2099 loannes
754 2070 855 2109 inquit
880 2069 923 2105 13,
947 2068 1031 2106 364:
1079 2068 1129 2098 lra
1152 2068 1214 2098 Dei

243 2118 350 2140 manet
374 2120 472 2149 super
496 2122 578 2141 cum.
625 2112 775 2142 Sciamus
803 2112 901 2152 igitur
925 2110 1051 2151 eulpam
1076 2117 1107 2140 et
1130 2121 1214 2141 mor-

243 2159 304 2182 tem
340 2160 504 2183 aeternam
540 2152 634 2183 simul
669 2153 738 2184 tolli
773 2159 906 2193 propter
940 2153 1118 2191 Christum,
1148 2163 1214 2183 11011

243 2203 376 2235 propter
399 2194 497 2225 ullam
522 2203 665 2226 nostram
687 2196 996 2235 compensationem.
1043 2195 1118 2225 ldeo
1132 2194 1214 2225 Pau-

242 2236 292 2267 lus
318 2238 417 2277 inquit
442 2238 483 2273 11.
509 2238 585 2268 Cor.
614 2239 662 2273 15,
685 2239 768 2275 56.;:
793 2237 938 2268 Aculeus
962 2238 1075 2268 mortis
1098 2247 1214 2277 pecca-

243 2288 305 2309 tam
328 2285 389 2315 est,
413 2279 484 2309 Deo
510 2288 614 2310 autvrt:
640 2282 757 2320 gratia,
781 2282 832 2321 qui
857 2281 910 2310 dat
929 2280 1025 2309 nobis
1046 2280 1213 2310 victoriam

242 2332 300 2361 per
323 2321 497 2352 Dominum
533 2329 679 2352 nostrum
704 2323 808 2352 lesum
833 2321 1009 2353 Christum.
1055 2322 1096 2352 Et
1119 2321 1211 2352 Rom.

242 2364 271 2393 6.
321 2374 368 2392 vs.
393 2363 460 2401 2:34
507 2364 636 2395 Donum
661 2365 721 2395 Dei
760 2365 823 2395 vita
858 2371 992 2395 aeterna
1024 2374 1084 2404 per
1106 2364 1211 2394 lesum

242 2511 286 2539 ’10)
307 2509 435 2547 iungatur}
467 2510 536 2533 Fditt,
572 2510 655 2533 1-14.
687 2510 787 2532 18—20.
821 2510 858 2531 23.
889 2509 1004 2536 25-27.,

311 2547 447 2572 ,tingantur

1036 2509 1106 2538 corp.
1142 2508 1211 2531 1-8.

873 120 980 151 PHlL.
1004 120 1104 151 MEL.
1134 119 1318 153 SCRIPTA
1340 122 1611 155 DoGMA'rch.

2171 128 2234 158 904

1263 213 1437 245 Christum.
1474 215 1513 245 Et
1538 216 1647 246 Oseae
1674 214 1721 245 13.
1746 218 1808 253 [vs.
1836 217 1897 254 14.)
1922 216 1988 248 Ero
2011 227 2100 248 mors
2123 224 2188 257 tua,
2212 230 2231 250 ο

1262 266 1362 294 mors,
1396 263 1426 287 et
1449 258 1551 297 pestis
1575 263 1638 294 tua,
1673 256 1809 288 inferne.
1855 259 1929 289 ldeo
1953 260 2157 291 sentiendum
2181 268 2232 292 est

1261 298 1323 329 fide
1357 304 1490 339 propter
1513 299 1678 330 Christum
1713 301 1813 340 gratis
1848 311 1908 331 nos
1942 300 2074 332 liberari
2097 312 2116 332 a
2136 302 2232 343 culpa

1240 345 1291 380 get
1325 351 1344 371 a
1367 347 1472 371 morte
1495 346 1640 372 aeterna.
1685 342 1775 373 Sicut
1801 342 1922 373 l'aulus
1946 344 2046 384 inquit
2072 343 2176 380 ilioni.
2200 345 2231 382 5,

1240 383 1320 422 ,1.13
1366 382 1533 414 1115111183ιί
1569 384 1633 414 tide
1666 394 1780 424 pacem
1814 384 1970 415 habemus
2006 395 2085 426 erga
2114 385 2230 417 Deum.

1240 447 1242 464 ÷
1261 423 1380 455 Christi
1405 426 1562 456 beneficia
1585 425 1668 456 haec
1682 431 1772 456 sunt:
1796 424 1927 457 Tollere
1946 426 2074 467 culpam
2097 434 2128 458 et
2147 438 2231 459 mor—

1261 473 1324 497 tem
1357 474 1539 505 aeternam,
1569 469 1599 498 id
1624 474 1690 500 est.
1719 467 1851 508 placare,
1875 469 2037 509 ingentem
2059 470 2139 500 iram
2157 470 2230 501 Dei.

1261 508 1372 542 Quare
1395 510 1560 540 Christum
1596 510 1791 541 contumelia
1825 509 1938 548 aflicit,
1973 512 2000 541 si
2024 512 2096 552 quis
2121 513 2231 542 retnis-

1261 551 1385 581 sionem
1420 552 1533 581 mortis
1568 559 1721 583 aeternae
1746 552 1902 583 transfert
1924 553 1955 582 in
1980 559 2122 583 nostram
2146 564 2231 584 com-

1260 594 1495 632 pen-sationem.

1345 636 1510 666 Secundo.
1555 636 1748 677 Quanquam
1784 647 1849 667 non
1884 635 1994 667 divelli
2029 637 2148 668 debent
2183 646 2231 669 re-

1239 676 1370 715 §missio
1406 677 1522 717 culpae
1556 682 1585 708 et
1620 680 1768 709 remissio
1802 681 1915 709 mortis
1937 684 2100 716 aeternae,
2123 686 2230 710 tamen

1260 729 1400 749 necesse
1434 725 1484 750 est
1520 720 1659 750 discerni
1691 722 1913 752 remissionem
1938 720 2051 761 culpae
2074 731 2094 752 a
2117 722 2229 752 remis-

1260 762 1352 791 sione
1374 771 1552 801 poenarum
1576 761 1800 802 temporalium
1823 763 1917 794 huius
1942 764 2036 793 ritae.
2060 763 2126 794 lnio
2150 774 2228 804 quo-

1259 804 1318 833 ties
1355 804 1395 834 de
1418 804 1615 843 poenitentia
1639 805 1836 844 cogitamus,
1867 806 2053 845 magnitudo
2077 806 2144 836 irae
2167 805 2229 836 Dei

1260 845 1486 876 consideretur
1509 846 1605 876 etiam
1627 846 1660 876 in
1681 847 1796 886 poenis
1820 846 2053 886 temporalibus
2076 846 2171 878 huius
2184 849 2229 878 vi-

1259 893 1321 918 tae.
1368 887 1437 918 Etsi
1467 888 1551 918 enim
1574 887 1692 918 multae
1717 898 1856 919 caussae
1880 894 1972 925 sunt,
1997 898 2054 919 cur
2076 888 2230 920 Ecclesia

1259 929 1347 960 cruci
1371 930 1521 960 subiecta
1544 930 1597 967 sit,
1620 936 1726 960 tamen
1749 931 1927 970 praecipua
1950 939 2069 961 caussa
2087 937 2137 961 est
2150 930 2229 961 Pec-

1259 978 1367 1002 catum
1399 972 1540 1002 haerens
1573 972 1604 1002 in
1634 982 1742 1003 carne.
1787 972 1903 1003 Totum
1927 982 2032 1013 genus
2055 972 2229 1004 humanum

1259 1024 1455 1054 oppressum
1489 1021 1540 1044 est.
1574 1015 1758 1055 ingentibus
1795 1014 2030 1045 calamitatibus
2061 1020 2092 1045 81
2114 1021 2228 1051 morte,

1259 1057 1317 1086 sed
1340 1057 1446 1097 magis
1470 1057 1565 1086 etiam
1588 1055 1748 1087 Ecclesia.
1796 1058 1880 1091 Quia
1905 1055 1969 1087 vult
1994 1056 2087 1087 Deus
2109 1057 2142 1087 in
2166 1056 2227 1088 Ec-

1259 1098 1361 1129 clesia
1382 1097 1517 1139 intelligi
1542 1099 1621 1129 iram
1645 1099 1806 1129 adversus
1826 1105 2009 1139 peccatum,
2032 1109 2128 1140 quam
2139 1108 2228 1130 mun-

1259 1141 1320 1171 dus
1344 1141 1539 1176 contemnit3
1562 1140 1637 1171 Ideo
1651 1140 1835 1172 Ecclesiam
1857 1142 1987 1171 duriore
2010 1139 2139 1172 sarcina
2152 1150 2228 1172 one-

1259 1189 1320 1220 rat,
1353 1188 1388 1213 ut
1421 1192 1643 1223 agnoscamus
1664 1193 1725 1213 nos
1750 1182 1961 1214 circumferre
1982 1193 2119 1223 poenas,
2154 1191 2227 1213 esse

1259 1234 1334 1255 reos
1360 1231 1392 1255 et
1414 1224 1520 1255 Deum
1544 1235 1621 1255 vere
1644 1226 1741 1256 irasci
1763 1229 1919 1265 11888310,
1943 1226 2000 1256 5811
2022 1230 2156 1266 propter
2177 1224 2228 1255 Fi-

1258 1266 1335 1297 limn
1370 1277 1432 1297 nos
1465 1268 1576 1307 recipi.
1621 1267 1727 1298 Adam
1760 1269 1820 1298 etsi
1854 1269 1989 1308 agnovit
2021 1277 2057 1298 se
2079 1268 2178 1307 recipi
2196 1268 2228 1297 in

1259 1310 1410 1350 gratiam,
1447 1310 1523 1350 quia
1545 1307 1645 1339 Filius
1669 1309 1730 1339 Dei
1763 1320 1824 1349 pro
1858 1319 1980 1349 genere
2013 1309 2154 1340 humano
2174 1309 2228 1339 de-

1259 1357 1412 1392 precatus
1436 1357 1503 1381 erat
1528 1357 1559 1381 et
1583 1350 1661 1382 illud
1685 1351 1831 1381 mirabile
1855 1352 2019 1382 decretum
2039 1352 2079 1382 de
2102 1352 2226 1382 redem-

1259 1394 1369 1433 ptione
1404 1392 1533 1423 humani
1568 1394 1698 1433 generis
1732 1394 1762 1423 in
1798 1393 1934 1423 consilio
1963 1394 2085 1423 aeterni
2108 1393 2227 1430 Patris,

1260 1435 1329 1465 Filii
1365 1441 1394 1464 81
1419 1435 1559 1474 Spiritus
1583 1435 1687 1464 sancti
1711 1433 1831 1465 factum
1856 1440 1943 1471 erat,
1989 1441 2097 1465 tamen
2120 1435 2227 1465 subie-

1261 1483 1333 1508 ctus
1368 1483 1417 1507 851
1442 1475 1668 1517 corporalibus
1692 1478 1825 1517 poenis,
1858 1482 1893 1507 ut
1915 1483 2112 1518 agnosceret
2134 1487 2227 1508 suum

1258 1519 1398 1559 lapsum,
1432 1526 1462 1549 et
1498 1525 1632 1549 secutae
1660 1524 1734 1549 sunt
1758 1519 1962 1550 tristissimae
1986 1519 2227 1560 castigationes,

1259 1563 1290 1592 in
1326 1562 1443 1602 quibus
1479 1562 1558 1591 vidit
1581 1561 1687 1591 Adam
1720 1571 1797 1591 vere
1831 1562 1892 1591 sibi
1917 1561 2108 1593 circumdari
2131 1562 2228 1603 signa

1258 1609 1381 1640 reatus,
1414 1609 1448 1633 ut
1472 1604 1638 1645 ingentem
1659 1600 1780 1634 luctum
1804 1609 1936 1644 propter
1959 1603 2069 1634 scelus
2092 1602 2173 1634 Cain
2196 1609 2227 1633 et

1257 1656 1372 1677 necem
1395 1645 1492 1683 Abel,
1517 1651 1547 1676 et
1570 1643 1683 1675 similia
1708 1643 1818 1683 multa,
1852 1656 1934 1686 quae
1957 1651 2003 1677 tot
2025 1646 2117 1678 annis
2139 1645 2227 1676 vide-

1257 1693 1333 1719 runt.
1366 1688 1535 1718 miserrimi
1570 1692 1736 1728 parentes,
1778 1688 1955 1718 Praeterea
1987 1693 2118 1729 praeter
2141 1697 2227 1719 80111-

1257 1740 1372 1761 111111185
1396 1740 1569 1760 aerumnas
1593 1731 1698 1760 sancti
1721 1728 1942 1771 singularibus
1966 1731 2080 1770 poenis
2092 1735 2227 1771 propter

1257 1774 1385 1813 privata
1408 1772 1566 1812 quaedam
1589 1777 1727 1812 peccata
1748 1774 1934 1812 puniuntur.
1968 1772 2077 1802 David
2095 1777 2226 1813 propter

1258 1813 1452 1845 adulterium
1485 1820 1623 1855 quantas
1657 1824 1830 1845 aerumnas
1852 1815 2004 1845 sustinuit
2025 1813 2124 1855 longo
2149 1820 2226 1844 tem-

1258 1856 1354 1897 pore!
1399 1855 1541 1887 Primum
1576 1861 1725 1896 stuprata
1748 1862 1797 1887 est
1820 1855 1904 1893 filia,
1937 1861 2083 1896 stuprum
2106 1855 2224 1887 caedes

1260 1898 1314 1929 filii
1348 1903 1461 1929 secuta
1495 1904 1555 1928 est.
1600 1898 1729 1929 Deinde
1762 1904 1849 1929 mota
1872 1899 1987 1928 seditio
2010 1909 2029 1928 a
2052 1896 2129 1935 filio,
2159 1902 2224 1928 stu-

1258 1947 1371 1982 pratae
1395 1940 1565 1981 coniuges,
1597 1939 1755 1971 interfecti
1778 1941 1878 1978 cives,
1911 1945 2004 2011 pater
2026 1939 2139 1981 pulsus
2163 1944 2224 1976 est,

1258 1989 1290 2013 et
1323 1984 1427 2013 minus
1461 1981 1520 2013 fuit
1542 1982 1701 2013 Davidem
1723 1992 1825 2023 regno
1850 1982 1999 2022 51101311,
2033 1992 2128 2022 quam
2151 1982 2223 2012 exui

1257 2026 1379 2066 ingenti
1414 2024 1520 2066 gloria
1542 2025 1668 2055 virtutis
1693 2029 1722 2054 et
1745 2022 1868 2054 favoris
1887 2023 1958 2054 Dei.
2004 2023 2064 2055 Hic
2088 2033 2124 2054 se
2146 2033 2224 2054 vere

1257 2068 1359 2098 sensit
1381 2067 1654 2098 excommunicari
1677 2071 1707 2095 et
1730 2066 1792 2096 sibi
1815 2065 1876 2096 has
1899 2071 2009 2096 tantas
2031 2066 2180 2096 miserias
2194 2070 2224 2096 et

1258 2109 1391 2140 dolores
1414 2115 1567 2149 tanquam
1590 2109 1686 2150 signa
1709 2113 1821 2139 reatus
1846 2108 2055 2146 circumdari,
2087 2118 2153 2139 non
2182 2108 2223 2138 ab

1257 2152 1399 2189 homine,
1422 2152 1481 2182 sed
1503 2161 1522 2180 a
1544 2150 1630 2187 Deo,
1654 2156 1689 2180 ut
1712 2156 1908 2191 agnosceret
1931 2148 2037 2180 Deum
2062 2159 2139 2180 vere
2159 2149 2223 2180 ira-

1257 2195 1304 2224 sci
1328 2200 1477 2234 peccato,
1500 2202 1575 2222 sese
1597 2192 1670 2223 Deo
1694 2193 1880 2229 subiiceret,
1903 2202 1968 2222 non
1991 2197 2159 2232 arrogaret
2177 2191 2223 2221 'si-

1257 2238 1288 2267 bi
1322 2236 1452 2267 laudem
1475 2235 1627 2272 iustitiae,
1661 2244 1722 2265 1188
1757 2234 1886 2265 efferret
1909 2244 1946 2264 se
1969 2243 2067 2274 supra
2093 2239 2221 2264 ceteros

1257 2285 1470 2318 peccatores,
1505 2277 1580 2307 118111
1614 2284 1646 2307 111
1670 2275 1723 2308 3111
1745 2276 1810 2306 1108
1833 2275 1981 2315 exemplo
2004 2281 2221 2306 monerentur.

1257 2321 1312 2351 Sic
1335 2321 1435 2360 puniti
1458 2326 1530 2349 sunt
1556 2318 1772 2359 peculiaribus
1796 2318 1965 2359 suppliciis
1989 2318 2139 2355 Samson,
2163 2317 2221 2348 Sa-

1255 2362 1379 2398 lomon,
1415 2362 1512 2391 Osias
1537 2371 1716 2401 percussus
1741 2360 1842 2401 lepra,
1866 2360 1981 2398 iosias,
2004 2359 2220 2390 Nabuchodo-

1255 2414 1370 2441 nosor,
1406 2409 1437 2434 et
1466 2402 1518 2433 alii
1552 2404 1657 2434 sancti
1690 2401 1940 2434 innumerabiles
1975 2402 2122 2443 quotidie
2139 2399 2222 2432 tales

1255 2445 1380 2487 aliquas
1414 2456 1538 2486 poenas
1572 2444 1756 2486 peculiares
1791 2442 2088 2481 511511118111.ἈΝ884,Ἰ
2105 2442 2222 2483 Loquor

1255 2489 1295 2519 de
1318 2488 1422 2528 impiis
1446 2494 1477 2518 et
1498 2488 1637 2524 reiectis,
1661 2497 1796 2528 quorum
1820 2485 1947 2521 scelera
1959 2486 2104 2536 ‘'Q-‘³35³
2116 2485 2218 2530 Deus,

1255 2542 1326 2561 cum
1361 2531 1402 2560 sit
1426 2536 1538 2560 custos
1561 2529 1712 2570 politicae
1731 2529 1875 2560 iustitiae
1899 2534 1930 2558 et
1953 2528 2137 2564 societatis,
2172 2536 2220 2556 re-
