2358 2933
251 101 314 131 863
874 99 971 129 Pffll.

256 203 317 224 con
343 202 456 223 ressus
482 191 650 223 Ecclesiae
673 190 736 221 Dei
746 192 760 221 ’ἒ
782 192 826 221 At
840 191 930 222 Deus
954 198 1160 222 servaturum
1185 202 1222 222 se

256 202 436 265 fleciesim11
459 244 550 265 sunm
573 234 736 273 promisit,
767 239 799 263 et
821 234 978 264 servabit.
1023 234 1073 264 Ac
1098 235 1129 264 in
1152 235 1223 274 ipsa

256 276 367 307 Coena
389 276 518 307 Domini
543 274 668 306 inclusa
692 283 738 305 est
761 274 842 305 hacc
861 277 1049 315 promissio,
1072 286 1155 316 quae
1178 274 1224 306 as-

256 318 638 350 firmatnoninterituram
652 327 727 347 esse
740 316 922 348 Ecclesiam
934 317 996 348 Dci
1016 321 1046 349 in
1059 317 1123 348 hoc
1135 329 1225 348 mun-

257 361 313 393 11οι
337 361 424 391 lubet
439 361 522 390 enim
535 360 714 390 annuntiari
728 359 1003 391 mortemDomini
1016 367 1046 390 et
1060 360 1227 391 1111110008-

256 413 329 433 1111111
353 402 512 438 distribui,
537 402 641 432 donec
665 403 799 432 venerit.
846 391 933 433 llaec
964 402 1146 433 consolatio
1166 403 1226 442 piis

258 451 351 483 grata
374 454 450 474 esse
473 444 578 474 debet.
624 443 662 474 Et
686 445 864 475 retinentes
888 445 1059 484 puritatem
1078 445 1227 485 Evange-

257 480 287 516 lii
322 493 352 516 et
382 487 467 526 pium
503 495 596 516 usum
620 486 903 517 sacramentorum
938 487 1025 518 haud
1054 488 1150 518 dubie
1174 488 1226 517 dc-

258 528 440 559 fenduntur.
453 530 496 559 ²⁶)

343 570 433 601 Haec
455 569 623 610 praefatus
647 580 735 607 sum,
769 577 802 600 ut
828 571 1010 611 cogitemus
1034 572 1074 602 de
1097 573 1228 602 caussis

259 614 421 644 institutae
444 613 575 643 Coenae
599 612 740 649 Domini,
782 623 842 643 uae
865 619 895 643 et
920 614 990 652 ipsa
1013 614 1229 644 testimonium

259 663 306 687 est
341 656 467 695 insigne
500 653 729 695 patefiictionis
759 623 836 685 ‹Deh
882 655 955 685 Non
988 654 1082 686 aliter
1115 656 1228 686 audias

261 699 360 729 verba
384 697 479 727 huius
504 696 652 730 Coenae,
687 707 782 737 quam
806 698 832 727 si
857 699 961 737 ipsum
986 697 1151 728 Christum
1175 708 1229 728 co-

260 750 328 771 ram
361 746 466 770 tecum
497 738 682 779 loquentem
716 740 865 776 ainlires,
890 746 918 769 et
945 739 1039 770 simul
1065 741 1104 770 de
1126 741 1230 780 ipsius

261 783 501 813 resurrectione
536 788 567 811 et¹
601 782 716 811 ceteris
751 780 914 812 miraculis
940 783 1084 823 cogites,
1114 783 1230 822 quibus

261 835 298 854 se
321 834 397 854 vere
420 823 510 853 Deus
535 823 628 853 nobis
648 822 811 863 patefecit.
857 824 908 854 Ac
938 825 1026 855 scias
1050 825 1230 855 institutum

261 876 336 897 esse
360 865 423 895 hoc
436 866 694 902 Sacramentum,
715 866 854 905 primum
873 866 913 895 ad
937 865 1231 897 commonefacien-
1253 880 1255 884 ⁸

261 909 321 938 dos
343 906 490 948 singulos
522 914 553 938 et
576 909 780 938 excitandam
804 913 835 938 et
859 908 1114 939 confirmandam
1137 908 1231 939 fidem

263 951 292 980 in
311 950 425 986 nobis,
460 950 576 980 deinde
599 957 631 980 ut
657 950 810 980 memoria
835 951 1000 990 passionis
1031 957 1061 981 et
1085 961 1218 981 resurre

263 993 378 1023 ctionis
402 992 523 1022 flu-isti
558 998 712 1032 perpetuo
736 999 936 1032 propagetur
959 992 1023 1023 hoc
1046 994 1119 1030 ritu,
1144 993 1231 1023 deni-

262 1045 324 1077 que
357 1042 389 1066 ut
421 1036 461 1065 sit
491 1045 612 1065 nervus
637 1033 786 1074 publicae
811 1036 1088 1075 congregationis,
1114 1036 1144 1065 in
1168 1046 1232 1075 qua

263 1076 413 1108 Ecclesia
435 1076 497 1107 Dei
523 1077 675 1107 ostendat
698 1086 735 1106 se
759 1077 938 1107 seiunctam
963 1088 1038 1108 esse
1066 1088 1086 1107 a
1108 1083 1233 1108 cetera-

264 1130 334 1151 rum
359 1120 502 1160 gentium
527 1119 743 1159 opinionibus.

349 1161 427 1192 Post
451 1161 533 1192 haec
553 1162 696 1198 exordia,
719 1159 802 1192 haec
815 1163 1006 1202 quatnor'27)
1025 1162 1233 1192 consideren-

264 1213 330 1236 tur:

350 1246 500 1285 Primum,
524 1246 686 1286 quomodo
710 1246 853 1276 instituta
876 1247 915 1276 sit
946 1255 1050 1276 coena
1074 1245 1212 1277 Domini.

350 1290 547 1325 Secundum,
571 1289 689 1328 quibus
711 1288 814 1328 prosit
838 1288 1057 1318 manducatio.

350 1330 505 1368 Tertium,
530 1330 584 1371 qui
607 1331 671 1360 sint
695 1331 735 1360 ad
760 1340 831 1360 eam
854 1331 1052 1361 admittendi.

351 1373 527 1409 Quartum,
572 1372 612 1402 de
645 1372 748 1402 abusu
785 1379 814 1402 et
856 1371 1084 1412 profanatione
1118 1372 1235 1402 Sacra-

265 1415 372 1447 menti.

644 1542 700 1572 De
723 1542 857 1581 primo.

354 1628 447 1659 Ritus
472 1627 667 1657 describitur
689 1636 708 1656 a
732 1624 911 1663 Matthaeo,
936 1624 1066 1663 Marco,
1090 1625 1182 1656 Luca
1206 1631 1237 1655 et

269 1683 287 1702 a
311 1670 425 1701 Paulo.
470 1669 508 1699 Et
534 1669 719 1699 nominatim
743 1668 843 1708 inquit
869 1667 1011 1698 Paulus:
1036 1668 1237 1698 Convenien-

269 1714 354 1743 tibns
384 1713 488 1742 vobis.
532 1710 611 1741 Vult
640 1710 761 1751 publici
790 1720 990 1751 congressus
1021 1711 1237 1741 ceremoniam

270 1764 344 1786 esse
377 1754 462 1785 hanc
485 1763 631 1790 coenam,
668 1759 698 1783 et
722 1752 816 1784 simul
838 1751 907 1783 wsst
929 1754 972 1782 ibi
998 1753 1109 1783 doceri
1131 1752 1238 1783 Evan-

272 1796 403 1838 gelium,
428 1796 572 1826 invocari
596 1795 701 1826 Deum
723 1796 886 1826 mentione
914 1801 945 1825 et
967 1795 1086 1826 fiducia
1107 1794 1239 1825 Domini

271 1840 375 1869 nostri
398 1838 473 1869 Iesu
486 1838 619 1874 Christi,
644 1843 675 1868 et
694 1839 746 1878 agi
770 1838 905 1879 gratias.
934 1837 1009 1868 Ideo
1034 1838 1238 1868 dictumest:

271 1881 341 1912 Hoc
366 1880 463 1911 facite
486 1881 526 1910 ad
549 1880 809 1910 recordationem
832 1881 905 1910 mei.

356 1923 425 1953 Nec
448 1929 495 1952 est
520 1923 614 1952 inane
637 1921 873 1962 spectaculum,
896 1923 953 1952 sed
979 1921 1130 1952 Chiistus
1153 1931 1241 1951 reve-

274 1975 308 1996 ra
317 1965 409 1995 adest
419 1965 502 1995 dans
513 1974 572 2004 per
584 1964 645 1993 hoc
657 1965 869 1994 ministerium
882 1974 975 1994 suuni
989 1973 1111 2004 corpus
1125 1970 1155 1993 et
1169 1973 1242 1993 san·
1263 1970 1266 1988 Ι

276 2008 403 2048 guinem
438 2007 644 2037 manducanti
679 2013 709 2036 et
745 2006 875 2036 bibenti.
921 2006 1011 2037 Sicut
1049 2013 1078 2036 et
1114 2012 1243 2037 veteres

275 2050 452 2089 scriptores
486 2048 673 2089 loquuntur.
726 2047 868 2089 Cyrillus
905 2049 935 2079 in
971 2049 1092 2078 loanne
1125 2049 1243 2089 inquit:

277 2091 369 2121 Unde
398 2091 671 2121 considerandum
695 2096 755 2127 est,
779 2090 945 2121 Christum
968 2101 1033 2121 non
1056 2090 1163 2121 solum
1185 2100 1245 2131 per

276 2132 481 2164 dilectionem
504 2134 534 2163 in
554 2133 648 2163 nobis
671 2142 764 2169 esse,
787 2133 845 2163 sed
869 2134 963 2163 etiam
986 2132 1125 2164 naturali
1147 2133 1245 2173 parti-

276 2176 453 2215 cipatione,
487 2175 516 2205 id
549 2181 613 2212 est,
648 2175 767 2205 adesse
790 2185 854 2205 non
878 2174 983 2206 solum
1003 2174 1162 2212 efficacia,
1186 2175 1244 2205 sed

277 2218 371 2247 etiam
394 2218 588 2247 substantia.

361 2259 401 2290 Et
424 2258 565 2289 Hilarius
584 2260 643 2289 ait:
673 2258 724 2290 De
747 2259 885 2290 naturali
909 2261 991 2290 enim
1015 2260 1046 2290 in
1070 2260 1165 2290 nobis
1190 2269 1244 2289 ve—

278 2302 373 2332 ritate
392 2311 476 2341 quae
499 2302 646 2339 dicimus,
669 2302 730 2332 nisi
755 2303 795 2332 ab
816 2312 856 2332 eo
880 2302 1067 2339 didicimus,
1090 2301 1189 2332 stulte
1213 2306 1245 2331 et

277 2343 372 2383 impie
395 2344 587 2374 diceremus.
622 2343 695 2384 lpse
715 2345 798 2374 enim
821 2345 937 2384 inquit:
963 2343 1049 2374 Caro
1072 2354 1140 2374 mea
1167 2353 1244 2374 vere

1012 98 1113 130 MEL.
1138 99 1322 131 SCRtPTA
1342 99 1614 132 DOGMATch.

1247 391 1249 395 ,
1272 359 1399 391 ctacula
1423 362 1463 391 de
1488 359 1630 391 llercule
1653 366 1708 391 aut
1722 363 1765 395 ²³⁵)
1790 360 1915 392 similia.

2172 104 2235 135 864

1268 199 1318 224 est
1336 193 1440 229 cibus,
1464 199 1495 222 et
1519 193 1654 233 sanguis
1678 202 1769 224 meus
1794 202 1872 224 vere
1895 200 1947 224 est
1964 200 2072 234 potua,
2095 202 2127 226 et.
2150 196 2236 226 dein—

1269 244 1358 275 ceps.
1400 235 1488 265 llaec
1511 240 1648 274 accepta
1672 240 1703 265 ct
1734 234 1851 266 hausta
1875 234 2031 273 efficiunt,
2065 242 2100 267 ut
2122 243 2154 268 ct
2176 247 2237 268 nos

1269 279 1301 307 in
1325 276 1457 307 Christo
1487 282 1519 307 et.
1541 275 1693 307 Christus
1718 278 1748 307 in
1772 278 1868 307 nobis
1892 279 1942 308 sit.
1987 278 2063 308 Non
2085 279 2239 321 imagine—

1271 329 1342 349 mur
1370 328 1447 349 essc
1479 319 1666 349 memoriam
1690 318 1829 349 hominis
1857 321 1990 357 mortui,
2013 325 2047 351 ut
2069 327 2146 352 sunt
2169 331 2240 360 spe-

1958 362 2157 394 Abiiciamus
2180 363 2242 394 has

1272 401 1428 442 profanas
1453 403 1680 443 ‹:ogitatione5‚
1705 413 1744 433 ae
1767 403 1831 433 hoc
1854 404 2038 435 testimonio
2058 414 2240 436 commone-

1274 444 1352 475 i'acti
1386 445 1569 482 credamus,
1604 454 1682 476 vere
1705 444 1870 476 Christum
1902 456 1962 486 pro
1997 447 2091 478 nobis
2121 446 2240 478 sactum

1273 496 1348 516 esse
1371 487 1550 524 victimam,
1581 497 1620 517 ac
1642 493 1820 525 mortuum,
1854 488 1913 520 sed
1936 498 2051 519 revera
2075 489 2170 519 etiam
2193 498 2242 519 re—

1249 545 1251 551 .
1273 529 1463 559 suscitatum
1498 530 1559 559 iam
1590 539 1728 569 regnare
1761 536 1792 560 et
1814 531 1934 560 adesse
1956 540 2036 560 suae
2059 529 2241 567 Ecclesiae,

1275 577 1303 601 et
1327 571 1359 601 in
1383 570 1445 601 hoc
1469 571 1646 602 ministerio
1677 581 1751 601 vere
1774 582 1836 602 nos
1860 572 1920 603 sibi
1935 577 2087 612 tanquam
2099 573 2240 604 membra

1274 613 1465 654 adiungere.

1586 739 1642 770 De
1682 741 1933 782 secundam-²)

1362 822 1396 852 ln
1409 821 1568 853 Ecclesiis
1592 834 1675 863 quae
1699 830 1788 854 recte
1811 825 1980 862 docentur,
2002 826 2157 856 invitandi
2168 833 2242 857 sunt

1253 888 1255 908 Ε
1277 871 1306 894 et
1326 864 1566 896 assuefaciendi
1590 866 1774 904 auditores,
1796 872 1830 897 ut
1850 867 1996 897 crebrior
2017 877 2098 898 usus
2121 869 2162 898 sit
2185 868 2243 899 Sa-

1278 907 1434 937 cramcnti
1459 908 1608 947 corporis
1631 913 1663 938 et
1685 909 1853 949 sanguinis
1867 908 1999 946 Christi,
2023 914 2055 939 et
2076 915 2111 940 ut
2133 911 2165 940 in
2181 920 2242 941 usu

1276 947 1371 979 simul
1405 950 1563 980 excitetur
1595 951 1761 980 ardentior
1794 951 1956 981 invocatio
2002 957 2034 982 et
2068 952 2244 993 gratiarum

1277 992 1372 1021 aetio.
1419 991 1540 1029 881130)
1565 991 1659 1022 simul
1684 993 1822 1023 docendi
1846 999 1922 1024 sunt
1944 992 2103 1030 homines,
2125 994 2243 1034 quihus

1277 1034 1379 1073 prosit
1400 1034 1617 1065 manducatio.
1662 1034 1841 1075 Utrumque
1869 1036 2115 1075 vituperandum
2136 1041 2168 1066 et
2191 1036 2244 1067 de-

1276 1074 1469 1115 plorandum
1493 1083 1554 1114 est,
1578 1077 1665 1117 quod
1688 1076 1790 1114 multi,
1813 1078 1867 1118 qui
1890 1076 2003 1108 volunt.
2025 1078 2127 1109 videri
2149 1087 2245 1108 mem-

1278 1119 1335 1148 bra
1358 1117 1540 1156 Ecclesiae,
1563 1119 1640 1149 totis
1665 1119 1759 1149 annis
1783 1120 1896 1150 decem
1919 1120 1972 1151 vix
1995 1118 2099 1150 semel
2116 1126 2172 1151 aut
2194 1120 2245 1150 bis

1278 1165 1409 1190 sumunt
1432 1160 1694 1197 Sacramentunu
1716 1161 1757 1191 Et
1780 1161 1873 1192 simul
1897 1172 1970 1192 cum
1992 1161 2054 1192 hac
2078 1161 2245 1203 negligen-

1278 1203 1322 1232 tia
1355 1203 1515 1242 obrepunt
1547 1202 1706 1242 profanae
1729 1204 1915 1243 opiniones,
1940 1204 2134 1246 extinguitur
2156 1205 2246 1234 invo·

1280 1245 1375 1280 catio,
1400 1250 1430 1273 et
1455 1245 1616 1275 accedunt
1638 1244 1703 1275 alia
1724 1246 1811 1276 vitia.

1364 1284 1449 1315 Olim
1483 1287 1570 1316 initio
1600 1286 1773 1317 Ecclesiae
1805 1286 1905 1317 multo
1940 1294 2008 1317 erat
2044 1287 2245 1328 frequentior

1279 1338 1358 1358 usus
1382 1327 1604 1365 Sacramenti,
1637 1335 1673 1359 ut.
1702 1334 1831 1359 veteres
1855 1328 2019 1359 Historiae
2041 1334 2073 1360 et
2095 1329 2245 1360 Canones

1280 1370 1465 1400 ostendunt.
1511 1370 1572 1400 Est,
1599 1375 1629 1400 et
1651 1370 1744 1401 alteri
1769 1370 1854 1400 malo
1876 1381 1995 1411 magna
2028 1370 2193 1412 diligentia
2216 1378 2245 1402 et

1279 1413 1451 1442 severitate
1485 1413 1742 1449 occurrendum,
1777 1423 1818 1443 ne
1841 1413 1945 1453 ignari
1973 1413 2050 1453 quid
2072 1420 2182 1453 agant,
2217 1420 2246 1444 et

1280 1453 1394 1494 polluti
1417 1452 1598 1484 manifestis
1622 1455 1708 1485 vitiis
1731 1455 1802 1485 sine
1825 1455 2022 1495 poenitentia
2045 1455 2086 1485 ad
2109 1465 2248 1486 commu-

1278 1497 1407 1527 nionem
1430 1497 1600 1526 accedant.

1366 1538 1442 1568 ldeo
1476 1537 1554 1568 utile
1577 1545 1608 1569 et
1630 1539 1717 1579 pium
1739 1539 1918 1569 institutum
1941 1545 2003 1577 est,
2025 1540 2114 1579 prius
2139 1540 2250 1581 singu-

1280 1580 1331 1610 los
1356 1578 1538 1620 explorare,
1569 1581 1645 1621 quid
1675 1579 1866 1622 intelligant,
1902 1581 1978 1621 quid
2001 1581 2185 1619 didicerint,
2218 1588 2248 1611 et

1280 1623 1311 1653 in
1336 1633 1375 1654 eo
1399 1621 1563 1663 colloquio
1587 1623 1738 1654 rudiores
1761 1624 1891 1660 docere,
1915 1628 1946 1653 et
1969 1623 2045 1664 quid
2069 1624 2111 1654 sit
2133 1623 2250 1654 Sacra-

1281 1671 1436 1702 mentum,
1459 1670 1491 1695 et
1514 1666 1586 1705 quis
1610 1666 1651 1695 sit
1674 1676 1766 1703 usus,
1790 1671 1821 1696 et
1844 1666 1961 1706 quibus
1983 1666 2098 1706 prosit.

1367 1707 1493 1737 Deinde
1516 1706 1720 1739 manifestum
1745 1714 1795 1738 est
1823 1708 1864 1738 de
1886 1707 1948 1738 hac
1970 1713 2062 1748 parte
2084 1717 2184 1748 saepe
2206 1708 2251 1738 di-

1283 1750 1422 1781 cendum
1445 1759 1531 1787 esse,
1554 1761 1619 1780 non
1644 1751 1803 1790 prodesse
1825 1750 2106 1781 manducationem
2122 1750 2174 1787 iis,
2197 1750 2250 1791 qui

1282 1803 1348 1823 non
1372 1798 1474 1833 agunt
1495 1793 1736 1832 poenitentiam,
1760 1793 1819 1823 sed
1842 1799 2058 1833 perseverant
2080 1793 2111 1822 in
2124 1791 2251 1823 delictis

1285 1840 1398 1865 contra
1418 1835 1667 1872 conscientiam,
1693 1836 1777 1866 sicut
1799 1833 1922 1865 Paulus
1948 1833 2038 1865 clara
2061 1844 2142 1865 voce
2164 1832 2252 1864 affir-

1284 1883 1367 1908 mat:
1404 1876 1466 1911 Qui
1499 1877 1744 1908 manducaverit
1778 1888 1893 1917 panem
1927 1877 2014 1908 hunc
2047 1882 2102 1907 aut
2136 1876 2250 1907 biberit

1285 1918 1438 1960 poculum
1462 1919 1591 1949 Domini
1610 1920 1751 1959 indigne,
1776 1930 1850 1950 reus
1875 1920 1932 1949 erit
1953 1919 2103 1959 corporis
2126 1924 2157 1949 et.
2179 1928 2253 1949 san-

1286 1962 1394 2003 guinis
1417 1960 1558 1992 Domini.
1598 1962 1797 1992 Manducant
1819 1966 1926 1991 autem
1951 1961 2091 2001 indigne,
2115 1961 2252 2001 quinon

1286 2004 1423 2034 afferunt
1447 2004 1594 2034 timorem
1617 2003 1679 2034 Dei
1704 2010 1735 2034 et
1759 2003 1865 2040 fidem,
1889 2013 1947 2033 seu
1970 2003 2198 2042 poenitentiam
2222 2010 2250 2033 et

1287 2047 1394 2083 tidem,
1429 2052 1458 2076 et
1492 2047 1634 2076 scientes
1669 2051 1881 2085 perseverant
1914 2046 1944 2075 in
1980 2043 2109 2076 delictis
2140 2051 2253 2076 contra

1286 2088 1530 2118 conscientiam.
1576 2087 1640 2118 Alii
1664 2087 1831 2128 indulgent
1856 2087 2061 2124 libidinibuS‚
2093 2086 2148 2118 alii
2172 2087 2254 2118 odiis

1287 2136 1318 2161 et
1341 2131 1477 2161 iniustae
1501 2130 1665 2170 cupiditati
1690 2131 1867 2166 vindictam
1890 2128 1955 2160 Alii
1978 2128 2049 2160 aliis
2072 2128 2254 2161 sceleribus

1286 2172 1429 2213 pollutos
1458 2182 1495 2202 se
1508 2175 1552 2212 31)
1586 2183 1661 2202 csse
1684 2178 1813 2210 norunt,
1837 2182 1897 2202 nec
1921 2173 2085 2212 deponunt
2107 2172 2255 2212 proposi-

1287 2222 1353 2245 tum
1388 2213 1623 2245 malefaciendi.
1669 2214 1758 2245 Haec
1792 2214 1877 2245 mala
1911 2224 1970 2255 per
1992 2224 2068 2245 sese
2090 2214 2253 2244 offendunt

1287 2257 1402 2288 Deum.
1448 2256 1514 2287 Sed
1538 2256 1659 2287 Paulus
1684 2255 1839 2287 cumulari
1863 2256 1948 2287 hanc
1968 2256 2179 2288 offensionem
2197 2266 2254 2286 no—

1287 2370 1332 2395 28)
1353 2369 1406 2400 aut]
1429 2368 1499 2393 Editt.
1521 2369 1559 2391 20.
1581 2368 1632 2394 25.,
1653 2368 1723 2397 Cot-p.
1747 2368 1819 2390 1-8.
1840 2370 1864 2391 et

1264 2419 1265 2422 ’
1287 2420 1331 2447 29)
1351 2420 1384 2444 De
1404 2418 1533 2449 secundo.)
1555 2418 1595 2443 Ed.
1615 2418 1654 2440 30Δ
1673 2418 1708 2442 Ι)8
1727 2418 1838 2442 secundo
1858 2418 1937 2447 eapite

279 2471 323 2499 26)
343 2470 530 2501 defenduntur]
546 2471 617 2495 Editt.
641 2472 662 2492 1.
682 2472 705 2493 3.
726 2471 901 2495 defendentur.

279 2521 323 2550 27)
344 2521 459 2551 quatuor]
481 2521 551 2545 Editt.
571 2521 609 2543 26.
631 2521 680 2547 ¹27⁴,
701 2522 770 2550 Coi-p.
796 2521 865 2543 1-8.
885 2524 992 2550 quatuor
1010 2521 1088 2549 capita

1287 2470 1333 2493 30»
1353 2469 1412 2500 Sed]
1435 2470 1505 2498 Coi-p.
1527 2469 1598 2492 1—8.
1618 2468 1643 2492 Et

1288 2520 1332 2544 31)
1352 2527 1378 2544 se
1399 2521 1530 2544 ommim!
1549 2519 1618 2543 Editt.
1640 2519 1677 2542 ¹28,
1698 2519 1736 2541 29.
1757 2518 1863 2541 31-33.
