<?xml version="1.0" encoding="UTF-8"?>
<!DOCTYPE html PUBLIC "-//W3C//DTD XHTML 1.0 Transitional//EN"
    "http://www.w3.org/TR/xhtml1/DTD/xhtml1-transitional.dtd">
<html xmlns="http://www.w3.org/1999/xhtml" xml:lang="en" lang="en">
 <head>
  <title>
</title>
<meta http-equiv="Content-Type" content="text/html;charset=utf-8" />
  <meta name='ocr-system' content='tesseract 3.04.00' />
  <meta name='ocr-capabilities' content='ocr_page ocr_carea ocr_par ocr_line ocrx_word'/>
</head>
<body>
  <div class='ocr_page' id='page_1' title='image "./operaquaesupersu21melauoft_0242.png"; bbox 0 0 2358 2933; ppageno 0'>
   <div class='ocr_carea' id='block_1_1' title="bbox 230 118 2222 158">
    <p class='ocr_par' dir='ltr' id='par_1_1' title="bbox 230 118 2222 158">
     <span class='ocr_line' id='line_1_1' title="bbox 230 118 2222 158; baseline 0.001 -6"><span class='ocrx_word' id='word_1_1' title='bbox 230 127 292 158; x_wconf 72' lang='lat'>455</span> <span class='ocrx_word' id='word_1_2' title='bbox 857 121 966 152; x_wconf 56' lang='lat' dir='ltr'>Fun..</span> <span class='ocrx_word' id='word_1_3' title='bbox 989 120 1092 150; x_wconf 82' lang='lat' dir='ltr'>MEL.</span> <span class='ocrx_word' id='word_1_4' title='bbox 1111 119 1296 151; x_wconf 76' lang='lat' dir='ltr'><strong>SCRIPTA</strong></span> <span class='ocrx_word' id='word_1_5' title='bbox 1319 118 1594 151; x_wconf 76' lang='lat' dir='ltr'>DoGMATwA.</span> <span class='ocrx_word' id='word_1_6' title='bbox 2159 122 2222 153; x_wconf 77' lang='lat'>456</span> 
     </span>
    </p>
   </div>
   <div class='ocr_carea' id='block_1_2' title="bbox 228 210 2225 1390">
    <p class='ocr_par' dir='ltr' id='par_1_2' title="bbox 231 210 2222 588">
     <span class='ocr_line' id='line_1_2' title="bbox 232 210 2221 252; baseline -0.001 -6"><span class='ocrx_word' id='word_1_7' title='bbox 232 219 308 249; x_wconf 82' lang='lat' dir='ltr'>tei-is</span> <span class='ocrx_word' id='word_1_8' title='bbox 329 217 584 248; x_wconf 71' lang='lat' dir='ltr'>ordinationibus</span> <span class='ocrx_word' id='word_1_9' title='bbox 605 213 858 244; x_wconf 48' lang='lat' dir='ltr'>ecclesias-ticin</span> <span class='ocrx_word' id='word_1_10' title='bbox 882 213 925 242; x_wconf 82' lang='lat' dir='ltr'>ita</span> <span class='ocrx_word' id='word_1_11' title='bbox 944 212 1051 242; x_wconf 87' lang='lat' dir='ltr'>ludaei</span> <span class='ocrx_word' id='word_1_12' title='bbox 1066 212 1204 252; x_wconf 85' lang='lat' dir='ltr'>prophe-</span> <span class='ocrx_word' id='word_1_13' title='bbox 1226 228 1228 245; x_wconf 52' lang='lat'>3</span> <span class='ocrx_word' id='word_1_14' title='bbox 1247 218 1388 241; x_wconf 89' lang='lat' dir='ltr'>mentum</span> <span class='ocrx_word' id='word_1_15' title='bbox 1411 210 1502 242; x_wconf 75' lang='lat' dir='ltr'>affert</span> <span class='ocrx_word' id='word_1_16' title='bbox 1529 210 1681 241; x_wconf 84' lang='lat' dir='ltr'>iustitiam</span> <span class='ocrx_word' id='word_1_17' title='bbox 1704 216 1734 240; x_wconf 89' lang='lat' dir='ltr'>et</span> <span class='ocrx_word' id='word_1_18' title='bbox 1757 211 1854 241; x_wconf 85' lang='lat' dir='ltr'>vitam</span> <span class='ocrx_word' id='word_1_19' title='bbox 1878 217 2053 249; x_wconf 83' lang='lat' dir='ltr'>aeternam,</span> <span class='ocrx_word' id='word_1_20' title='bbox 2077 213 2152 244; x_wconf 89' lang='lat' dir='ltr'>ideo</span> <span class='ocrx_word' id='word_1_21' title='bbox 2170 223 2221 244; x_wconf 86' lang='lat' dir='ltr'>re-</span> 
     </span>
     <span class='ocr_line' id='line_1_3' title="bbox 231 249 2220 299; baseline -0.003 -9"><span class='ocrx_word' id='word_1_22' title='bbox 231 261 271 290; x_wconf 85' lang='lat' dir='ltr'>tis</span> <span class='ocrx_word' id='word_1_23' title='bbox 294 266 324 289; x_wconf 83' lang='lat' dir='ltr'>et</span> <span class='ocrx_word' id='word_1_24' title='bbox 349 258 518 299; x_wconf 71' lang='lat' dir='ltr'>Apes-tuiis</span> <span class='ocrx_word' id='word_1_25' title='bbox 542 256 779 286; x_wconf 79' lang='lat' dir='ltr'>irascebantur.</span> <span class='ocrx_word' id='word_1_26' title='bbox 802 255 934 295; x_wconf 89' lang='lat' dir='ltr'>quando</span> <span class='ocrx_word' id='word_1_27' title='bbox 958 255 1121 284; x_wconf 84' lang='lat' dir='ltr'>docebant</span> <span class='ocrx_word' id='word_1_28' title='bbox 1147 253 1204 284; x_wconf 90' lang='lat' dir='ltr'>ho-</span> <span class='ocrx_word' id='word_1_29' title='bbox 1226 249 1227 275; x_wconf 50' lang='lat' dir='ltr'>i</span> <span class='ocrx_word' id='word_1_30' title='bbox 1246 254 1417 293; x_wconf 88' lang='lat' dir='ltr'>quiruntur</span> <span class='ocrx_word' id='word_1_31' title='bbox 1451 254 1483 283; x_wconf 91' lang='lat' dir='ltr'>in</span> <span class='ocrx_word' id='word_1_32' title='bbox 1517 252 1614 282; x_wconf 85' lang='lat' dir='ltr'>Novo</span> <span class='ocrx_word' id='word_1_33' title='bbox 1648 251 1858 283; x_wconf 86' lang='lat' dir='ltr'>Testamento</span> <span class='ocrx_word' id='word_1_34' title='bbox 1893 252 2078 293; x_wconf 81' lang='lat' dir='ltr'>spirituales</span> <span class='ocrx_word' id='word_1_35' title='bbox 2112 254 2220 286; x_wconf 83' lang='lat' dir='ltr'>cultus</span> 
     </span>
     <span class='ocr_line' id='line_1_4' title="bbox 231 293 2221 339; baseline -0.003 -7"><span class='ocrx_word' id='word_1_36' title='bbox 231 303 333 332; x_wconf 86' lang='lat' dir='ltr'>mines</span> <span class='ocrx_word' id='word_1_37' title='bbox 357 311 420 331; x_wconf 90' lang='lat' dir='ltr'>non</span> <span class='ocrx_word' id='word_1_38' title='bbox 445 298 644 339; x_wconf 76' lang='lat' dir='ltr'>prommtiati</span> <span class='ocrx_word' id='word_1_39' title='bbox 668 298 773 327; x_wconf 80' lang='lat' dir='ltr'>iustos</span> <span class='ocrx_word' id='word_1_40' title='bbox 797 303 932 336; x_wconf 85' lang='lat' dir='ltr'>propter</span> <span class='ocrx_word' id='word_1_41' title='bbox 951 297 1155 326; x_wconf 77' lang='lat' dir='ltr'>ceremonias</span> <span class='ocrx_word' id='word_1_42' title='bbox 1175 302 1206 326; x_wconf 86' lang='lat' dir='ltr'>et</span> <span class='ocrx_word' id='word_1_43' title='bbox 1226 296 1228 331; x_wconf 65' lang='grc' dir='ltr'><strong><em>Γ</em></strong></span> <span class='ocrx_word' id='word_1_44' title='bbox 1247 295 1355 324; x_wconf 86' lang='lat' dir='ltr'>animi.</span> <span class='ocrx_word' id='word_1_45' title='bbox 1402 295 1494 325; x_wconf 71' lang='lat' dir='ltr'>Sicut</span> <span class='ocrx_word' id='word_1_46' title='bbox 1516 295 1558 324; x_wconf 87' lang='lat' dir='ltr'>ait</span> <span class='ocrx_word' id='word_1_47' title='bbox 1584 293 1735 324; x_wconf 84' lang='lat' dir='ltr'>Christus</span> <span class='ocrx_word' id='word_1_48' title='bbox 1760 294 1840 330; x_wconf 81' lang='grc'>111111.</span> <span class='ocrx_word' id='word_1_49' title='bbox 1865 295 1896 326; x_wconf 78' lang='grc'>4.</span> <span class='ocrx_word' id='word_1_50' title='bbox 1918 294 2000 334; x_wconf 77' lang='lat'>23.]:</span> <span class='ocrx_word' id='word_1_51' title='bbox 2041 294 2120 326; x_wconf 83' lang='lat' dir='ltr'>Veri</span> <span class='ocrx_word' id='word_1_52' title='bbox 2144 298 2221 328; x_wconf 79' lang='lat' dir='ltr'>ado-</span> 
     </span>
     <span class='ocr_line' id='line_1_5' title="bbox 232 335 2222 381; baseline -0.003 -7"><span class='ocrx_word' id='word_1_53' title='bbox 232 350 360 374; x_wconf 80' lang='lat' dir='ltr'>rnetera</span> <span class='ocrx_word' id='word_1_54' title='bbox 384 341 467 381; x_wconf 79' lang='lat' dir='ltr'>legis</span> <span class='ocrx_word' id='word_1_55' title='bbox 491 350 600 380; x_wconf 86' lang='lat' dir='ltr'>opera.</span> <span class='ocrx_word' id='word_1_56' title='bbox 646 339 755 378; x_wconf 81' lang='lat' dir='ltr'>Atque</span> <span class='ocrx_word' id='word_1_57' title='bbox 784 339 866 368; x_wconf 87' lang='lat' dir='ltr'>haec</span> <span class='ocrx_word' id='word_1_58' title='bbox 891 336 1023 368; x_wconf 82' lang='lat' dir='ltr'>collatio</span> <span class='ocrx_word' id='word_1_59' title='bbox 1047 337 1205 377; x_wconf 87' lang='lat' dir='ltr'>pharisai-</span> <span class='ocrx_word' id='word_1_60' title='bbox 1226 370 1227 381; x_wconf 25' lang='lat'>¹</span> <span class='ocrx_word' id='word_1_61' title='bbox 1249 343 1374 367; x_wconf 85' lang='lat' dir='ltr'>ratores</span> <span class='ocrx_word' id='word_1_62' title='bbox 1399 337 1581 367; x_wconf 81' lang='lat' dir='ltr'>adorabunt</span> <span class='ocrx_word' id='word_1_63' title='bbox 1603 335 1732 366; x_wconf 87' lang='lat' dir='ltr'>Patrem</span> <span class='ocrx_word' id='word_1_64' title='bbox 1755 337 1787 366; x_wconf 89' lang='lat' dir='ltr'>in</span> <span class='ocrx_word' id='word_1_65' title='bbox 1807 337 1920 376; x_wconf 85' lang='lat' dir='ltr'>spiritu</span> <span class='ocrx_word' id='word_1_66' title='bbox 1940 343 1972 368; x_wconf 88' lang='lat' dir='ltr'>et</span> <span class='ocrx_word' id='word_1_67' title='bbox 1990 338 2137 376; x_wconf 84' lang='lat' dir='ltr'>veritate,</span> <span class='ocrx_word' id='word_1_68' title='bbox 2155 338 2222 369; x_wconf 85' lang='lat' dir='ltr'>hoo</span> 
     </span>
     <span class='ocr_line' id='line_1_6' title="bbox 231 378 2220 424; baseline -0.002 -10"><span class='ocrx_word' id='word_1_69' title='bbox 231 395 341 416; x_wconf 78' lang='lat' dir='ltr'>carum</span> <span class='ocrx_word' id='word_1_70' title='bbox 365 383 551 424; x_wconf 83' lang='lat' dir='ltr'>opinionum</span> <span class='ocrx_word' id='word_1_71' title='bbox 576 380 662 412; x_wconf 78' lang='lat' dir='ltr'>utilis</span> <span class='ocrx_word' id='word_1_72' title='bbox 686 387 746 416; x_wconf 72' lang='lat' dir='ltr'>est,</span> <span class='ocrx_word' id='word_1_73' title='bbox 766 388 798 411; x_wconf 93' lang='lat' dir='ltr'>ut</span> <span class='ocrx_word' id='word_1_74' title='bbox 820 381 1067 410; x_wconf 72' lang='lat' dir='ltr'>consideremus</span> <span class='ocrx_word' id='word_1_75' title='bbox 1086 378 1204 415; x_wconf 76' lang='lat' dir='ltr'>sonteS‚</span> <span class='ocrx_word' id='word_1_76' title='bbox 1226 387 1228 411; x_wconf 65' lang='grc'>1</span> <span class='ocrx_word' id='word_1_77' title='bbox 1248 384 1309 413; x_wconf 73' lang='lat' dir='ltr'>est,</span> <span class='ocrx_word' id='word_1_78' title='bbox 1332 388 1396 408; x_wconf 91' lang='lat' dir='ltr'>non</span> <span class='ocrx_word' id='word_1_79' title='bbox 1421 379 1564 408; x_wconf 84' lang='lat' dir='ltr'>externis</span> <span class='ocrx_word' id='word_1_80' title='bbox 1588 378 1887 416; x_wconf 81' lang='lat' dir='ltr'>observationibus,</span> <span class='ocrx_word' id='word_1_81' title='bbox 1910 379 1970 409; x_wconf 86' lang='lat' dir='ltr'>sed</span> <span class='ocrx_word' id='word_1_82' title='bbox 1992 380 2079 410; x_wconf 88' lang='lat' dir='ltr'>veris</span> <span class='ocrx_word' id='word_1_83' title='bbox 2103 386 2134 410; x_wconf 89' lang='lat' dir='ltr'>et</span> <span class='ocrx_word' id='word_1_84' title='bbox 2155 381 2220 421; x_wconf 85' lang='lat' dir='ltr'>spi-</span> 
     </span>
     <span class='ocr_line' id='line_1_7' title="bbox 231 416 2222 462; baseline -0.002 -5"><span class='ocrx_word' id='word_1_85' title='bbox 231 427 316 457; x_wconf 91' lang='lat' dir='ltr'>unde</span> <span class='ocrx_word' id='word_1_86' title='bbox 344 426 375 455; x_wconf 89' lang='lat' dir='ltr'>in</span> <span class='ocrx_word' id='word_1_87' title='bbox 401 423 551 455; x_wconf 73' lang='lat' dir='ltr'>Ecclesia</span> <span class='ocrx_word' id='word_1_88' title='bbox 581 429 671 453; x_wconf 85' lang='lat' dir='ltr'>ortae</span> <span class='ocrx_word' id='word_1_89' title='bbox 695 423 755 452; x_wconf 83' lang='lat' dir='ltr'>sint</span> <span class='ocrx_word' id='word_1_90' title='bbox 781 421 884 453; x_wconf 78' lang='lat' dir='ltr'>falsae</span> <span class='ocrx_word' id='word_1_91' title='bbox 909 422 1141 461; x_wconf 84' lang='lat' dir='ltr'>persuasiones</span> <span class='ocrx_word' id='word_1_92' title='bbox 1165 423 1205 453; x_wconf 92' lang='lat' dir='ltr'>de</span> <span class='ocrx_word' id='word_1_93' title='bbox 1226 416 1227 424; x_wconf 48' lang='lat'>¹</span> <span class='ocrx_word' id='word_1_94' title='bbox 1249 419 1417 451; x_wconf 69' lang='lat' dir='ltr'>ritualibus</span> <span class='ocrx_word' id='word_1_95' title='bbox 1441 421 1580 450; x_wconf 78' lang='lat' dir='ltr'>motibus</span> <span class='ocrx_word' id='word_1_96' title='bbox 1604 421 1724 457; x_wconf 66' lang='grc'>8011115,</span> <span class='ocrx_word' id='word_1_97' title='bbox 1748 420 1828 457; x_wconf 81' lang='lat' dir='ltr'>fide,</span> <span class='ocrx_word' id='word_1_98' title='bbox 1851 430 1929 462; x_wconf 71' lang='lat' dir='ltr'>spe,</span> <span class='ocrx_word' id='word_1_99' title='bbox 1953 420 2143 460; x_wconf 83' lang='lat' dir='ltr'>dilectione,</span> <span class='ocrx_word' id='word_1_100' title='bbox 2165 429 2222 462; x_wconf 81' lang='lat' dir='ltr'>pa-</span> 
     </span>
     <span class='ocr_line' id='line_1_8' title="bbox 232 461 2221 498; baseline -0.001 -1"><span class='ocrx_word' id='word_1_101' title='bbox 232 467 466 498; x_wconf 78' lang='lat' dir='ltr'>ecclesiasticis</span> <span class='ocrx_word' id='word_1_102' title='bbox 501 466 625 496; x_wconf 82' lang='lat' dir='ltr'>ritibus.</span> <span class='ocrx_word' id='word_1_103' title='bbox 672 464 798 494; x_wconf 86' lang='lat' dir='ltr'>Deinde.</span> <span class='ocrx_word' id='word_1_104' title='bbox 833 470 865 495; x_wconf 90' lang='lat' dir='ltr'>ut</span> <span class='ocrx_word' id='word_1_105' title='bbox 900 474 960 494; x_wconf 89' lang='lat' dir='ltr'>nos</span> <span class='ocrx_word' id='word_1_106' title='bbox 996 463 1205 495; x_wconf 70' lang='lat' dir='ltr'>consolemur</span> <span class='ocrx_word' id='word_1_107' title='bbox 1227 490 1228 497; x_wconf 68' lang='grc'>,</span> <span class='ocrx_word' id='word_1_108' title='bbox 1248 463 1359 493; x_wconf 89' lang='lat' dir='ltr'>tientia</span> <span class='ocrx_word' id='word_1_109' title='bbox 1390 468 1452 493; x_wconf 85' lang='lat' dir='ltr'>etc.</span> <span class='ocrx_word' id='word_1_110' title='bbox 1498 463 1553 493; x_wconf 75' lang='lat' dir='ltr'>Sic.</span> <span class='ocrx_word' id='word_1_111' title='bbox 1584 463 1738 492; x_wconf 71' lang='lat' dir='ltr'>discernit</span> <span class='ocrx_word' id='word_1_112' title='bbox 1762 461 1887 493; x_wconf 85' lang='lat' dir='ltr'>Paulus</span> <span class='ocrx_word' id='word_1_113' title='bbox 1912 463 2014 494; x_wconf 79' lang='lat' dir='ltr'>Vetus</span> <span class='ocrx_word' id='word_1_114' title='bbox 2038 470 2070 494; x_wconf 90' lang='lat' dir='ltr'>et</span> <span class='ocrx_word' id='word_1_115' title='bbox 2093 464 2221 495; x_wconf 90' lang='lat' dir='ltr'>Novum</span> 
     </span>
     <span class='ocr_line' id='line_1_9' title="bbox 232 504 2222 549; baseline -0.002 -9"><span class='ocrx_word' id='word_1_116' title='bbox 232 508 380 549; x_wconf 80' lang='lat' dir='ltr'>exemplo</span> <span class='ocrx_word' id='word_1_117' title='bbox 410 507 648 547; x_wconf 75' lang='lat' dir='ltr'>Prophetarum</span> <span class='ocrx_word' id='word_1_118' title='bbox 679 513 709 536; x_wconf 80' lang='lat' dir='ltr'>et</span> <span class='ocrx_word' id='word_1_119' title='bbox 732 505 988 546; x_wconf 78' lang='lat' dir='ltr'>Apostolorum.</span> <span class='ocrx_word' id='word_1_120' title='bbox 1021 506 1074 546; x_wconf 87' lang='lat' dir='ltr'>qui</span> <span class='ocrx_word' id='word_1_121' title='bbox 1102 507 1133 536; x_wconf 91' lang='lat' dir='ltr'>in</span> <span class='ocrx_word' id='word_1_122' title='bbox 1162 507 1204 537; x_wconf 86' lang='lat' dir='ltr'>si·</span> <span class='ocrx_word' id='word_1_123' title='bbox 1247 504 1490 535; x_wconf 75' lang='lat' dir='ltr'>Testamentum</span> <span class='ocrx_word' id='word_1_124' title='bbox 1512 504 1542 534; x_wconf 77' lang='lat'>2.</span> <span class='ocrx_word' id='word_1_125' title='bbox 1567 505 1643 535; x_wconf 80' lang='lat' dir='ltr'>Cor.</span> <span class='ocrx_word' id='word_1_126' title='bbox 1667 504 1697 535; x_wconf 85' lang='lat'>3.</span> <span class='ocrx_word' id='word_1_127' title='bbox 1722 512 1750 535; x_wconf 87' lang='lat' dir='ltr'>et</span> <span class='ocrx_word' id='word_1_128' title='bbox 1775 504 1868 535; x_wconf 80' lang='lat' dir='ltr'>Rom.</span> <span class='ocrx_word' id='word_1_129' title='bbox 1892 504 1922 535; x_wconf 81' lang='lat'>8.</span> <span class='ocrx_word' id='word_1_130' title='bbox 1948 508 2012 543; x_wconf 84' lang='lat' dir='ltr'>[vs.</span> <span class='ocrx_word' id='word_1_131' title='bbox 2029 505 2090 543; x_wconf 57' lang='lat'>154</span> <span class='ocrx_word' id='word_1_132' title='bbox 2114 506 2222 536; x_wconf 81' lang='lat' dir='ltr'>Acce-</span> 
     </span>
     <span class='ocr_line' id='line_1_10' title="bbox 232 545 2222 588; baseline -0.002 -6"><span class='ocrx_word' id='word_1_133' title='bbox 232 550 294 582; x_wconf 91' lang='lat' dir='ltr'>mili</span> <span class='ocrx_word' id='word_1_134' title='bbox 319 561 439 581; x_wconf 83' lang='lat' dir='ltr'>caussa</span> <span class='ocrx_word' id='word_1_135' title='bbox 463 560 634 579; x_wconf 70' lang='lat' dir='ltr'>versamur</span> <span class='ocrx_word' id='word_1_136' title='bbox 657 555 686 578; x_wconf 91' lang='lat' dir='ltr'>et</span> <span class='ocrx_word' id='word_1_137' title='bbox 712 548 942 588; x_wconf 76' lang='lat' dir='ltr'>periclitamur.</span> <span class='ocrx_word' id='word_1_138' title='bbox 1247 547 1340 586; x_wconf 87' lang='lat' dir='ltr'>pistis</span> <span class='ocrx_word' id='word_1_139' title='bbox 1369 548 1518 587; x_wconf 83' lang='lat' dir='ltr'>spiritum</span> <span class='ocrx_word' id='word_1_140' title='bbox 1548 548 1733 586; x_wconf 86' lang='lat' dir='ltr'>adoptionis</span> <span class='ocrx_word' id='word_1_141' title='bbox 1763 545 1918 584; x_wconf 82' lang='lat' dir='ltr'>filiorum,</span> <span class='ocrx_word' id='word_1_142' title='bbox 1953 548 1984 577; x_wconf 89' lang='lat' dir='ltr'>in</span> <span class='ocrx_word' id='word_1_143' title='bbox 2014 558 2078 588; x_wconf 92' lang='lat' dir='ltr'>quo</span> <span class='ocrx_word' id='word_1_144' title='bbox 2103 547 2222 579; x_wconf 84' lang='lat' dir='ltr'>elama-</span> 
     </span>
    </p>

    <p class='ocr_par' dir='ltr' id='par_1_3' title="bbox 228 589 2225 1390">
     <span class='ocr_line' id='line_1_11' title="bbox 316 589 2222 632; baseline -0.002 -9"><span class='ocrx_word' id='word_1_145' title='bbox 316 594 382 623; x_wconf 84' lang='lat' dir='ltr'>Sed</span> <span class='ocrx_word' id='word_1_146' title='bbox 407 592 459 622; x_wconf 85' lang='lat' dir='ltr'>hic</span> <span class='ocrx_word' id='word_1_147' title='bbox 483 598 615 632; x_wconf 85' lang='lat' dir='ltr'>quacrat</span> <span class='ocrx_word' id='word_1_148' title='bbox 640 589 775 631; x_wconf 89' lang='lat' dir='ltr'>aliquis:</span> <span class='ocrx_word' id='word_1_149' title='bbox 801 591 851 620; x_wconf 76' lang='lat' dir='ltr'>An</span> <span class='ocrx_word' id='word_1_150' title='bbox 870 589 1031 620; x_wconf 81' lang='lat' dir='ltr'>sacrificia</span> <span class='ocrx_word' id='word_1_151' title='bbox 1050 601 1110 630; x_wconf 91' lang='lat' dir='ltr'>pro</span> <span class='ocrx_word' id='word_1_152' title='bbox 1129 600 1203 630; x_wconf 82' lang='lat' dir='ltr'>pec-</span> <span class='ocrx_word' id='word_1_153' title='bbox 1226 601 1227 626; x_wconf 68' lang='lat'>1</span> <span class='ocrx_word' id='word_1_154' title='bbox 1248 599 1319 619; x_wconf 85' lang='lat' dir='ltr'>mus</span> <span class='ocrx_word' id='word_1_155' title='bbox 1343 589 1439 619; x_wconf 82' lang='lat' dir='ltr'>Abba</span> <span class='ocrx_word' id='word_1_156' title='bbox 1462 589 1570 619; x_wconf 84' lang='lat' dir='ltr'>Pater.</span> <span class='ocrx_word' id='word_1_157' title='bbox 1605 589 1644 619; x_wconf 88' lang='lat' dir='ltr'>Et</span> <span class='ocrx_word' id='word_1_158' title='bbox 1659 589 1796 620; x_wconf 86' lang='lat' dir='ltr'>Hierem.</span> <span class='ocrx_word' id='word_1_159' title='bbox 1820 589 1871 619; x_wconf 82' lang='lat'>31.</span> <span class='ocrx_word' id='word_1_160' title='bbox 1897 592 1961 628; x_wconf 86' lang='lat' dir='ltr'>[vs.</span> <span class='ocrx_word' id='word_1_161' title='bbox 1985 589 2154 627; x_wconf 73' lang='lat' dir='ltr'>31.1Ecee</span> <span class='ocrx_word' id='word_1_162' title='bbox 2174 589 2222 620; x_wconf 84' lang='lat' dir='ltr'>fe-</span> 
     </span>
     <span class='ocr_line' id='line_1_12' title="bbox 232 630 2222 672; baseline -0.002 -7"><span class='ocrx_word' id='word_1_163' title='bbox 232 637 312 665; x_wconf 73' lang='lat' dir='ltr'>ratis</span> <span class='ocrx_word' id='word_1_164' title='bbox 354 645 417 664; x_wconf 89' lang='lat' dir='ltr'>uon</span> <span class='ocrx_word' id='word_1_165' title='bbox 459 634 667 664; x_wconf 80' lang='lat' dir='ltr'>merebantur</span> <span class='ocrx_word' id='word_1_166' title='bbox 708 633 934 663; x_wconf 67' lang='lat' dir='ltr'>remissionem</span> <span class='ocrx_word' id='word_1_167' title='bbox 970 633 1202 672; x_wconf 57' lang='lat' dir='ltr'>peccatorum?</span> <span class='ocrx_word' id='word_1_168' title='bbox 1248 632 1328 661; x_wconf 88' lang='lat' dir='ltr'>riam</span> <span class='ocrx_word' id='word_1_169' title='bbox 1362 642 1483 661; x_wconf 86' lang='lat' dir='ltr'>novum</span> <span class='ocrx_word' id='word_1_170' title='bbox 1514 631 1630 661; x_wconf 81' lang='lat' dir='ltr'>foedus</span> <span class='ocrx_word' id='word_1_171' title='bbox 1661 638 1722 662; x_wconf 88' lang='lat' dir='ltr'>etc.</span> <span class='ocrx_word' id='word_1_172' title='bbox 1768 631 1850 661; x_wconf 86' lang='lat' dir='ltr'>Post</span> <span class='ocrx_word' id='word_1_173' title='bbox 1873 631 1944 661; x_wconf 85' lang='lat' dir='ltr'>dies</span> <span class='ocrx_word' id='word_1_174' title='bbox 1967 630 2043 662; x_wconf 87' lang='lat' dir='ltr'>illos</span> <span class='ocrx_word' id='word_1_175' title='bbox 2068 632 2153 662; x_wconf 84' lang='lat' dir='ltr'>dabo</span> <span class='ocrx_word' id='word_1_176' title='bbox 2176 630 2222 662; x_wconf 89' lang='lat' dir='ltr'>le-</span> 
     </span>
     <span class='ocr_line' id='line_1_13' title="bbox 234 673 2222 717; baseline -0.002 -10"><span class='ocrx_word' id='word_1_177' title='bbox 234 678 446 717; x_wconf 80' lang='lat' dir='ltr'>Respondeo:</span> <span class='ocrx_word' id='word_1_178' title='bbox 492 676 543 706; x_wconf 72' lang='lat' dir='ltr'>Ad</span> <span class='ocrx_word' id='word_1_179' title='bbox 568 675 739 706; x_wconf 83' lang='lat' dir='ltr'>Hebraeos</span> <span class='ocrx_word' id='word_1_180' title='bbox 766 674 813 711; x_wconf 79' lang='grc'>19,</span> <span class='ocrx_word' id='word_1_181' title='bbox 841 675 901 712; x_wconf 61' lang='lat'>121</span> <span class='ocrx_word' id='word_1_182' title='bbox 934 673 1022 704; x_wconf 88' lang='lat' dir='ltr'>clare</span> <span class='ocrx_word' id='word_1_183' title='bbox 1046 675 1202 714; x_wconf 84' lang='lat' dir='ltr'>scriptum</span> <span class='ocrx_word' id='word_1_184' title='bbox 1247 682 1319 713; x_wconf 83' lang='lat' dir='ltr'>gem</span> <span class='ocrx_word' id='word_1_185' title='bbox 1344 683 1448 703; x_wconf 86' lang='lat' dir='ltr'>meam</span> <span class='ocrx_word' id='word_1_186' title='bbox 1472 675 1503 703; x_wconf 94' lang='lat' dir='ltr'>in</span> <span class='ocrx_word' id='word_1_187' title='bbox 1527 674 1708 704; x_wconf 71' lang='lat' dir='ltr'>visceribus</span> <span class='ocrx_word' id='word_1_188' title='bbox 1733 684 1856 709; x_wconf 86' lang='lat' dir='ltr'>eorum,</span> <span class='ocrx_word' id='word_1_189' title='bbox 1879 679 1911 704; x_wconf 87' lang='lat' dir='ltr'>et</span> <span class='ocrx_word' id='word_1_190' title='bbox 1933 674 1964 703; x_wconf 91' lang='lat' dir='ltr'>in</span> <span class='ocrx_word' id='word_1_191' title='bbox 1991 674 2090 704; x_wconf 84' lang='lat' dir='ltr'>corde</span> <span class='ocrx_word' id='word_1_192' title='bbox 2108 683 2222 705; x_wconf 81' lang='lat' dir='ltr'>eorum</span> 
     </span>
     <span class='ocr_line' id='line_1_14' title="bbox 232 715 2223 758; baseline -0.002 -10"><span class='ocrx_word' id='word_1_193' title='bbox 232 727 298 751; x_wconf 78' lang='lat' dir='ltr'>est.</span> <span class='ocrx_word' id='word_1_194' title='bbox 328 729 392 748; x_wconf 88' lang='lat' dir='ltr'>non</span> <span class='ocrx_word' id='word_1_195' title='bbox 423 719 568 758; x_wconf 85' lang='lat' dir='ltr'>potuisse</span> <span class='ocrx_word' id='word_1_196' title='bbox 597 715 723 747; x_wconf 85' lang='lat' dir='ltr'>aboleri</span> <span class='ocrx_word' id='word_1_197' title='bbox 753 723 890 757; x_wconf 62' lang='lat' dir='ltr'>peecata</span> <span class='ocrx_word' id='word_1_198' title='bbox 913 717 1073 757; x_wconf 83' lang='lat' dir='ltr'>sanguine</span> <span class='ocrx_word' id='word_1_199' title='bbox 1095 722 1203 746; x_wconf 85' lang='lat' dir='ltr'>tauro-</span> <span class='ocrx_word' id='word_1_200' title='bbox 1248 716 1389 745; x_wconf 77' lang='lat' dir='ltr'>sci-ibam</span> <span class='ocrx_word' id='word_1_201' title='bbox 1413 724 1485 745; x_wconf 91' lang='lat' dir='ltr'>eam</span> <span class='ocrx_word' id='word_1_202' title='bbox 1508 721 1569 745; x_wconf 79' lang='lat' dir='ltr'>etc.</span> <span class='ocrx_word' id='word_1_203' title='bbox 2211 715 2223 730; x_wconf 59' lang='lat'>¹¹</span> 
     </span>
     <span class='ocr_line' id='line_1_15' title="bbox 233 756 2222 800; baseline -0.001 -9"><span class='ocrx_word' id='word_1_204' title='bbox 233 772 301 792; x_wconf 84' lang='lat' dir='ltr'>rttm</span> <span class='ocrx_word' id='word_1_205' title='bbox 326 769 354 790; x_wconf 85' lang='lat' dir='ltr'>et</span> <span class='ocrx_word' id='word_1_206' title='bbox 381 759 552 790; x_wconf 75' lang='lat' dir='ltr'>vitulorum</span> <span class='ocrx_word' id='word_1_207' title='bbox 578 766 639 789; x_wconf 82' lang='lat' dir='ltr'>etc.</span> <span class='ocrx_word' id='word_1_208' title='bbox 687 759 813 789; x_wconf 83' lang='lat' dir='ltr'>Deinde</span> <span class='ocrx_word' id='word_1_209' title='bbox 837 764 983 794; x_wconf 81' lang='lat' dir='ltr'>constat,</span> <span class='ocrx_word' id='word_1_210' title='bbox 1013 759 1112 788; x_wconf 84' lang='lat' dir='ltr'>eorda</span> <span class='ocrx_word' id='word_1_211' title='bbox 1138 768 1202 788; x_wconf 89' lang='lat' dir='ltr'>non</span> <span class='ocrx_word' id='word_1_212' title='bbox 1335 756 1393 786; x_wconf 85' lang='lat' dir='ltr'>Hic</span> <span class='ocrx_word' id='word_1_213' title='bbox 1413 767 1485 787; x_wconf 87' lang='lat' dir='ltr'>cum</span> <span class='ocrx_word' id='word_1_214' title='bbox 1510 758 1702 788; x_wconf 75' lang='lat' dir='ltr'>remissione</span> <span class='ocrx_word' id='word_1_215' title='bbox 1723 766 1934 798; x_wconf 88' lang='lat' dir='ltr'>peecatorum</span> <span class='ocrx_word' id='word_1_216' title='bbox 1957 758 2128 799; x_wconf 85' lang='lat' dir='ltr'>pollicetur</span> <span class='ocrx_word' id='word_1_217' title='bbox 2151 760 2222 800; x_wconf 81' lang='lat' dir='ltr'>Spi-</span> 
     </span>
     <span class='ocr_line' id='line_1_16' title="bbox 233 799 2223 839; baseline -0.001 -6"><span class='ocrx_word' id='word_1_218' title='bbox 233 803 407 833; x_wconf 73' lang='lat' dir='ltr'>viw&#39;ticari.</span> <span class='ocrx_word' id='word_1_219' title='bbox 437 812 500 831; x_wconf 87' lang='grc'>11011</span> <span class='ocrx_word' id='word_1_220' title='bbox 531 802 614 831; x_wconf 70' lang='lat' dir='ltr'>vinci</span> <span class='ocrx_word' id='word_1_221' title='bbox 644 807 777 831; x_wconf 72' lang='grc'>1110118111</span> <span class='ocrx_word' id='word_1_222' title='bbox 809 799 884 831; x_wconf 86' lang='lat' dir='ltr'>ullis</span> <span class='ocrx_word' id='word_1_223' title='bbox 909 800 1052 830; x_wconf 77' lang='lat' dir='ltr'>externis</span> <span class='ocrx_word' id='word_1_224' title='bbox 1079 801 1202 830; x_wconf 89' lang='lat' dir='ltr'>ritibus.</span> <span class='ocrx_word' id='word_1_225' title='bbox 1250 800 1343 829; x_wconf 91' lang='lat' dir='ltr'>ritum</span> <span class='ocrx_word' id='word_1_226' title='bbox 1371 805 1539 836; x_wconf 80' lang='lat' dir='ltr'>sanctum,</span> <span class='ocrx_word' id='word_1_227' title='bbox 1570 800 1622 839; x_wconf 87' lang='lat' dir='ltr'>qui</span> <span class='ocrx_word' id='word_1_228' title='bbox 1653 809 1771 830; x_wconf 90' lang='lat' dir='ltr'>novam</span> <span class='ocrx_word' id='word_1_229' title='bbox 1801 807 1832 831; x_wconf 90' lang='lat' dir='ltr'>et</span> <span class='ocrx_word' id='word_1_230' title='bbox 1856 811 1966 831; x_wconf 75' lang='lat' dir='ltr'>veram</span> <span class='ocrx_word' id='word_1_231' title='bbox 1990 801 2052 831; x_wconf 91' lang='lat' dir='ltr'>Dei</span> <span class='ocrx_word' id='word_1_232' title='bbox 2076 802 2223 832; x_wconf 62' lang='lat' dir='ltr'>notitiam*</span> 
     </span>
     <span class='ocr_line' id='line_1_17' title="bbox 233 841 2224 874; baseline -0.001 0"><span class='ocrx_word' id='word_1_233' title='bbox 233 845 308 874; x_wconf 80' lang='lat' dir='ltr'>ideo</span> <span class='ocrx_word' id='word_1_234' title='bbox 345 843 507 874; x_wconf 75' lang='lat' dir='ltr'>sacrificia</span> <span class='ocrx_word' id='word_1_235' title='bbox 544 842 599 873; x_wconf 82' lang='lat' dir='ltr'>illa</span> <span class='ocrx_word' id='word_1_236' title='bbox 637 852 701 872; x_wconf 89' lang='grc'>1100</span> <span class='ocrx_word' id='word_1_237' title='bbox 737 844 944 872; x_wconf 81' lang='lat' dir='ltr'>merebantur</span> <span class='ocrx_word' id='word_1_238' title='bbox 978 842 1203 872; x_wconf 67' lang='lat' dir='ltr'>remissionem</span> <span class='ocrx_word' id='word_1_239' title='bbox 1249 847 1281 871; x_wconf 92' lang='lat' dir='ltr'>et</span> <span class='ocrx_word' id='word_1_240' title='bbox 1314 850 1434 871; x_wconf 87' lang='lat' dir='ltr'>novam</span> <span class='ocrx_word' id='word_1_241' title='bbox 1465 841 1680 871; x_wconf 78' lang='lat' dir='ltr'>obedientiam</span> <span class='ocrx_word' id='word_1_242' title='bbox 1715 842 1747 871; x_wconf 90' lang='lat' dir='ltr'>in</span> <span class='ocrx_word' id='word_1_243' title='bbox 1778 843 1933 873; x_wconf 75' lang='lat' dir='ltr'>cordibus</span> <span class='ocrx_word' id='word_1_244' title='bbox 1962 843 2138 874; x_wconf 85' lang='lat' dir='ltr'>effecturus</span> <span class='ocrx_word' id='word_1_245' title='bbox 2167 844 2224 873; x_wconf 85' lang='lat' dir='ltr'>sit.-</span> 
     </span>
     <span class='ocr_line' id='line_1_18' title="bbox 233 882 2223 926; baseline 0.001 -12"><span class='ocrx_word' id='word_1_246' title='bbox 233 893 440 926; x_wconf 79' lang='lat' dir='ltr'>peccatorum</span> <span class='ocrx_word' id='word_1_247' title='bbox 470 896 579 915; x_wconf 66' lang='lat' dir='ltr'>cortun</span> <span class='ocrx_word' id='word_1_248' title='bbox 603 884 693 920; x_wconf 74' lang='lat' dir='ltr'>Deo,</span> <span class='ocrx_word' id='word_1_249' title='bbox 724 885 783 914; x_wconf 86' lang='lat' dir='ltr'>sed</span> <span class='ocrx_word' id='word_1_250' title='bbox 806 885 1017 914; x_wconf 78' lang='lat' dir='ltr'>merebantur</span> <span class='ocrx_word' id='word_1_251' title='bbox 1041 884 1204 914; x_wconf 84' lang='lat' dir='ltr'>remissio·</span> <span class='ocrx_word' id='word_1_252' title='bbox 1249 883 1324 913; x_wconf 91' lang='lat' dir='ltr'>ldeo</span> <span class='ocrx_word' id='word_1_253' title='bbox 1356 882 1448 913; x_wconf 88' lang='lat' dir='ltr'>Rom.</span> <span class='ocrx_word' id='word_1_254' title='bbox 1480 883 1529 913; x_wconf 70' lang='lat'>14.</span> <span class='ocrx_word' id='word_1_255' title='bbox 1561 887 1622 920; x_wconf 85' lang='lat' dir='ltr'>lvs.</span> <span class='ocrx_word' id='word_1_256' title='bbox 1650 884 1711 921; x_wconf 53' lang='lat'>174</span> <span class='ocrx_word' id='word_1_257' title='bbox 1739 884 1854 923; x_wconf 90' lang='lat' dir='ltr'>inquit:</span> <span class='ocrx_word' id='word_1_258' title='bbox 1899 884 2048 925; x_wconf 81' lang='lat' dir='ltr'>Regnum</span> <span class='ocrx_word' id='word_1_259' title='bbox 2070 885 2133 915; x_wconf 88' lang='lat' dir='ltr'>Dei</span> <span class='ocrx_word' id='word_1_260' title='bbox 2156 894 2223 917; x_wconf 75' lang='lat' dir='ltr'>non</span> 
     </span>
     <span class='ocr_line' id='line_1_19' title="bbox 233 925 2224 967; baseline 0 -10"><span class='ocrx_word' id='word_1_261' title='bbox 233 938 303 958; x_wconf 87' lang='lat' dir='ltr'>nent</span> <span class='ocrx_word' id='word_1_262' title='bbox 325 927 472 958; x_wconf 76' lang='lat' dir='ltr'>civiliter.</span> <span class='ocrx_word' id='word_1_263' title='bbox 495 926 558 957; x_wconf 82' lang='lat' dir='ltr'>hoc</span> <span class='ocrx_word' id='word_1_264' title='bbox 583 933 642 963; x_wconf 71' lang='lat' dir='ltr'>est,</span> <span class='ocrx_word' id='word_1_265' title='bbox 666 937 776 956; x_wconf 88' lang='lat' dir='ltr'>coram</span> <span class='ocrx_word' id='word_1_266' title='bbox 799 925 853 956; x_wconf 84' lang='lat' dir='ltr'>illa</span> <span class='ocrx_word' id='word_1_267' title='bbox 869 925 1036 963; x_wconf 77' lang='lat' dir='ltr'>Ecclesia,</span> <span class='ocrx_word' id='word_1_268' title='bbox 1061 932 1093 955; x_wconf 91' lang='lat' dir='ltr'>ut</span> <span class='ocrx_word' id='word_1_269' title='bbox 1118 927 1203 956; x_wconf 78' lang='lat' dir='ltr'>vide·</span> <span class='ocrx_word' id='word_1_270' title='bbox 1249 931 1300 955; x_wconf 83' lang='lat' dir='ltr'>est.</span> <span class='ocrx_word' id='word_1_271' title='bbox 1322 934 1400 955; x_wconf 79' lang='lat' dir='ltr'>esca</span> <span class='ocrx_word' id='word_1_272' title='bbox 1424 930 1456 955; x_wconf 82' lang='lat' dir='ltr'>et</span> <span class='ocrx_word' id='word_1_273' title='bbox 1478 932 1588 964; x_wconf 72' lang='lat' dir='ltr'>potus,</span> <span class='ocrx_word' id='word_1_274' title='bbox 1612 925 1669 955; x_wconf 87' lang='lat' dir='ltr'>sed</span> <span class='ocrx_word' id='word_1_275' title='bbox 1689 926 1828 962; x_wconf 88' lang='lat' dir='ltr'>iustitia,</span> <span class='ocrx_word' id='word_1_276' title='bbox 1855 936 1920 967; x_wconf 85' lang='lat' dir='ltr'>pax</span> <span class='ocrx_word' id='word_1_277' title='bbox 1950 932 1981 956; x_wconf 87' lang='lat' dir='ltr'>et</span> <span class='ocrx_word' id='word_1_278' title='bbox 2003 927 2071 956; x_wconf 85' lang='lat' dir='ltr'>vita</span> <span class='ocrx_word' id='word_1_279' title='bbox 2093 928 2126 957; x_wconf 89' lang='lat' dir='ltr'>in</span> <span class='ocrx_word' id='word_1_280' title='bbox 2149 926 2224 966; x_wconf 71' lang='lat' dir='ltr'>Spi-</span> 
     </span>
     <span class='ocr_line' id='line_1_20' title="bbox 231 966 2221 1009; baseline -0.001 -10"><span class='ocrx_word' id='word_1_281' title='bbox 231 969 304 999; x_wconf 85' lang='lat' dir='ltr'>lieet</span> <span class='ocrx_word' id='word_1_282' title='bbox 334 976 444 1000; x_wconf 85' lang='lat' dir='ltr'>essent</span> <span class='ocrx_word' id='word_1_283' title='bbox 477 979 553 1008; x_wconf 88' lang='lat' dir='ltr'>pars</span> <span class='ocrx_word' id='word_1_284' title='bbox 583 968 711 1009; x_wconf 85' lang='lat' dir='ltr'>populi,</span> <span class='ocrx_word' id='word_1_285' title='bbox 749 979 807 999; x_wconf 86' lang='lat' dir='ltr'>seu</span> <span class='ocrx_word' id='word_1_286' title='bbox 839 978 878 998; x_wconf 90' lang='lat' dir='ltr'>ne</span> <span class='ocrx_word' id='word_1_287' title='bbox 907 979 925 998; x_wconf 82' lang='lat' dir='ltr'>a</span> <span class='ocrx_word' id='word_1_288' title='bbox 948 967 1059 1008; x_wconf 87' lang='lat' dir='ltr'>politia</span> <span class='ocrx_word' id='word_1_289' title='bbox 1096 968 1204 1009; x_wconf 68' lang='lat' dir='ltr'>Moysi</span> <span class='ocrx_word' id='word_1_290' title='bbox 1225 972 1227 986; x_wconf 60' lang='lat'>³</span> <span class='ocrx_word' id='word_1_291' title='bbox 1248 968 1308 997; x_wconf 89' lang='lat' dir='ltr'>ritu</span> <span class='ocrx_word' id='word_1_292' title='bbox 1332 973 1458 997; x_wconf 80' lang='lat' dir='ltr'>sancto.</span> <span class='ocrx_word' id='word_1_293' title='bbox 1484 967 1523 997; x_wconf 86' lang='lat' dir='ltr'>Et</span> <span class='ocrx_word' id='word_1_294' title='bbox 1539 966 1766 1007; x_wconf 82' lang='lat' dir='ltr'>Philippenses</span> <span class='ocrx_word' id='word_1_295' title='bbox 1790 967 1875 1005; x_wconf 50' lang='lat'>3:⁴²3)</span> <span class='ocrx_word' id='word_1_296' title='bbox 1900 969 1963 1005; x_wconf 90' lang='lat' dir='ltr'>[vs.</span> <span class='ocrx_word' id='word_1_297' title='bbox 1976 968 2042 1006; x_wconf 57' lang='lat'>204</span> <span class='ocrx_word' id='word_1_298' title='bbox 2061 967 2221 999; x_wconf 81' lang='lat' dir='ltr'>Nostrum</span> 
     </span>
     <span class='ocr_line' id='line_1_21' title="bbox 232 1009 2221 1054; baseline -0.001 -13"><span class='ocrx_word' id='word_1_299' title='bbox 232 1010 491 1042; x_wconf 74' lang='lat' dir='ltr'>excluderentur.</span> <span class='ocrx_word' id='word_1_300' title='bbox 523 1010 695 1041; x_wconf 75' lang='lat' dir='ltr'>Caeterum</span> <span class='ocrx_word' id='word_1_301' title='bbox 718 1012 779 1051; x_wconf 89' lang='lat' dir='ltr'>piis</span> <span class='ocrx_word' id='word_1_302' title='bbox 804 1016 834 1041; x_wconf 93' lang='lat' dir='ltr'>et</span> <span class='ocrx_word' id='word_1_303' title='bbox 858 1011 1066 1041; x_wconf 81' lang='lat' dir='ltr'>credentibus</span> <span class='ocrx_word' id='word_1_304' title='bbox 1089 1019 1203 1040; x_wconf 86' lang='lat' dir='ltr'>omnes</span> <span class='ocrx_word' id='word_1_305' title='bbox 1225 1012 1227 1017; x_wconf 64' lang='lat'>‘</span> <span class='ocrx_word' id='word_1_306' title='bbox 1247 1011 1408 1046; x_wconf 76' lang='grc' dir='ltr'><strong><em>πολίτευμα</em></strong></span> <span class='ocrx_word' id='word_1_307' title='bbox 1437 1010 1470 1039; x_wconf 87' lang='lat' dir='ltr'>in</span> <span class='ocrx_word' id='word_1_308' title='bbox 1501 1009 1604 1039; x_wconf 86' lang='lat' dir='ltr'>coelis</span> <span class='ocrx_word' id='word_1_309' title='bbox 1634 1016 1694 1040; x_wconf 87' lang='lat' dir='ltr'>est.</span> <span class='ocrx_word' id='word_1_310' title='bbox 1747 1009 1847 1044; x_wconf 86' lang='lat' dir='ltr'>Quasi</span> <span class='ocrx_word' id='word_1_311' title='bbox 1877 1010 1983 1050; x_wconf 49' lang='lat' dir='ltr'>dicate,</span> <span class='ocrx_word' id='word_1_312' title='bbox 2007 1009 2221 1054; x_wconf 83' lang='lat' dir='ltr'>Evangelium</span> 
     </span>
     <span class='ocr_line' id='line_1_22' title="bbox 230 1050 2220 1093; baseline 0.001 -10"><span class='ocrx_word' id='word_1_313' title='bbox 230 1052 275 1083; x_wconf 86' lang='lat' dir='ltr'>illi</span> <span class='ocrx_word' id='word_1_314' title='bbox 306 1053 412 1084; x_wconf 82' lang='lat' dir='ltr'>cultus</span> <span class='ocrx_word' id='word_1_315' title='bbox 444 1055 473 1083; x_wconf 91' lang='lat' dir='ltr'>in</span> <span class='ocrx_word' id='word_1_316' title='bbox 503 1052 592 1093; x_wconf 78' lang='lat' dir='ltr'>lege.</span> <span class='ocrx_word' id='word_1_317' title='bbox 621 1059 726 1083; x_wconf 81' lang='lat' dir='ltr'>tamen</span> <span class='ocrx_word' id='word_1_318' title='bbox 756 1059 848 1083; x_wconf 86' lang='lat' dir='ltr'>erant</span> <span class='ocrx_word' id='word_1_319' title='bbox 876 1053 1031 1089; x_wconf 85' lang='lat' dir='ltr'>iustitiae,</span> <span class='ocrx_word' id='word_1_320' title='bbox 1054 1051 1119 1082; x_wconf 86' lang='lat' dir='ltr'>hoc</span> <span class='ocrx_word' id='word_1_321' title='bbox 1142 1058 1204 1089; x_wconf 88' lang='lat' dir='ltr'>est,</span> <span class='ocrx_word' id='word_1_322' title='bbox 1225 1060 1227 1084; x_wconf 66' lang='grc' dir='ltr'><em>ζ</em></span> <span class='ocrx_word' id='word_1_323' title='bbox 1248 1060 1312 1081; x_wconf 87' lang='grc'>0011</span> <span class='ocrx_word' id='word_1_324' title='bbox 1337 1051 1502 1081; x_wconf 84' lang='lat' dir='ltr'>constituit</span> <span class='ocrx_word' id='word_1_325' title='bbox 1520 1050 1715 1082; x_wconf 77' lang='lat' dir='ltr'>munda&#39;nam</span> <span class='ocrx_word' id='word_1_326' title='bbox 1734 1051 1890 1092; x_wconf 77' lang='lat' dir='ltr'>politiam,</span> <span class='ocrx_word' id='word_1_327' title='bbox 1913 1052 1971 1082; x_wconf 88' lang='lat' dir='ltr'>sed</span> <span class='ocrx_word' id='word_1_328' title='bbox 1991 1058 2041 1083; x_wconf 89' lang='lat' dir='ltr'>est</span> <span class='ocrx_word' id='word_1_329' title='bbox 2060 1052 2220 1093; x_wconf 79' lang='lat' dir='ltr'>quaedam</span> 
     </span>
     <span class='ocr_line' id='line_1_23' title="bbox 232 1090 2222 1136; baseline -0.001 -11"><span class='ocrx_word' id='word_1_330' title='bbox 232 1096 316 1125; x_wconf 88' lang='lat' dir='ltr'>bona</span> <span class='ocrx_word' id='word_1_331' title='bbox 356 1106 464 1136; x_wconf 82' lang='lat' dir='ltr'>opera.</span> <span class='ocrx_word' id='word_1_332' title='bbox 530 1095 668 1126; x_wconf 78' lang='lat' dir='ltr'>Primum</span> <span class='ocrx_word' id='word_1_333' title='bbox 705 1096 788 1125; x_wconf 91' lang='lat' dir='ltr'>enim</span> <span class='ocrx_word' id='word_1_334' title='bbox 823 1100 914 1125; x_wconf 87' lang='lat' dir='ltr'>erant</span> <span class='ocrx_word' id='word_1_335' title='bbox 948 1096 1042 1134; x_wconf 81' lang='lat' dir='ltr'>signa</span> <span class='ocrx_word' id='word_1_336' title='bbox 1076 1095 1203 1125; x_wconf 85' lang='lat' dir='ltr'>venturi</span> <span class='ocrx_word' id='word_1_337' title='bbox 1225 1091 1227 1115; x_wconf 56' lang='lat' dir='ltr'>s</span> <span class='ocrx_word' id='word_1_338' title='bbox 1248 1102 1334 1123; x_wconf 85' lang='lat' dir='ltr'>nova</span> <span class='ocrx_word' id='word_1_339' title='bbox 1358 1092 1512 1123; x_wconf 81' lang='lat' dir='ltr'>coelestis</span> <span class='ocrx_word' id='word_1_340' title='bbox 1537 1095 1613 1124; x_wconf 88' lang='lat' dir='ltr'>vita.</span> <span class='ocrx_word' id='word_1_341' title='bbox 1658 1093 1787 1124; x_wconf 84' lang='lat' dir='ltr'>Interim</span> <span class='ocrx_word' id='word_1_342' title='bbox 1812 1104 1902 1131; x_wconf 87' lang='lat' dir='ltr'>vero,</span> <span class='ocrx_word' id='word_1_343' title='bbox 1926 1094 2001 1124; x_wconf 89' lang='lat' dir='ltr'>dum</span> <span class='ocrx_word' id='word_1_344' title='bbox 2024 1095 2056 1124; x_wconf 89' lang='lat' dir='ltr'>in</span> <span class='ocrx_word' id='word_1_345' title='bbox 2081 1090 2222 1134; x_wconf 66' lang='lat' dir='ltr'>corpore</span> 
     </span>
     <span class='ocr_line' id='line_1_24' title="bbox 231 1132 2220 1178; baseline -0.001 -11"><span class='ocrx_word' id='word_1_346' title='bbox 231 1136 367 1169; x_wconf 75' lang='lat' dir='ltr'>Christi.</span> <span class='ocrx_word' id='word_1_347' title='bbox 390 1138 508 1178; x_wconf 81' lang='lat' dir='ltr'>quibus</span> <span class='ocrx_word' id='word_1_348' title='bbox 532 1137 684 1167; x_wconf 79' lang='lat' dir='ltr'>admoniti</span> <span class='ocrx_word' id='word_1_349' title='bbox 709 1137 804 1167; x_wconf 81' lang='lat' dir='ltr'>fidem</span> <span class='ocrx_word' id='word_1_350' title='bbox 834 1147 928 1166; x_wconf 83' lang='lat' dir='ltr'>suam</span> <span class='ocrx_word' id='word_1_351' title='bbox 951 1137 1150 1167; x_wconf 81' lang='lat' dir='ltr'>exercebant</span> <span class='ocrx_word' id='word_1_352' title='bbox 1173 1142 1202 1167; x_wconf 70' lang='lat' dir='ltr'>ei</span> <span class='ocrx_word' id='word_1_353' title='bbox 1224 1160 1225 1166; x_wconf 69' lang='grc'>,</span> <span class='ocrx_word' id='word_1_354' title='bbox 1248 1135 1402 1171; x_wconf 71' lang='lat' dir='ltr'>vivimus,</span> <span class='ocrx_word' id='word_1_355' title='bbox 1425 1135 1500 1165; x_wconf 86' lang='lat' dir='ltr'>sinit</span> <span class='ocrx_word' id='word_1_356' title='bbox 1530 1145 1591 1165; x_wconf 88' lang='lat' dir='ltr'>nos</span> <span class='ocrx_word' id='word_1_357' title='bbox 1621 1136 1666 1166; x_wconf 88' lang='lat' dir='ltr'>uti</span> <span class='ocrx_word' id='word_1_358' title='bbox 1700 1136 1845 1166; x_wconf 87' lang='lat' dir='ltr'>moribus</span> <span class='ocrx_word' id='word_1_359' title='bbox 1873 1141 1905 1166; x_wconf 83' lang='lat' dir='ltr'>ct</span> <span class='ocrx_word' id='word_1_360' title='bbox 1927 1132 2056 1176; x_wconf 81' lang='lat' dir='ltr'>legibus</span> <span class='ocrx_word' id='word_1_361' title='bbox 2080 1134 2220 1166; x_wconf 82' lang='lat' dir='ltr'>omnium</span> 
     </span>
     <span class='ocr_line' id='line_1_25' title="bbox 230 1174 2225 1218; baseline -0.001 -10"><span class='ocrx_word' id='word_1_362' title='bbox 230 1179 476 1210; x_wconf 79' lang='lat' dir='ltr'>confirmabant.</span> <span class='ocrx_word' id='word_1_363' title='bbox 544 1180 634 1209; x_wconf 75' lang='lat' dir='ltr'>Sit-ut</span> <span class='ocrx_word' id='word_1_364' title='bbox 667 1179 779 1210; x_wconf 86' lang='lat' dir='ltr'>alludit</span> <span class='ocrx_word' id='word_1_365' title='bbox 813 1178 921 1209; x_wconf 79' lang='lat' dir='ltr'>David</span> <span class='ocrx_word' id='word_1_366' title='bbox 951 1179 990 1209; x_wconf 82' lang='lat' dir='ltr'>ad</span> <span class='ocrx_word' id='word_1_367' title='bbox 1027 1177 1202 1215; x_wconf 72' lang='lat' dir='ltr'>Christum,</span> <span class='ocrx_word' id='word_1_368' title='bbox 1225 1174 1226 1191; x_wconf 58' lang='lat'>³</span> <span class='ocrx_word' id='word_1_369' title='bbox 1247 1178 1400 1217; x_wconf 74' lang='lat' dir='ltr'>gentium,</span> <span class='ocrx_word' id='word_1_370' title='bbox 1423 1178 1507 1207; x_wconf 86' lang='lat' dir='ltr'>sieut</span> <span class='ocrx_word' id='word_1_371' title='bbox 1530 1178 1604 1208; x_wconf 89' lang='lat' dir='ltr'>cibo</span> <span class='ocrx_word' id='word_1_372' title='bbox 1628 1183 1659 1207; x_wconf 90' lang='lat' dir='ltr'>et</span> <span class='ocrx_word' id='word_1_373' title='bbox 1682 1183 1773 1218; x_wconf 89' lang='lat' dir='ltr'>potu,</span> <span class='ocrx_word' id='word_1_374' title='bbox 1793 1183 1823 1207; x_wconf 89' lang='lat' dir='ltr'>et</span> <span class='ocrx_word' id='word_1_375' title='bbox 1843 1177 1982 1208; x_wconf 82' lang='lat' dir='ltr'>caeteris</span> <span class='ocrx_word' id='word_1_376' title='bbox 2001 1179 2087 1208; x_wconf 85' lang='lat' dir='ltr'>vitae</span> <span class='ocrx_word' id='word_1_377' title='bbox 2105 1177 2225 1209; x_wconf 59' lang='lat' dir='ltr'>neeesa</span> 
     </span>
     <span class='ocr_line' id='line_1_26' title="bbox 229 1217 2225 1262; baseline -0.001 -10"><span class='ocrx_word' id='word_1_378' title='bbox 229 1232 302 1252; x_wconf 78' lang='lat' dir='ltr'>rum</span> <span class='ocrx_word' id='word_1_379' title='bbox 333 1222 373 1252; x_wconf 83' lang='lat' dir='ltr'>ait</span> <span class='ocrx_word' id='word_1_380' title='bbox 404 1221 470 1258; x_wconf 70' lang='lat' dir='ltr'>ips.</span> <span class='ocrx_word' id='word_1_381' title='bbox 494 1222 547 1258; x_wconf 83' lang='lat'>50,</span> <span class='ocrx_word' id='word_1_382' title='bbox 571 1224 633 1258; x_wconf 57' lang='lat' dir='ltr'>ihi:</span> <span class='ocrx_word' id='word_1_383' title='bbox 660 1221 830 1262; x_wconf 70' lang='lat' dir='ltr'>Asperges</span> <span class='ocrx_word' id='word_1_384' title='bbox 855 1231 922 1257; x_wconf 92' lang='lat' dir='ltr'>me,</span> <span class='ocrx_word' id='word_1_385' title='bbox 950 1220 1102 1257; x_wconf 82' lang='lat' dir='ltr'>Domine,</span> <span class='ocrx_word' id='word_1_386' title='bbox 1125 1220 1202 1261; x_wconf 86' lang='lat' dir='ltr'>hys-</span> <span class='ocrx_word' id='word_1_387' title='bbox 1224 1220 1225 1253; x_wconf 64' lang='lat' dir='ltr'>i</span> <span class='ocrx_word' id='word_1_388' title='bbox 1246 1219 1343 1249; x_wconf 77' lang='lat' dir='ltr'>sat-iis</span> <span class='ocrx_word' id='word_1_389' title='bbox 1367 1220 1407 1249; x_wconf 87' lang='lat' dir='ltr'>ad</span> <span class='ocrx_word' id='word_1_390' title='bbox 1432 1220 1530 1249; x_wconf 81' lang='lat' dir='ltr'>vitam</span> <span class='ocrx_word' id='word_1_391' title='bbox 1555 1219 1772 1260; x_wconf 77' lang='lat' dir='ltr'>corporalem.</span> <span class='ocrx_word' id='word_1_392' title='bbox 1819 1219 1929 1260; x_wconf 86' lang='lat' dir='ltr'>ltaque</span> <span class='ocrx_word' id='word_1_393' title='bbox 1951 1219 2130 1256; x_wconf 81' lang='lat' dir='ltr'>Abraham,</span> <span class='ocrx_word' id='word_1_394' title='bbox 2153 1217 2225 1250; x_wconf 51' lang='lat' dir='ltr'>Bai&lt;</span> 
     </span>
     <span class='ocr_line' id='line_1_27' title="bbox 228 1260 2220 1304; baseline 0.001 -13"><span class='ocrx_word' id='word_1_395' title='bbox 228 1274 322 1304; x_wconf 81' lang='lat' dir='ltr'>sopo,</span> <span class='ocrx_word' id='word_1_396' title='bbox 347 1271 376 1294; x_wconf 92' lang='lat' dir='ltr'>et</span> <span class='ocrx_word' id='word_1_397' title='bbox 400 1264 593 1294; x_wconf 84' lang='lat' dir='ltr'>mundabor.</span> <span class='ocrx_word' id='word_1_398' title='bbox 639 1263 765 1293; x_wconf 86' lang='lat' dir='ltr'>Deinde</span> <span class='ocrx_word' id='word_1_399' title='bbox 789 1270 877 1293; x_wconf 89' lang='lat' dir='ltr'>erant</span> <span class='ocrx_word' id='word_1_400' title='bbox 903 1264 999 1303; x_wconf 83' lang='lat' dir='ltr'>signa</span> <span class='ocrx_word' id='word_1_401' title='bbox 1022 1262 1202 1293; x_wconf 86' lang='lat' dir='ltr'>confessio·</span> <span class='ocrx_word' id='word_1_402' title='bbox 1224 1270 1225 1282; x_wconf 64' lang='lat'>¹</span> <span class='ocrx_word' id='word_1_403' title='bbox 1248 1261 1301 1291; x_wconf 86' lang='lat' dir='ltr'>vid</span> <span class='ocrx_word' id='word_1_404' title='bbox 1331 1267 1361 1290; x_wconf 87' lang='lat' dir='ltr'>et</span> <span class='ocrx_word' id='word_1_405' title='bbox 1393 1260 1531 1298; x_wconf 76' lang='lat' dir='ltr'>similes,</span> <span class='ocrx_word' id='word_1_406' title='bbox 1560 1262 1636 1302; x_wconf 87' lang='lat' dir='ltr'>quia</span> <span class='ocrx_word' id='word_1_407' title='bbox 1664 1262 1729 1292; x_wconf 85' lang='lat' dir='ltr'>fide</span> <span class='ocrx_word' id='word_1_408' title='bbox 1756 1261 1929 1301; x_wconf 81' lang='lat' dir='ltr'>placebant</span> <span class='ocrx_word' id='word_1_409' title='bbox 1950 1261 2041 1299; x_wconf 81' lang='lat' dir='ltr'>Deo,</span> <span class='ocrx_word' id='word_1_410' title='bbox 2068 1267 2099 1292; x_wconf 81' lang='lat' dir='ltr'>et</span> <span class='ocrx_word' id='word_1_411' title='bbox 2121 1261 2220 1292; x_wconf 80' lang='lat' dir='ltr'>habe-</span> 
     </span>
     <span class='ocr_line' id='line_1_28' title="bbox 229 1302 2224 1346; baseline -0.001 -11"><span class='ocrx_word' id='word_1_412' title='bbox 229 1306 289 1343; x_wconf 87' lang='lat' dir='ltr'>nis,</span> <span class='ocrx_word' id='word_1_413' title='bbox 313 1313 403 1336; x_wconf 89' lang='lat' dir='ltr'>erant</span> <span class='ocrx_word' id='word_1_414' title='bbox 428 1312 459 1336; x_wconf 88' lang='lat' dir='ltr'>et</span> <span class='ocrx_word' id='word_1_415' title='bbox 481 1305 643 1336; x_wconf 78' lang='lat' dir='ltr'>sacrificia</span> <span class='ocrx_word' id='word_1_416' title='bbox 666 1305 871 1346; x_wconf 73' lang='grc' dir='ltr'>εὐχαριστικά,</span> <span class='ocrx_word' id='word_1_417' title='bbox 906 1304 970 1335; x_wconf 83' lang='grc'>1108</span> <span class='ocrx_word' id='word_1_418' title='bbox 993 1311 1059 1342; x_wconf 73' lang='lat' dir='ltr'>est,</span> <span class='ocrx_word' id='word_1_419' title='bbox 1089 1315 1202 1345; x_wconf 83' lang='lat' dir='ltr'>opera,</span> <span class='ocrx_word' id='word_1_420' title='bbox 1247 1304 1324 1333; x_wconf 87' lang='lat' dir='ltr'>bant</span> <span class='ocrx_word' id='word_1_421' title='bbox 1348 1303 1504 1343; x_wconf 87' lang='lat' dir='ltr'>Spiritum</span> <span class='ocrx_word' id='word_1_422' title='bbox 1527 1310 1695 1341; x_wconf 82' lang='lat' dir='ltr'>sanetum,</span> <span class='ocrx_word' id='word_1_423' title='bbox 1718 1304 1925 1344; x_wconf 83' lang='lat' dir='ltr'>pertinebant</span> <span class='ocrx_word' id='word_1_424' title='bbox 1946 1303 1987 1334; x_wconf 88' lang='lat' dir='ltr'>ad</span> <span class='ocrx_word' id='word_1_425' title='bbox 2010 1303 2138 1335; x_wconf 88' lang='lat' dir='ltr'>Novum</span> <span class='ocrx_word' id='word_1_426' title='bbox 2161 1302 2224 1333; x_wconf 68' lang='lat' dir='ltr'>T-e‘</span> 
     </span>
     <span class='ocr_line' id='line_1_29' title="bbox 228 1346 2225 1390; baseline -0.002 -12"><span class='ocrx_word' id='word_1_427' title='bbox 228 1349 346 1390; x_wconf 83' lang='lat' dir='ltr'>quibus</span> <span class='ocrx_word' id='word_1_428' title='bbox 370 1347 444 1378; x_wconf 90' lang='lat' dir='ltr'>Deo</span> <span class='ocrx_word' id='word_1_429' title='bbox 467 1349 591 1387; x_wconf 63' lang='lat' dir='ltr'>gratiae</span> <span class='ocrx_word' id='word_1_430' title='bbox 613 1350 804 1389; x_wconf 74' lang='lat' dir='ltr'>agebantur,</span> <span class='ocrx_word' id='word_1_431' title='bbox 828 1348 946 1388; x_wconf 86' lang='lat' dir='ltr'>quibus</span> <span class='ocrx_word' id='word_1_432' title='bbox 966 1348 1203 1387; x_wconf 82' lang='lat' dir='ltr'>profitebantur</span> <span class='ocrx_word' id='word_1_433' title='bbox 1247 1351 1455 1380; x_wconf 65' lang='lat' dir='ltr'>stamentumg</span> <span class='ocrx_word' id='word_1_434' title='bbox 1481 1351 1513 1375; x_wconf 86' lang='lat' dir='ltr'>et</span> <span class='ocrx_word' id='word_1_435' title='bbox 1535 1351 1643 1376; x_wconf 85' lang='lat' dir='ltr'>tamen</span> <span class='ocrx_word' id='word_1_436' title='bbox 1666 1347 1792 1376; x_wconf 88' lang='lat' dir='ltr'>interim</span> <span class='ocrx_word' id='word_1_437' title='bbox 1809 1356 1870 1386; x_wconf 87' lang='lat' dir='ltr'>pro</span> <span class='ocrx_word' id='word_1_438' title='bbox 1894 1352 2041 1386; x_wconf 88' lang='lat' dir='ltr'>tempore</span> <span class='ocrx_word' id='word_1_439' title='bbox 2065 1351 2098 1376; x_wconf 88' lang='lat' dir='ltr'>et</span> <span class='ocrx_word' id='word_1_440' title='bbox 2115 1346 2225 1380; x_wconf 69' lang='lat' dir='ltr'>donee.v</span> 
     </span>
    </p>
   </div>
   <div class='ocr_carea' id='block_1_3' title="bbox 1224 430 1230 1151">
    <p class='ocr_par' dir='ltr' id='par_1_4' title="bbox 1224 430 1230 1151">
     <span class='ocr_line' id='line_1_30' title="bbox 1224 430 1230 1151; baseline 0 0"><span class='ocrx_word' id='word_1_441' title='bbox 1224 430 1230 1151; x_wconf 95' lang='lat' dir='ltr'> </span> 
     </span>
    </p>
   </div>
   <div class='ocr_carea' id='block_1_4' title="bbox 227 1381 2227 1430">
    <p class='ocr_par' dir='ltr' id='par_1_5' title="bbox 227 1381 2227 1430">
     <span class='ocr_line' id='line_1_31' title="bbox 227 1381 2227 1430; baseline -0.002 -9"><span class='ocrx_word' id='word_1_442' title='bbox 227 1401 265 1422; x_wconf 77' lang='lat' dir='ltr'>se</span> <span class='ocrx_word' id='word_1_443' title='bbox 287 1392 443 1421; x_wconf 74' lang='lat' dir='ltr'>invocare</span> <span class='ocrx_word' id='word_1_444' title='bbox 467 1381 688 1427; x_wconf 61' lang='lat' dir='ltr'>illumDenm,</span> <span class='ocrx_word' id='word_1_445' title='bbox 712 1392 765 1430; x_wconf 88' lang='lat' dir='ltr'>qui</span> <span class='ocrx_word' id='word_1_446' title='bbox 790 1391 837 1421; x_wconf 88' lang='lat' dir='ltr'>eis</span> <span class='ocrx_word' id='word_1_447' title='bbox 861 1389 925 1419; x_wconf 89' lang='lat' dir='ltr'>hoc</span> <span class='ocrx_word' id='word_1_448' title='bbox 946 1391 1082 1420; x_wconf 83' lang='lat' dir='ltr'>verbum</span> <span class='ocrx_word' id='word_1_449' title='bbox 1106 1389 1202 1419; x_wconf 89' lang='lat' dir='ltr'>dede·</span> <span class='ocrx_word' id='word_1_450' title='bbox 1246 1388 1277 1417; x_wconf 92' lang='lat' dir='ltr'>in</span> <span class='ocrx_word' id='word_1_451' title='bbox 1302 1397 1442 1427; x_wconf 87' lang='lat' dir='ltr'>corpore</span> <span class='ocrx_word' id='word_1_452' title='bbox 1464 1388 1628 1425; x_wconf 78' lang='lat' dir='ltr'>vivebant.</span> <span class='ocrx_word' id='word_1_453' title='bbox 1652 1389 1827 1419; x_wconf 89' lang='lat' dir='ltr'>utebantur</span> <span class='ocrx_word' id='word_1_454' title='bbox 1855 1388 1924 1417; x_wconf 86' lang='lat' dir='ltr'>suis</span> <span class='ocrx_word' id='word_1_455' title='bbox 1946 1389 2061 1419; x_wconf 86' lang='lat' dir='ltr'>ritibus</span> <span class='ocrx_word' id='word_1_456' title='bbox 2086 1393 2118 1418; x_wconf 87' lang='lat' dir='ltr'>et</span> <span class='ocrx_word' id='word_1_457' title='bbox 2141 1386 2227 1428; x_wconf 71' lang='lat' dir='ltr'>legi-</span> 
     </span>
    </p>
   </div>
   <div class='ocr_carea' id='block_1_5' title="bbox 228 1428 2225 2023">
    <p class='ocr_par' dir='ltr' id='par_1_6' title="bbox 228 1428 2225 2023">
     <span class='ocr_line' id='line_1_32' title="bbox 228 1428 2221 1472; baseline -0.002 -8"><span class='ocrx_word' id='word_1_458' title='bbox 228 1440 287 1470; x_wconf 85' lang='grc'>1-111,</span> <span class='ocrx_word' id='word_1_459' title='bbox 308 1441 335 1463; x_wconf 86' lang='grc'>81</span> <span class='ocrx_word' id='word_1_460' title='bbox 360 1434 513 1463; x_wconf 79' lang='lat' dir='ltr'>servabat</span> <span class='ocrx_word' id='word_1_461' title='bbox 533 1443 590 1462; x_wconf 75' lang='lat' dir='ltr'>eos</span> <span class='ocrx_word' id='word_1_462' title='bbox 614 1439 676 1462; x_wconf 82' lang='lat' dir='ltr'>etc.</span> <span class='ocrx_word' id='word_1_463' title='bbox 722 1432 761 1462; x_wconf 91' lang='lat' dir='ltr'>Et</span> <span class='ocrx_word' id='word_1_464' title='bbox 790 1433 851 1472; x_wconf 79' lang='lat' dir='ltr'>piis</span> <span class='ocrx_word' id='word_1_465' title='bbox 880 1432 1092 1462; x_wconf 75' lang='lat' dir='ltr'>conscientiis</span> <span class='ocrx_word' id='word_1_466' title='bbox 1116 1430 1202 1461; x_wconf 85' lang='lat' dir='ltr'>sola·</span> <span class='ocrx_word' id='word_1_467' title='bbox 1245 1430 1319 1460; x_wconf 89' lang='lat' dir='ltr'>bus.</span> <span class='ocrx_word' id='word_1_468' title='bbox 1365 1429 1412 1460; x_wconf 84' lang='lat' dir='ltr'>lta</span> <span class='ocrx_word' id='word_1_469' title='bbox 1445 1440 1533 1459; x_wconf 87' lang='lat' dir='ltr'>nune</span> <span class='ocrx_word' id='word_1_470' title='bbox 1568 1440 1699 1471; x_wconf 90' lang='lat' dir='ltr'>quoque</span> <span class='ocrx_word' id='word_1_471' title='bbox 1732 1428 1874 1469; x_wconf 84' lang='lat' dir='ltr'>populus</span> <span class='ocrx_word' id='word_1_472' title='bbox 1908 1430 1993 1460; x_wconf 82' lang='lat' dir='ltr'>Novi</span> <span class='ocrx_word' id='word_1_473' title='bbox 2023 1429 2221 1460; x_wconf 79' lang='lat' dir='ltr'>Testamenti</span> 
     </span>
     <span class='ocr_line' id='line_1_33' title="bbox 228 1470 2222 1512; baseline -0.002 -6"><span class='ocrx_word' id='word_1_474' title='bbox 228 1477 272 1506; x_wconf 91' lang='lat' dir='ltr'>tio</span> <span class='ocrx_word' id='word_1_475' title='bbox 301 1482 368 1506; x_wconf 86' lang='lat' dir='ltr'>erat</span> <span class='ocrx_word' id='word_1_476' title='bbox 398 1475 495 1505; x_wconf 79' lang='lat' dir='ltr'>fidem</span> <span class='ocrx_word' id='word_1_477' title='bbox 519 1486 612 1505; x_wconf 81' lang='lat' dir='ltr'>suam</span> <span class='ocrx_word' id='word_1_478' title='bbox 641 1485 798 1505; x_wconf 76' lang='lat' dir='ltr'>exercere</span> <span class='ocrx_word' id='word_1_479' title='bbox 828 1475 859 1504; x_wconf 91' lang='lat' dir='ltr'>in</span> <span class='ocrx_word' id='word_1_480' title='bbox 883 1473 1003 1504; x_wconf 83' lang='lat' dir='ltr'>talibus</span> <span class='ocrx_word' id='word_1_481' title='bbox 1027 1474 1202 1503; x_wconf 86' lang='lat' dir='ltr'>ordinatio-</span> <span class='ocrx_word' id='word_1_482' title='bbox 1246 1477 1333 1508; x_wconf 85' lang='lat' dir='ltr'>sunt,</span> <span class='ocrx_word' id='word_1_483' title='bbox 1356 1481 1421 1502; x_wconf 90' lang='lat' dir='ltr'>non</span> <span class='ocrx_word' id='word_1_484' title='bbox 1445 1472 1543 1511; x_wconf 88' lang='lat' dir='ltr'>impii,</span> <span class='ocrx_word' id='word_1_485' title='bbox 1562 1473 1621 1502; x_wconf 89' lang='lat' dir='ltr'>sed</span> <span class='ocrx_word' id='word_1_486' title='bbox 1645 1473 1699 1512; x_wconf 90' lang='lat' dir='ltr'>qui</span> <span class='ocrx_word' id='word_1_487' title='bbox 1723 1472 1786 1502; x_wconf 86' lang='lat' dir='ltr'>fide</span> <span class='ocrx_word' id='word_1_488' title='bbox 1807 1470 1937 1512; x_wconf 84' lang='lat' dir='ltr'>placent</span> <span class='ocrx_word' id='word_1_489' title='bbox 1960 1471 2033 1502; x_wconf 91' lang='lat' dir='ltr'>Deo</span> <span class='ocrx_word' id='word_1_490' title='bbox 2047 1477 2079 1503; x_wconf 88' lang='lat' dir='ltr'>et</span> <span class='ocrx_word' id='word_1_491' title='bbox 2099 1471 2222 1503; x_wconf 86' lang='lat' dir='ltr'>habent</span> 
     </span>
     <span class='ocr_line' id='line_1_34' title="bbox 228 1513 2220 1560; baseline -0.002 -12"><span class='ocrx_word' id='word_1_492' title='bbox 228 1519 340 1557; x_wconf 78' lang='lat' dir='ltr'>nibus,</span> <span class='ocrx_word' id='word_1_493' title='bbox 369 1529 451 1560; x_wconf 85' lang='lat' dir='ltr'>quas</span> <span class='ocrx_word' id='word_1_494' title='bbox 480 1518 625 1548; x_wconf 86' lang='lat' dir='ltr'>sciebant</span> <span class='ocrx_word' id='word_1_495' title='bbox 648 1517 721 1547; x_wconf 92' lang='lat' dir='ltr'>Deo</span> <span class='ocrx_word' id='word_1_496' title='bbox 744 1516 892 1557; x_wconf 81' lang='lat' dir='ltr'>plaeere,</span> <span class='ocrx_word' id='word_1_497' title='bbox 923 1526 996 1546; x_wconf 82' lang='lat' dir='ltr'>cum</span> <span class='ocrx_word' id='word_1_498' title='bbox 1026 1520 1138 1546; x_wconf 85' lang='lat' dir='ltr'>essent</span> <span class='ocrx_word' id='word_1_499' title='bbox 1161 1516 1202 1545; x_wconf 87' lang='lat' dir='ltr'>ab</span> <span class='ocrx_word' id='word_1_500' title='bbox 1247 1513 1401 1553; x_wconf 83' lang='lat' dir='ltr'>Spiritum</span> <span class='ocrx_word' id='word_1_501' title='bbox 1426 1520 1585 1544; x_wconf 86' lang='lat' dir='ltr'>sanctum.</span> <span class='ocrx_word' id='word_1_502' title='bbox 1631 1513 1672 1544; x_wconf 89' lang='lat' dir='ltr'>Et</span> <span class='ocrx_word' id='word_1_503' title='bbox 1701 1513 1733 1544; x_wconf 88' lang='lat' dir='ltr'>hi</span> <span class='ocrx_word' id='word_1_504' title='bbox 1758 1514 1833 1544; x_wconf 87' lang='lat' dir='ltr'>dum</span> <span class='ocrx_word' id='word_1_505' title='bbox 1855 1515 1969 1545; x_wconf 85' lang='lat' dir='ltr'>vivunt</span> <span class='ocrx_word' id='word_1_506' title='bbox 1997 1516 2029 1544; x_wconf 89' lang='lat' dir='ltr'>in</span> <span class='ocrx_word' id='word_1_507' title='bbox 2055 1513 2120 1545; x_wconf 84' lang='lat' dir='ltr'>hoe</span> <span class='ocrx_word' id='word_1_508' title='bbox 2148 1523 2220 1544; x_wconf 66' lang='lat' dir='ltr'>eord</span> 
     </span>
     <span class='ocr_line' id='line_1_35' title="bbox 228 1555 2222 1604; baseline -0.004 -10"><span class='ocrx_word' id='word_1_509' title='bbox 228 1566 300 1604; x_wconf 87' lang='lat' dir='ltr'>ipso</span> <span class='ocrx_word' id='word_1_510' title='bbox 325 1562 484 1592; x_wconf 88' lang='lat' dir='ltr'>conditae.</span> <span class='ocrx_word' id='word_1_511' title='bbox 542 1560 632 1590; x_wconf 83' lang='lat' dir='ltr'>Sicut</span> <span class='ocrx_word' id='word_1_512' title='bbox 663 1566 693 1589; x_wconf 89' lang='lat' dir='ltr'>et</span> <span class='ocrx_word' id='word_1_513' title='bbox 721 1570 807 1589; x_wconf 91' lang='lat' dir='ltr'>nunc</span> <span class='ocrx_word' id='word_1_514' title='bbox 832 1559 1043 1589; x_wconf 82' lang='lat' dir='ltr'>conscientiis</span> <span class='ocrx_word' id='word_1_515' title='bbox 1067 1558 1202 1598; x_wconf 82' lang='lat' dir='ltr'>prodest</span> <span class='ocrx_word' id='word_1_516' title='bbox 1224 1557 1225 1564; x_wconf 61' lang='lat'>¹</span> <span class='ocrx_word' id='word_1_517' title='bbox 1247 1565 1344 1594; x_wconf 83' lang='lat' dir='ltr'>pore,</span> <span class='ocrx_word' id='word_1_518' title='bbox 1379 1556 1524 1586; x_wconf 89' lang='lat' dir='ltr'>moribus</span> <span class='ocrx_word' id='word_1_519' title='bbox 1555 1562 1586 1586; x_wconf 88' lang='lat' dir='ltr'>et</span> <span class='ocrx_word' id='word_1_520' title='bbox 1613 1555 1740 1597; x_wconf 87' lang='lat' dir='ltr'>legibus</span> <span class='ocrx_word' id='word_1_521' title='bbox 1770 1557 1999 1595; x_wconf 79' lang='lat' dir='ltr'>praesentibus</span> <span class='ocrx_word' id='word_1_522' title='bbox 2020 1556 2066 1587; x_wconf 88' lang='lat' dir='ltr'>uti</span> <span class='ocrx_word' id='word_1_523' title='bbox 2089 1557 2222 1587; x_wconf 80' lang='lat' dir='ltr'>debent.-</span> 
     </span>
     <span class='ocr_line' id='line_1_36' title="bbox 229 1596 2225 1644; baseline -0.004 -9"><span class='ocrx_word' id='word_1_524' title='bbox 229 1607 326 1641; x_wconf 53' lang='grc' dir='ltr'>,ει-118,</span> <span class='ocrx_word' id='word_1_525' title='bbox 349 1614 434 1644; x_wconf 87' lang='lat' dir='ltr'>qnae</span> <span class='ocrx_word' id='word_1_526' title='bbox 457 1613 556 1642; x_wconf 86' lang='lat' dir='ltr'>opera</span> <span class='ocrx_word' id='word_1_527' title='bbox 579 1601 672 1632; x_wconf 90' lang='lat' dir='ltr'>Deus</span> <span class='ocrx_word' id='word_1_528' title='bbox 697 1602 829 1642; x_wconf 87' lang='lat' dir='ltr'>requirit</span> <span class='ocrx_word' id='word_1_529' title='bbox 849 1603 894 1634; x_wconf 72' lang='lat'>⁴⁶)</span> <span class='ocrx_word' id='word_1_530' title='bbox 919 1606 981 1630; x_wconf 83' lang='lat' dir='ltr'>etc.</span> <span class='ocrx_word' id='word_1_531' title='bbox 1028 1600 1110 1629; x_wconf 84' lang='lat' dir='ltr'>Nam</span> <span class='ocrx_word' id='word_1_532' title='bbox 1141 1605 1203 1628; x_wconf 88' lang='lat' dir='ltr'>tra·</span> <span class='ocrx_word' id='word_1_533' title='bbox 1247 1596 1306 1628; x_wconf 85' lang='lat' dir='ltr'>lua</span> <span class='ocrx_word' id='word_1_534' title='bbox 1328 1596 1434 1628; x_wconf 82' lang='lat' dir='ltr'>altera</span> <span class='ocrx_word' id='word_1_535' title='bbox 1457 1607 1570 1628; x_wconf 80' lang='lat' dir='ltr'>eomm</span> <span class='ocrx_word' id='word_1_536' title='bbox 1593 1598 1659 1628; x_wconf 88' lang='lat' dir='ltr'>vita</span> <span class='ocrx_word' id='word_1_537' title='bbox 1681 1597 1858 1637; x_wconf 85' lang='lat' dir='ltr'>spiritualis</span> <span class='ocrx_word' id='word_1_538' title='bbox 1882 1596 1960 1628; x_wconf 90' lang='lat' dir='ltr'>nihil</span> <span class='ocrx_word' id='word_1_539' title='bbox 1983 1598 2131 1637; x_wconf 84' lang='lat' dir='ltr'>impedit,</span> <span class='ocrx_word' id='word_1_540' title='bbox 2154 1608 2225 1638; x_wconf 73' lang='lat' dir='ltr'>quo:</span> 
     </span>
     <span class='ocr_line' id='line_1_37' title="bbox 229 1638 2222 1681; baseline -0.004 -3"><span class='ocrx_word' id='word_1_541' title='bbox 229 1649 368 1678; x_wconf 88' lang='lat' dir='ltr'>ditiones</span> <span class='ocrx_word' id='word_1_542' title='bbox 397 1645 573 1681; x_wconf 77' lang='lat' dir='ltr'>humanae,</span> <span class='ocrx_word' id='word_1_543' title='bbox 604 1655 676 1675; x_wconf 87' lang='lat' dir='ltr'>cum</span> <span class='ocrx_word' id='word_1_544' title='bbox 707 1645 777 1674; x_wconf 85' lang='lat' dir='ltr'>sine</span> <span class='ocrx_word' id='word_1_545' title='bbox 806 1643 959 1673; x_wconf 86' lang='lat' dir='ltr'>mandato</span> <span class='ocrx_word' id='word_1_546' title='bbox 982 1641 1043 1672; x_wconf 89' lang='lat' dir='ltr'>Dei</span> <span class='ocrx_word' id='word_1_547' title='bbox 1072 1641 1205 1681; x_wconf 74' lang='lat' dir='ltr'>exregi·</span> <span class='ocrx_word' id='word_1_548' title='bbox 1247 1641 1352 1670; x_wconf 91' lang='lat' dir='ltr'>minus</span> <span class='ocrx_word' id='word_1_549' title='bbox 1383 1649 1504 1679; x_wconf 91' lang='lat' dir='ltr'>eorpus</span> <span class='ocrx_word' id='word_1_550' title='bbox 1532 1644 1643 1669; x_wconf 84' lang='lat' dir='ltr'>utatur</span> <span class='ocrx_word' id='word_1_551' title='bbox 1672 1641 1761 1677; x_wconf 81' lang='lat' dir='ltr'>cibo,</span> <span class='ocrx_word' id='word_1_552' title='bbox 1787 1646 1884 1680; x_wconf 88' lang='lat' dir='ltr'>potu,</span> <span class='ocrx_word' id='word_1_553' title='bbox 1912 1638 2053 1679; x_wconf 77' lang='lat' dir='ltr'>politicis</span> <span class='ocrx_word' id='word_1_554' title='bbox 2075 1640 2222 1670; x_wconf 77' lang='lat' dir='ltr'>moribus</span> 
     </span>
     <span class='ocr_line' id='line_1_38' title="bbox 229 1680 2221 1727; baseline -0.004 -7"><span class='ocrx_word' id='word_1_555' title='bbox 229 1698 314 1720; x_wconf 87' lang='lat' dir='ltr'>tatae</span> <span class='ocrx_word' id='word_1_556' title='bbox 338 1689 412 1725; x_wconf 85' lang='lat' dir='ltr'>sint,</span> <span class='ocrx_word' id='word_1_557' title='bbox 436 1688 600 1727; x_wconf 81' lang='lat' dir='ltr'>‹ptomodo</span> <span class='ocrx_word' id='word_1_558' title='bbox 624 1693 762 1726; x_wconf 80' lang='lat' dir='ltr'>possunt</span> <span class='ocrx_word' id='word_1_559' title='bbox 786 1696 862 1716; x_wconf 87' lang='lat' dir='ltr'>esse</span> <span class='ocrx_word' id='word_1_560' title='bbox 882 1683 1005 1722; x_wconf 76' lang='lat' dir='ltr'>cultus,</span> <span class='ocrx_word' id='word_1_561' title='bbox 1030 1695 1103 1714; x_wconf 85' lang='lat' dir='ltr'>cum</span> <span class='ocrx_word' id='word_1_562' title='bbox 1128 1693 1204 1713; x_wconf 89' lang='lat' dir='ltr'>con·</span> <span class='ocrx_word' id='word_1_563' title='bbox 1225 1683 1226 1690; x_wconf 64' lang='lat'>¹</span> <span class='ocrx_word' id='word_1_564' title='bbox 1248 1688 1278 1711; x_wconf 86' lang='lat' dir='ltr'>et</span> <span class='ocrx_word' id='word_1_565' title='bbox 1302 1680 1443 1722; x_wconf 82' lang='lat' dir='ltr'>legibus.</span> <span class='ocrx_word' id='word_1_566' title='bbox 1473 1681 1649 1712; x_wconf 87' lang='lat' dir='ltr'>Praeterea</span> <span class='ocrx_word' id='word_1_567' title='bbox 1672 1691 1857 1722; x_wconf 83' lang='lat' dir='ltr'>quanquam</span> <span class='ocrx_word' id='word_1_568' title='bbox 1879 1682 2007 1712; x_wconf 83' lang='lat' dir='ltr'>Novum</span> <span class='ocrx_word' id='word_1_569' title='bbox 2033 1680 2221 1712; x_wconf 78' lang='lat' dir='ltr'>Testamen-</span> 
     </span>
     <span class='ocr_line' id='line_1_39' title="bbox 230 1723 2221 1769; baseline -0.004 -8"><span class='ocrx_word' id='word_1_570' title='bbox 230 1732 364 1761; x_wconf 79' lang='lat' dir='ltr'>scientia</span> <span class='ocrx_word' id='word_1_571' title='bbox 387 1741 450 1760; x_wconf 87' lang='lat' dir='ltr'>nou</span> <span class='ocrx_word' id='word_1_572' title='bbox 475 1730 579 1769; x_wconf 75' lang='lat' dir='ltr'>possit</span> <span class='ocrx_word' id='word_1_573' title='bbox 602 1728 778 1765; x_wconf 77' lang='lat' dir='ltr'>affirmare,</span> <span class='ocrx_word' id='word_1_574' title='bbox 802 1727 885 1758; x_wconf 87' lang='lat' dir='ltr'>tales</span> <span class='ocrx_word' id='word_1_575' title='bbox 909 1725 1016 1757; x_wconf 86' lang='lat' dir='ltr'>cultus</span> <span class='ocrx_word' id='word_1_576' title='bbox 1040 1725 1112 1756; x_wconf 88' lang='lat' dir='ltr'>Deo</span> <span class='ocrx_word' id='word_1_577' title='bbox 1135 1723 1204 1764; x_wconf 86' lang='lat' dir='ltr'>pla·</span> <span class='ocrx_word' id='word_1_578' title='bbox 1225 1739 1226 1753; x_wconf 67' lang='grc'>1</span> <span class='ocrx_word' id='word_1_579' title='bbox 1249 1729 1314 1753; x_wconf 89' lang='lat' dir='ltr'>tum</span> <span class='ocrx_word' id='word_1_580' title='bbox 1338 1724 1505 1763; x_wconf 88' lang='lat' dir='ltr'>praedicat</span> <span class='ocrx_word' id='word_1_581' title='bbox 1528 1723 1742 1763; x_wconf 66' lang='lat' dir='ltr'>Evangelimn</span> <span class='ocrx_word' id='word_1_582' title='bbox 1767 1724 1806 1753; x_wconf 91' lang='lat' dir='ltr'>de</span> <span class='ocrx_word' id='word_1_583' title='bbox 1828 1724 1949 1754; x_wconf 83' lang='lat' dir='ltr'>iustitia</span> <span class='ocrx_word' id='word_1_584' title='bbox 1977 1728 2010 1754; x_wconf 86' lang='lat' dir='ltr'>et</span> <span class='ocrx_word' id='word_1_585' title='bbox 2032 1725 2098 1754; x_wconf 84' lang='lat' dir='ltr'>vita</span> <span class='ocrx_word' id='word_1_586' title='bbox 2119 1729 2221 1754; x_wconf 71' lang='lat' dir='ltr'>aeter·</span> 
     </span>
     <span class='ocr_line' id='line_1_40' title="bbox 231 1763 2221 1804; baseline 0.001 -11"><span class='ocrx_word' id='word_1_587' title='bbox 231 1775 328 1804; x_wconf 64' lang='lat' dir='ltr'>cere?</span> <span class='ocrx_word' id='word_1_588' title='bbox 1225 1774 1227 1798; x_wconf 59' lang='grc'>,1</span> <span class='ocrx_word' id='word_1_589' title='bbox 1248 1775 1289 1795; x_wconf 83' lang='lat' dir='ltr'>na</span> <span class='ocrx_word' id='word_1_590' title='bbox 1318 1772 1348 1795; x_wconf 84' lang='grc'>81·</span> <span class='ocrx_word' id='word_1_591' title='bbox 1378 1766 1417 1795; x_wconf 88' lang='lat' dir='ltr'>de</span> <span class='ocrx_word' id='word_1_592' title='bbox 1441 1765 1664 1804; x_wconf 78' lang='lat' dir='ltr'>spiritualibus</span> <span class='ocrx_word' id='word_1_593' title='bbox 1689 1763 1844 1801; x_wconf 85' lang='lat' dir='ltr'>cultibus,</span> <span class='ocrx_word' id='word_1_594' title='bbox 1876 1772 1983 1795; x_wconf 85' lang='lat' dir='ltr'>tamen</span> <span class='ocrx_word' id='word_1_595' title='bbox 2007 1765 2133 1795; x_wconf 87' lang='lat' dir='ltr'>interim</span> <span class='ocrx_word' id='word_1_596' title='bbox 2156 1775 2221 1795; x_wconf 86' lang='lat' dir='ltr'>ma-</span> 
     </span>
     <span class='ocr_line' id='line_1_41' title="bbox 315 1805 2221 1851; baseline -0.006 -3"><span class='ocrx_word' id='word_1_597' title='bbox 315 1818 443 1848; x_wconf 70' lang='lat' dir='ltr'>Novnm</span> <span class='ocrx_word' id='word_1_598' title='bbox 467 1815 708 1845; x_wconf 76' lang='lat' dir='ltr'>Testamentum</span> <span class='ocrx_word' id='word_1_599' title='bbox 734 1819 781 1842; x_wconf 87' lang='lat' dir='ltr'>est</span> <span class='ocrx_word' id='word_1_600' title='bbox 807 1811 981 1851; x_wconf 74' lang='lat' dir='ltr'>promissio</span> <span class='ocrx_word' id='word_1_601' title='bbox 1004 1809 1205 1840; x_wconf 81' lang='lat' dir='ltr'>iustificatio-</span> <span class='ocrx_word' id='word_1_602' title='bbox 1225 1814 1227 1833; x_wconf 67' lang='grc' dir='ltr'><strong>ι</strong></span> <span class='ocrx_word' id='word_1_603' title='bbox 1248 1814 1301 1836; x_wconf 87' lang='grc'>1181</span> <span class='ocrx_word' id='word_1_604' title='bbox 1325 1808 1357 1837; x_wconf 87' lang='lat' dir='ltr'>in</span> <span class='ocrx_word' id='word_1_605' title='bbox 1380 1808 1500 1838; x_wconf 89' lang='lat' dir='ltr'>mundo</span> <span class='ocrx_word' id='word_1_606' title='bbox 1524 1806 1577 1837; x_wconf 75' lang='lat' dir='ltr'>lex</span> <span class='ocrx_word' id='word_1_607' title='bbox 1600 1814 1734 1838; x_wconf 81' lang='lat' dir='ltr'>naturae</span> <span class='ocrx_word' id='word_1_608' title='bbox 1758 1814 1787 1837; x_wconf 89' lang='lat' dir='ltr'>et</span> <span class='ocrx_word' id='word_1_609' title='bbox 1808 1805 1991 1847; x_wconf 75' lang='lat' dir='ltr'>disciplina,</span> <span class='ocrx_word' id='word_1_610' title='bbox 2011 1817 2076 1847; x_wconf 82' lang='lat' dir='ltr'>qua</span> <span class='ocrx_word' id='word_1_611' title='bbox 2094 1805 2221 1847; x_wconf 83' lang='lat' dir='ltr'>reliqui,</span> 
     </span>
     <span class='ocr_line' id='line_1_42' title="bbox 232 1848 2221 1893; baseline -0.007 -2"><span class='ocrx_word' id='word_1_612' title='bbox 232 1863 279 1892; x_wconf 71' lang='lat' dir='ltr'>nis</span> <span class='ocrx_word' id='word_1_613' title='bbox 310 1867 339 1890; x_wconf 89' lang='lat' dir='ltr'>et</span> <span class='ocrx_word' id='word_1_614' title='bbox 364 1860 448 1889; x_wconf 69' lang='lat' dir='ltr'>vitae</span> <span class='ocrx_word' id='word_1_615' title='bbox 472 1863 642 1891; x_wconf 85' lang='lat' dir='ltr'>aeternae,</span> <span class='ocrx_word' id='word_1_616' title='bbox 677 1855 849 1884; x_wconf 83' lang='lat' dir='ltr'>donandae</span> <span class='ocrx_word' id='word_1_617' title='bbox 872 1858 1006 1893; x_wconf 88' lang='lat' dir='ltr'>propter</span> <span class='ocrx_word' id='word_1_618' title='bbox 1029 1851 1204 1881; x_wconf 78' lang='lat' dir='ltr'>Christum.</span> <span class='ocrx_word' id='word_1_619' title='bbox 1249 1850 1302 1889; x_wconf 80' lang='lat' dir='ltr'>qui</span> <span class='ocrx_word' id='word_1_620' title='bbox 1327 1860 1390 1878; x_wconf 86' lang='lat' dir='ltr'>non</span> <span class='ocrx_word' id='word_1_621' title='bbox 1416 1850 1577 1888; x_wconf 85' lang='lat' dir='ltr'>pertinent</span> <span class='ocrx_word' id='word_1_622' title='bbox 1599 1850 1640 1879; x_wconf 84' lang='lat' dir='ltr'>ad</span> <span class='ocrx_word' id='word_1_623' title='bbox 1658 1849 1788 1880; x_wconf 83' lang='lat' dir='ltr'>Novum</span> <span class='ocrx_word' id='word_1_624' title='bbox 1805 1848 2058 1885; x_wconf 79' lang='lat' dir='ltr'>Testamentum,</span> <span class='ocrx_word' id='word_1_625' title='bbox 2078 1855 2144 1879; x_wconf 87' lang='lat' dir='ltr'>tum</span> <span class='ocrx_word' id='word_1_626' title='bbox 2168 1858 2221 1879; x_wconf 86' lang='lat' dir='ltr'>co-</span> 
     </span>
     <span class='ocr_line' id='line_1_43' title="bbox 233 1890 2221 1939; baseline -0.007 -5"><span class='ocrx_word' id='word_1_627' title='bbox 233 1905 271 1934; x_wconf 70' lang='lat' dir='ltr'>Er</span> <span class='ocrx_word' id='word_1_628' title='bbox 300 1913 372 1933; x_wconf 89' lang='lat' dir='ltr'>cum</span> <span class='ocrx_word' id='word_1_629' title='bbox 405 1900 486 1930; x_wconf 84' lang='lat' dir='ltr'>haec</span> <span class='ocrx_word' id='word_1_630' title='bbox 515 1899 704 1939; x_wconf 73' lang='lat' dir='ltr'>promissio,</span> <span class='ocrx_word' id='word_1_631' title='bbox 736 1896 799 1925; x_wconf 83' lang='lat' dir='ltr'>hoc</span> <span class='ocrx_word' id='word_1_632' title='bbox 825 1902 889 1932; x_wconf 81' lang='lat' dir='ltr'>est,</span> <span class='ocrx_word' id='word_1_633' title='bbox 924 1892 1142 1935; x_wconf 82' lang='lat' dir='ltr'>Evangelium</span> <span class='ocrx_word' id='word_1_634' title='bbox 1165 1892 1206 1922; x_wconf 88' lang='lat' dir='ltr'>de</span> <span class='ocrx_word' id='word_1_635' title='bbox 1250 1891 1388 1927; x_wconf 81' lang='lat' dir='ltr'>herceri,</span> <span class='ocrx_word' id='word_1_636' title='bbox 1412 1897 1476 1921; x_wconf 84' lang='lat' dir='ltr'>tum</span> <span class='ocrx_word' id='word_1_637' title='bbox 1501 1890 1670 1921; x_wconf 78' lang='lat' dir='ltr'>assuefieri</span> <span class='ocrx_word' id='word_1_638' title='bbox 1695 1892 1824 1927; x_wconf 89' lang='lat' dir='ltr'>debent,</span> <span class='ocrx_word' id='word_1_639' title='bbox 1847 1898 1878 1921; x_wconf 91' lang='lat' dir='ltr'>ut</span> <span class='ocrx_word' id='word_1_640' title='bbox 1904 1891 2015 1920; x_wconf 87' lang='lat' dir='ltr'>doceri</span> <span class='ocrx_word' id='word_1_641' title='bbox 2038 1891 2167 1929; x_wconf 89' lang='lat' dir='ltr'>possint</span> <span class='ocrx_word' id='word_1_642' title='bbox 2189 1896 2221 1920; x_wconf 90' lang='lat' dir='ltr'>et</span> 
     </span>
     <span class='ocr_line' id='line_1_44' title="bbox 232 1932 1803 1978; baseline -0.008 -3"><span class='ocrx_word' id='word_1_643' title='bbox 232 1946 363 1976; x_wconf 81' lang='lat' dir='ltr'>s&#39;hristo</span> <span class='ocrx_word' id='word_1_644' title='bbox 387 1944 427 1973; x_wconf 89' lang='lat' dir='ltr'>ad</span> <span class='ocrx_word' id='word_1_645' title='bbox 451 1951 565 1972; x_wconf 84' lang='lat' dir='ltr'>onmes</span> <span class='ocrx_word' id='word_1_646' title='bbox 588 1946 710 1969; x_wconf 85' lang='lat' dir='ltr'>aetates</span> <span class='ocrx_word' id='word_1_647' title='bbox 735 1939 905 1978; x_wconf 82' lang='lat' dir='ltr'>pertineat,</span> <span class='ocrx_word' id='word_1_648' title='bbox 931 1947 994 1967; x_wconf 91' lang='lat' dir='ltr'>non</span> <span class='ocrx_word' id='word_1_649' title='bbox 1019 1936 1067 1966; x_wconf 85' lang='lat' dir='ltr'>sic</span> <span class='ocrx_word' id='word_1_650' title='bbox 1091 1933 1206 1965; x_wconf 85' lang='lat' dir='ltr'>intelli·</span> <span class='ocrx_word' id='word_1_651' title='bbox 1250 1934 1290 1964; x_wconf 85' lang='lat' dir='ltr'>ad</span> <span class='ocrx_word' id='word_1_652' title='bbox 1309 1934 1504 1973; x_wconf 84' lang='lat' dir='ltr'>agnitionem</span> <span class='ocrx_word' id='word_1_653' title='bbox 1529 1932 1650 1962; x_wconf 81' lang='lat' dir='ltr'>Christi</span> <span class='ocrx_word' id='word_1_654' title='bbox 1673 1934 1803 1963; x_wconf 84' lang='lat' dir='ltr'>adduci.</span> 
     </span>
     <span class='ocr_line' id='line_1_45' title="bbox 233 1977 1206 2023; baseline -0.012 -5"><span class='ocrx_word' id='word_1_655' title='bbox 233 1989 264 2023; x_wconf 68' lang='lat' dir='ltr'>eci</span> <span class='ocrx_word' id='word_1_656' title='bbox 286 1988 413 2017; x_wconf 72' lang='lat' dir='ltr'>Novum</span> <span class='ocrx_word' id='word_1_657' title='bbox 436 1984 676 2015; x_wconf 70' lang='lat' dir='ltr'>Testamentum</span> <span class='ocrx_word' id='word_1_658' title='bbox 701 1982 815 2017; x_wconf 82' lang='lat' dir='ltr'>debet,</span> <span class='ocrx_word' id='word_1_659' title='bbox 840 1980 933 2020; x_wconf 81' lang='lat' dir='ltr'>quasi</span> <span class='ocrx_word' id='word_1_660' title='bbox 959 1989 1025 2009; x_wconf 89' lang='lat' dir='ltr'>non</span> <span class='ocrx_word' id='word_1_661' title='bbox 1047 1977 1206 2018; x_wconf 80' lang='lat' dir='ltr'>pertineat</span> 
     </span>
    </p>
   </div>
   <div class='ocr_carea' id='block_1_6' title="bbox 1224 1291 1228 1994">
    <p class='ocr_par' dir='ltr' id='par_1_7' title="bbox 1224 1291 1228 1994">
     <span class='ocr_line' id='line_1_46' title="bbox 1224 1291 1228 1994; baseline 0 0"><span class='ocrx_word' id='word_1_662' title='bbox 1224 1291 1228 1994; x_wconf 95' lang='lat' dir='ltr'> </span> 
     </span>
    </p>
   </div>
   <div class='ocr_carea' id='block_1_7' title="bbox 233 2019 2221 2151">
    <p class='ocr_par' dir='ltr' id='par_1_8' title="bbox 233 2010 2221 2151">
     <span class='ocr_line' id='line_1_47' title="bbox 233 2019 1991 2069; baseline -0.011 -10"><span class='ocrx_word' id='word_1_663' title='bbox 233 2031 272 2060; x_wconf 83' lang='lat' dir='ltr'>ad</span> <span class='ocrx_word' id='word_1_664' title='bbox 298 2035 426 2069; x_wconf 81' lang='lat' dir='ltr'>patres:</span> <span class='ocrx_word' id='word_1_665' title='bbox 472 2026 529 2056; x_wconf 78' lang='lat' dir='ltr'>sed</span> <span class='ocrx_word' id='word_1_666' title='bbox 554 2025 669 2054; x_wconf 81' lang='lat' dir='ltr'>dicitur</span> <span class='ocrx_word' id='word_1_667' title='bbox 690 2024 819 2053; x_wconf 77' lang='lat' dir='ltr'>Novum</span> <span class='ocrx_word' id='word_1_668' title='bbox 843 2022 1102 2056; x_wconf 81' lang='lat' dir='ltr'>Testamentum,</span> <span class='ocrx_word' id='word_1_669' title='bbox 1133 2019 1205 2059; x_wconf 83' lang='lat' dir='ltr'>quia</span> <span class='ocrx_word' id='word_1_670' title='bbox 1226 2022 1228 2056; x_wconf 69' lang='lat'>1</span> <span class='ocrx_word' id='word_1_671' title='bbox 1478 2032 1536 2063; x_wconf 70' lang='lat' dir='ltr'>DE</span> <span class='ocrx_word' id='word_1_672' title='bbox 1556 2032 1726 2063; x_wconf 54' lang='lat' dir='ltr'>SPHRITU</span> <span class='ocrx_word' id='word_1_673' title='bbox 1749 2031 1804 2062; x_wconf 79' lang='lat' dir='ltr'>ET</span> <span class='ocrx_word' id='word_1_674' title='bbox 1824 2019 1991 2061; x_wconf 49' lang='lat' dir='ltr'><strong>UTERA.</strong></span> 
     </span>
     <span class='ocr_line' id='line_1_48' title="bbox 234 2063 1229 2106; baseline -0.012 -5"><span class='ocrx_word' id='word_1_675' title='bbox 234 2078 285 2101; x_wconf 81' lang='lat' dir='ltr'>est</span> <span class='ocrx_word' id='word_1_676' title='bbox 313 2080 432 2100; x_wconf 81' lang='lat' dir='ltr'>novum</span> <span class='ocrx_word' id='word_1_677' title='bbox 466 2075 496 2098; x_wconf 85' lang='lat' dir='ltr'>et</span> <span class='ocrx_word' id='word_1_678' title='bbox 524 2066 611 2098; x_wconf 88' lang='lat' dir='ltr'>aliud</span> <span class='ocrx_word' id='word_1_679' title='bbox 641 2073 788 2106; x_wconf 82' lang='lat' dir='ltr'>pactum.</span> <span class='ocrx_word' id='word_1_680' title='bbox 823 2075 920 2105; x_wconf 38' lang='lat' dir='ltr'>quam</span> <span class='ocrx_word' id='word_1_681' title='bbox 949 2063 1034 2105; x_wconf 82' lang='lat' dir='ltr'>legis</span> <span class='ocrx_word' id='word_1_682' title='bbox 1064 2067 1229 2102; x_wconf 61' lang='lat' dir='ltr'>pactum,;</span> 
     </span>
     <span class='ocr_line' id='line_1_49' title="bbox 233 2098 2221 2151; baseline -0.008 -7"><span class='ocrx_word' id='word_1_683' title='bbox 233 2113 295 2144; x_wconf 77' lang='lat' dir='ltr'>alia</span> <span class='ocrx_word' id='word_1_684' title='bbox 319 2112 492 2151; x_wconf 71' lang='lat' dir='ltr'>promissio</span> <span class='ocrx_word' id='word_1_685' title='bbox 516 2116 575 2140; x_wconf 76' lang='lat' dir='ltr'>est.</span> <span class='ocrx_word' id='word_1_686' title='bbox 603 2108 668 2138; x_wconf 75' lang='lat' dir='ltr'>Lex</span> <span class='ocrx_word' id='word_1_687' title='bbox 689 2108 772 2137; x_wconf 81' lang='lat' dir='ltr'>enim</span> <span class='ocrx_word' id='word_1_688' title='bbox 792 2107 931 2137; x_wconf 86' lang='lat' dir='ltr'>habebat</span> <span class='ocrx_word' id='word_1_689' title='bbox 954 2105 1206 2145; x_wconf 81' lang='lat' dir='ltr'>promissionem</span> <span class='ocrx_word' id='word_1_690' title='bbox 1226 2109 1228 2127; x_wconf 58' lang='lat'>⁴1</span> <span class='ocrx_word' id='word_1_691' title='bbox 1335 2100 1396 2131; x_wconf 85' lang='lat' dir='ltr'>Hic</span> <span class='ocrx_word' id='word_1_692' title='bbox 1424 2099 1519 2131; x_wconf 68' lang='lat' dir='ltr'>loeus</span> <span class='ocrx_word' id='word_1_693' title='bbox 1543 2110 1582 2129; x_wconf 80' lang='lat' dir='ltr'>ex</span> <span class='ocrx_word' id='word_1_694' title='bbox 1605 2100 1766 2140; x_wconf 84' lang='lat' dir='ltr'>superiori</span> <span class='ocrx_word' id='word_1_695' title='bbox 1791 2099 1946 2129; x_wconf 81' lang='lat' dir='ltr'>nascitur.</span> <span class='ocrx_word' id='word_1_696' title='bbox 1991 2098 2114 2129; x_wconf 85' lang='lat' dir='ltr'>Paulus</span> <span class='ocrx_word' id='word_1_697' title='bbox 2137 2099 2221 2129; x_wconf 89' lang='lat' dir='ltr'>enim</span> 
     </span>
    </p>
   </div>
   <div class='ocr_carea' id='block_1_8' title="bbox 233 2129 2221 2403">
    <p class='ocr_par' dir='ltr' id='par_1_9' title="bbox 233 2129 2221 2403">
     <span class='ocr_line' id='line_1_50' title="bbox 233 2129 2220 2191; baseline -0.007 -6"><span class='ocrx_word' id='word_1_698' title='bbox 233 2156 323 2186; x_wconf 71' lang='lat' dir='ltr'>rewni</span> <span class='ocrx_word' id='word_1_699' title='bbox 347 2152 471 2188; x_wconf 75' lang='lat' dir='ltr'>lsrae13</span> <span class='ocrx_word' id='word_1_700' title='bbox 501 2153 559 2182; x_wconf 84' lang='lat' dir='ltr'>sed</span> <span class='ocrx_word' id='word_1_701' title='bbox 582 2149 796 2191; x_wconf 77' lang='lat' dir='ltr'>Evangeiinm</span> <span class='ocrx_word' id='word_1_702' title='bbox 821 2148 917 2178; x_wconf 89' lang='lat' dir='ltr'>habet</span> <span class='ocrx_word' id='word_1_703' title='bbox 936 2150 981 2188; x_wconf 83' lang='lat'>⁴⁷)</span> <span class='ocrx_word' id='word_1_704' title='bbox 1017 2145 1206 2187; x_wconf 82' lang='lat' dir='ltr'>promissio·</span> <span class='ocrx_word' id='word_1_705' title='bbox 1227 2129 1229 2188; x_wconf 51' lang='lat' dir='ltr'>i</span> <span class='ocrx_word' id='word_1_706' title='bbox 1251 2144 1354 2174; x_wconf 87' lang='lat' dir='ltr'>Vetus</span> <span class='ocrx_word' id='word_1_707' title='bbox 1378 2150 1408 2173; x_wconf 89' lang='lat' dir='ltr'>et</span> <span class='ocrx_word' id='word_1_708' title='bbox 1429 2143 1557 2173; x_wconf 74' lang='lat' dir='ltr'>Novum</span> <span class='ocrx_word' id='word_1_709' title='bbox 1580 2141 1822 2172; x_wconf 79' lang='lat' dir='ltr'>Testamentum</span> <span class='ocrx_word' id='word_1_710' title='bbox 1846 2142 1890 2171; x_wconf 84' lang='lat' dir='ltr'>ita</span> <span class='ocrx_word' id='word_1_711' title='bbox 1913 2141 2067 2172; x_wconf 83' lang='lat' dir='ltr'>discernit</span> <span class='ocrx_word' id='word_1_712' title='bbox 2089 2140 2119 2170; x_wconf 80' lang='lat'>2.</span> <span class='ocrx_word' id='word_1_713' title='bbox 2143 2140 2220 2172; x_wconf 87' lang='lat' dir='ltr'>Cor.</span> 
     </span>
     <span class='ocr_line' id='line_1_51' title="bbox 234 2181 2221 2229; baseline -0.007 -2"><span class='ocrx_word' id='word_1_714' title='bbox 234 2181 306 2227; x_wconf 51' lang='lat' dir='ltr'>uetiti</span> <span class='ocrx_word' id='word_1_715' title='bbox 339 2206 444 2226; x_wconf 87' lang='lat' dir='ltr'>rerum</span> <span class='ocrx_word' id='word_1_716' title='bbox 472 2201 692 2229; x_wconf 85' lang='lat' dir='ltr'>aeternarum,</span> <span class='ocrx_word' id='word_1_717' title='bbox 716 2191 887 2227; x_wconf 77' lang='lat' dir='ltr'>videlicet,</span> <span class='ocrx_word' id='word_1_718' title='bbox 917 2189 1100 2220; x_wconf 86' lang='lat' dir='ltr'>abolendae</span> <span class='ocrx_word' id='word_1_719' title='bbox 1122 2197 1207 2218; x_wconf 89' lang='lat' dir='ltr'>mor-</span> <span class='ocrx_word' id='word_1_720' title='bbox 1227 2191 1228 2202; x_wconf 67' lang='lat'>¹</span> <span class='ocrx_word' id='word_1_721' title='bbox 1250 2187 1280 2217; x_wconf 84' lang='lat'>3.</span> <span class='ocrx_word' id='word_1_722' title='bbox 1306 2190 1387 2223; x_wconf 69' lang='lat' dir='ltr'>ivss.</span> <span class='ocrx_word' id='word_1_723' title='bbox 1412 2185 1432 2215; x_wconf 89' lang='grc'><strong>6</strong></span> <span class='ocrx_word' id='word_1_724' title='bbox 1458 2189 1544 2225; x_wconf 81' lang='lat' dir='ltr'>sqq.1</span> <span class='ocrx_word' id='word_1_725' title='bbox 1575 2191 1609 2214; x_wconf 93' lang='lat' dir='ltr'>ut</span> <span class='ocrx_word' id='word_1_726' title='bbox 1639 2190 1733 2214; x_wconf 80' lang='lat' dir='ltr'>vetus</span> <span class='ocrx_word' id='word_1_727' title='bbox 1757 2183 1998 2214; x_wconf 81' lang='lat' dir='ltr'>Testamentum</span> <span class='ocrx_word' id='word_1_728' title='bbox 2026 2189 2122 2214; x_wconf 85' lang='lat' dir='ltr'>vocet</span> <span class='ocrx_word' id='word_1_729' title='bbox 2152 2182 2221 2213; x_wconf 85' lang='lat' dir='ltr'>lite-</span> 
     </span>
     <span class='ocr_line' id='line_1_52' title="bbox 233 2224 2221 2270; baseline -0.007 -1"><span class='ocrx_word' id='word_1_730' title='bbox 233 2241 273 2270; x_wconf 85' lang='lat' dir='ltr'>tis</span> <span class='ocrx_word' id='word_1_731' title='bbox 293 2245 322 2269; x_wconf 88' lang='lat' dir='ltr'>et</span> <span class='ocrx_word' id='word_1_732' title='bbox 347 2238 555 2267; x_wconf 76' lang='lat' dir='ltr'>renovandae</span> <span class='ocrx_word' id='word_1_733' title='bbox 578 2236 740 2265; x_wconf 83' lang='lat' dir='ltr'>humanae</span> <span class='ocrx_word' id='word_1_734' title='bbox 769 2240 921 2269; x_wconf 82' lang='lat' dir='ltr'>naturae,</span> <span class='ocrx_word' id='word_1_735' title='bbox 950 2232 1123 2263; x_wconf 85' lang='lat' dir='ltr'>donandae</span> <span class='ocrx_word' id='word_1_736' title='bbox 1151 2239 1208 2259; x_wconf 92' lang='lat' dir='ltr'>no-</span> <span class='ocrx_word' id='word_1_737' title='bbox 1250 2239 1320 2259; x_wconf 86' lang='lat' dir='ltr'>ram</span> <span class='ocrx_word' id='word_1_738' title='bbox 1354 2233 1385 2257; x_wconf 86' lang='lat' dir='ltr'>et</span> <span class='ocrx_word' id='word_1_739' title='bbox 1413 2227 1722 2258; x_wconf 76' lang='lat' dir='ltr'>administrationem</span> <span class='ocrx_word' id='word_1_740' title='bbox 1752 2226 1876 2256; x_wconf 87' lang='lat' dir='ltr'>mortis.</span> <span class='ocrx_word' id='word_1_741' title='bbox 1920 2225 2066 2255; x_wconf 82' lang='lat' dir='ltr'>Econtra</span> <span class='ocrx_word' id='word_1_742' title='bbox 2092 2224 2221 2255; x_wconf 89' lang='lat' dir='ltr'>Novum</span> 
     </span>
     <span class='ocr_line' id='line_1_53' title="bbox 234 2272 1206 2316; baseline -0.01 -5"><span class='ocrx_word' id='word_1_743' title='bbox 234 2292 294 2311; x_wconf 78' lang='lat' dir='ltr'>vae</span> <span class='ocrx_word' id='word_1_744' title='bbox 329 2280 469 2310; x_wconf 73' lang='lat' dir='ltr'>iustitiae</span> <span class='ocrx_word' id='word_1_745' title='bbox 503 2290 542 2309; x_wconf 84' lang='lat' dir='ltr'>ac</span> <span class='ocrx_word' id='word_1_746' title='bbox 578 2279 661 2307; x_wconf 67' lang='lat' dir='ltr'>vitae</span> <span class='ocrx_word' id='word_1_747' title='bbox 691 2283 844 2307; x_wconf 78' lang='lat' dir='ltr'>aeternae</span> <span class='ocrx_word' id='word_1_748' title='bbox 873 2281 1008 2316; x_wconf 83' lang='lat' dir='ltr'>propter</span> <span class='ocrx_word' id='word_1_749' title='bbox 1032 2272 1206 2303; x_wconf 80' lang='lat' dir='ltr'>Christum.</span> 
     </span>
     <span class='ocr_line' id='line_1_54' title="bbox 236 2316 1207 2361; baseline -0.01 -8"><span class='ocrx_word' id='word_1_750' title='bbox 236 2324 290 2353; x_wconf 75' lang='lat' dir='ltr'>Sic</span> <span class='ocrx_word' id='word_1_751' title='bbox 315 2322 438 2352; x_wconf 88' lang='lat' dir='ltr'>remittit</span> <span class='ocrx_word' id='word_1_752' title='bbox 465 2326 607 2361; x_wconf 68' lang='lat' dir='ltr'>peccata.</span> <span class='ocrx_word' id='word_1_753' title='bbox 633 2325 665 2349; x_wconf 88' lang='lat' dir='ltr'>ut</span> <span class='ocrx_word' id='word_1_754' title='bbox 695 2317 790 2349; x_wconf 84' lang='lat' dir='ltr'>simul</span> <span class='ocrx_word' id='word_1_755' title='bbox 815 2318 915 2347; x_wconf 85' lang='lat' dir='ltr'>corda</span> <span class='ocrx_word' id='word_1_756' title='bbox 940 2316 1079 2347; x_wconf 81' lang='lat' dir='ltr'>vivificet</span> <span class='ocrx_word' id='word_1_757' title='bbox 1104 2320 1135 2345; x_wconf 87' lang='lat' dir='ltr'>et</span> <span class='ocrx_word' id='word_1_758' title='bbox 1160 2323 1207 2343; x_wconf 93' lang='lat' dir='ltr'>re-</span> 
     </span>
     <span class='ocr_line' id='line_1_55' title="bbox 236 2356 1208 2403; baseline -0.011 -8"><span class='ocrx_word' id='word_1_759' title='bbox 236 2370 333 2395; x_wconf 75' lang='lat' dir='ltr'>novet</span> <span class='ocrx_word' id='word_1_760' title='bbox 362 2364 482 2403; x_wconf 79' lang='lat' dir='ltr'>Spiritu</span> <span class='ocrx_word' id='word_1_761' title='bbox 510 2368 636 2392; x_wconf 80' lang='lat' dir='ltr'>sancto.</span> <span class='ocrx_word' id='word_1_762' title='bbox 694 2361 775 2396; x_wconf 85' lang='lat' dir='ltr'>Quia</span> <span class='ocrx_word' id='word_1_763' title='bbox 806 2361 904 2401; x_wconf 87' lang='lat' dir='ltr'>igitur</span> <span class='ocrx_word' id='word_1_764' title='bbox 936 2359 1065 2389; x_wconf 82' lang='lat' dir='ltr'>Novum</span> <span class='ocrx_word' id='word_1_765' title='bbox 1096 2356 1208 2386; x_wconf 83' lang='lat' dir='ltr'>Testa-</span> 
     </span>
    </p>
   </div>
   <div class='ocr_carea' id='block_1_9' title="bbox 1250 2267 2221 2435">
    <p class='ocr_par' dir='ltr' id='par_1_10' title="bbox 1250 2267 2221 2435">
     <span class='ocr_line' id='line_1_56' title="bbox 1250 2267 2221 2308; baseline -0.004 -8"><span class='ocrx_word' id='word_1_766' title='bbox 1250 2270 1491 2300; x_wconf 83' lang='lat' dir='ltr'>Testanientum</span> <span class='ocrx_word' id='word_1_767' title='bbox 1522 2279 1579 2298; x_wconf 77' lang='lat' dir='ltr'>seu</span> <span class='ocrx_word' id='word_1_768' title='bbox 1604 2267 1817 2308; x_wconf 82' lang='lat' dir='ltr'>Evangelium</span> <span class='ocrx_word' id='word_1_769' title='bbox 1846 2273 1943 2298; x_wconf 84' lang='lat' dir='ltr'>vocat</span> <span class='ocrx_word' id='word_1_770' title='bbox 1971 2267 2221 2297; x_wconf 85' lang='lat' dir='ltr'>administratio-</span> 
     </span>
     <span class='ocr_line' id='line_1_57' title="bbox 1250 2308 2221 2351; baseline -0.004 -9"><span class='ocrx_word' id='word_1_771' title='bbox 1250 2323 1324 2343; x_wconf 89' lang='lat' dir='ltr'>nem</span> <span class='ocrx_word' id='word_1_772' title='bbox 1357 2313 1490 2351; x_wconf 78' lang='lat' dir='ltr'>spiritus</span> <span class='ocrx_word' id='word_1_773' title='bbox 1526 2318 1555 2341; x_wconf 88' lang='lat' dir='ltr'>ct</span> <span class='ocrx_word' id='word_1_774' title='bbox 1590 2311 1685 2341; x_wconf 73' lang='lat' dir='ltr'>vitae.</span> <span class='ocrx_word' id='word_1_775' title='bbox 1738 2309 1909 2350; x_wconf 68' lang='lat' dir='ltr'>Significat</span> <span class='ocrx_word' id='word_1_776' title='bbox 1944 2315 2050 2339; x_wconf 84' lang='lat' dir='ltr'>autem</span> <span class='ocrx_word' id='word_1_777' title='bbox 2081 2308 2221 2349; x_wconf 87' lang='lat' dir='ltr'>Spiritus</span> 
     </span>
     <span class='ocr_line' id='line_1_58' title="bbox 1252 2349 2221 2393; baseline -0.005 -8"><span class='ocrx_word' id='word_1_778' title='bbox 1252 2365 1323 2385; x_wconf 83' lang='lat' dir='ltr'>cum</span> <span class='ocrx_word' id='word_1_779' title='bbox 1347 2354 1499 2393; x_wconf 81' lang='lat' dir='ltr'>Spiritum</span> <span class='ocrx_word' id='word_1_780' title='bbox 1523 2359 1672 2383; x_wconf 83' lang='lat' dir='ltr'>sanctum</span> <span class='ocrx_word' id='word_1_781' title='bbox 1696 2358 1760 2382; x_wconf 86' lang='lat' dir='ltr'>tum</span> <span class='ocrx_word' id='word_1_782' title='bbox 1785 2357 1891 2382; x_wconf 88' lang='lat' dir='ltr'>motus</span> <span class='ocrx_word' id='word_1_783' title='bbox 1915 2349 2113 2390; x_wconf 78' lang='lat' dir='ltr'>spirituales,</span> <span class='ocrx_word' id='word_1_784' title='bbox 2137 2360 2221 2391; x_wconf 83' lang='lat' dir='ltr'>quos</span> 
     </span>
     <span class='ocr_line' id='line_1_59' title="bbox 1252 2392 2221 2435; baseline -0.004 -9"><span class='ocrx_word' id='word_1_785' title='bbox 1252 2397 1372 2426; x_wconf 82' lang='lat' dir='ltr'>excitat</span> <span class='ocrx_word' id='word_1_786' title='bbox 1405 2397 1436 2425; x_wconf 92' lang='lat' dir='ltr'>in</span> <span class='ocrx_word' id='word_1_787' title='bbox 1471 2396 1625 2425; x_wconf 82' lang='lat' dir='ltr'>cordibus</span> <span class='ocrx_word' id='word_1_788' title='bbox 1649 2394 1790 2435; x_wconf 82' lang='lat' dir='ltr'>Spiritus</span> <span class='ocrx_word' id='word_1_789' title='bbox 1818 2398 1963 2423; x_wconf 82' lang='lat' dir='ltr'>sanetus.</span> <span class='ocrx_word' id='word_1_790' title='bbox 2008 2392 2100 2423; x_wconf 89' lang='lat' dir='ltr'>Sicut</span> <span class='ocrx_word' id='word_1_791' title='bbox 2123 2397 2221 2422; x_wconf 81' lang='lat' dir='ltr'>testa-</span> 
     </span>
    </p>
   </div>
   <div class='ocr_carea' id='block_1_10' title="bbox 1226 2203 1229 2351">
    <p class='ocr_par' dir='ltr' id='par_1_11' title="bbox 1226 2203 1229 2351">
     <span class='ocr_line' id='line_1_60' title="bbox 1226 2203 1229 2351; baseline 0 582"><span class='ocrx_word' id='word_1_792' title='bbox 1226 2203 1229 2351; x_wconf 95' lang='lat' dir='ltr'> </span> 
     </span>
    </p>
   </div>
   <div class='ocr_carea' id='block_1_11' title="bbox 1310 2481 1451 2484">
    <p class='ocr_par' dir='ltr' id='par_1_12' title="bbox 1310 2481 1451 2484">
     <span class='ocr_line' id='line_1_61' title="bbox 1310 2481 1451 2484; baseline 0 0"><span class='ocrx_word' id='word_1_793' title='bbox 1310 2481 1451 2484; x_wconf 95' lang='lat' dir='ltr'> </span> 
     </span>
    </p>
   </div>
   <div class='ocr_carea' id='block_1_12' title="bbox 1227 2353 1232 2540">
    <p class='ocr_par' dir='ltr' id='par_1_13' title="bbox 1227 2353 1232 2540">
     <span class='ocr_line' id='line_1_62' title="bbox 1227 2353 1232 2540; baseline 0 393"><span class='ocrx_word' id='word_1_794' title='bbox 1227 2353 1232 2540; x_wconf 95' lang='lat' dir='ltr'> </span> 
     </span>
    </p>
   </div>
   <div class='ocr_carea' id='block_1_13' title="bbox 237 2484 2010 2571">
    <p class='ocr_par' dir='ltr' id='par_1_14' title="bbox 237 2484 2010 2571">
     <span class='ocr_line' id='line_1_63' title="bbox 237 2484 983 2520; baseline -0.012 -4"><span class='ocrx_word' id='word_1_795' title='bbox 237 2493 281 2520; x_wconf 78' lang='grc'>46)</span> <span class='ocrx_word' id='word_1_796' title='bbox 302 2489 415 2520; x_wconf 80' lang='lat' dir='ltr'>requirit]</span> <span class='ocrx_word' id='word_1_797' title='bbox 435 2489 507 2513; x_wconf 75' lang='lat' dir='ltr'>Editt.</span> <span class='ocrx_word' id='word_1_798' title='bbox 528 2489 549 2511; x_wconf 89' lang='lat'>7.</span> <span class='ocrx_word' id='word_1_799' title='bbox 569 2490 591 2511; x_wconf 75' lang='lat'>8.</span> <span class='ocrx_word' id='word_1_800' title='bbox 614 2488 717 2511; x_wconf 81' lang='grc'>11-14.</span> <span class='ocrx_word' id='word_1_801' title='bbox 736 2490 761 2510; x_wconf 81' lang='lat' dir='ltr'>et</span> <span class='ocrx_word' id='word_1_802' title='bbox 780 2488 854 2515; x_wconf 49' lang='lat' dir='ltr'>oppa</span> <span class='ocrx_word' id='word_1_803' title='bbox 871 2484 983 2514; x_wconf 80' lang='lat' dir='ltr'>requirat.</span> 
     </span>
     <span class='ocr_line' id='line_1_64' title="bbox 238 2527 2010 2571; baseline -0.008 -5"><span class='ocrx_word' id='word_1_804' title='bbox 238 2543 282 2571; x_wconf 74' lang='grc'>47)</span> <span class='ocrx_word' id='word_1_805' title='bbox 302 2540 387 2570; x_wconf 74' lang='lat' dir='ltr'>habet!</span> <span class='ocrx_word' id='word_1_806' title='bbox 410 2539 450 2563; x_wconf 86' lang='lat' dir='ltr'>Ed.</span> <span class='ocrx_word' id='word_1_807' title='bbox 473 2539 508 2562; x_wconf 87' lang='lat'>11.</span> <span class='ocrx_word' id='word_1_808' title='bbox 528 2540 553 2562; x_wconf 86' lang='lat' dir='ltr'>et</span> <span class='ocrx_word' id='word_1_809' title='bbox 571 2539 645 2567; x_wconf 54' lang='lat' dir='ltr'>Opim:</span> <span class='ocrx_word' id='word_1_810' title='bbox 666 2537 776 2560; x_wconf 75' lang='lat' dir='ltr'>babebat.</span> <span class='ocrx_word' id='word_1_811' title='bbox 1253 2530 1299 2559; x_wconf 66' lang='lat'>48)</span> <span class='ocrx_word' id='word_1_812' title='bbox 1320 2529 1495 2558; x_wconf 80' lang='lat' dir='ltr'>Philippenses</span> <span class='ocrx_word' id='word_1_813' title='bbox 1513 2527 1548 2558; x_wconf 84' lang='grc'>3.]</span> <span class='ocrx_word' id='word_1_814' title='bbox 1570 2529 1611 2552; x_wconf 79' lang='lat' dir='ltr'>Ed.</span> <span class='ocrx_word' id='word_1_815' title='bbox 1634 2530 1669 2552; x_wconf 83' lang='lat'>11.</span> <span class='ocrx_word' id='word_1_816' title='bbox 1687 2529 1718 2552; x_wconf 80' lang='lat' dir='ltr'>ud</span> <span class='ocrx_word' id='word_1_817' title='bbox 1739 2529 1911 2558; x_wconf 82' lang='lat' dir='ltr'>Philippenses</span> <span class='ocrx_word' id='word_1_818' title='bbox 1930 2528 2010 2552; x_wconf 83' lang='lat' dir='ltr'>tertio.</span> 
     </span>
    </p>
   </div>
  </div>
 </body>
</html>
