2358 2933
239 109 302 139 939

238 201 415 230 stis-simum
449 200 558 232 πάθος.
611 197 823 237 Dissipantur
852 197 1038 234 Ecclesiae,
1072 197 1208 233 Gentes,

239 241 379 271 familiae
407 249 559 280 tanquam
590 240 695 269 ventis
720 246 853 278 propter
876 246 966 269 certa
988 245 1142 278 peccata.
1174 244 1208 268 ut

239 284 349 313 decem
373 284 476 312 trihus
502 280 618 311 lsrael.
642 282 673 310 in
697 282 814 321 quibus
839 288 945 310 tamen
969 280 1124 321 reliquiae
1147 279 1209 309 Ec.-

239 324 360 355 010513(-
374 325 614 358 niaiiscraitt⁴²⁸)
638 323 799 352 abductae
822 324 854 352 in
877 321 1008 353 exilium
1027 321 1092 352 late
1116 322 1209 351 dissi-

238 374 332 406 patae
357 372 442 395 sunt.
477 365 527 394 De
547 363 609 394 hoc.
628 374 749 405 genere
773 374 950 404 poenarum
963 363 1106 404 loquitur
1118 362 1210 393 shri-

239 416 309 438 stus
334 408 420 437 loan.
444 407 474 436 5.
507 411 568 443 [vs.
592 407 652 443 144
698 407 747 436 Ne
770 407 887 436 iterum
910 416 1040 446 pecces,
1070 415 1110 435 ne
1134 405 1210 445 quid

239 450 293 479 tihi
327 450 469 479 deterius
498 449 636 478 accidat.
683 448 721 477 Et
753 447 873 478 l’aulus
907 448 933 477 l.
957 447 1033 477 Cor.
1071 446 1120 476 ll.
1147 449 1210 482 ivs.

238 491 301 527 :3:24
326 490 406 520 sum
431 491 620 527 iudicantur,
643 502 660 520 a
675 489 816 520 Domino
842 490 1050 529 corripimur,
1072 498 1114 518 ne
1138 498 1210 518 cum

239 533 300 562 hoc
330 533 448 562 inundo
484 533 683 562 damnemur.
741 532 845 571 Apoc.
876 531 906 561 3.
943 535 1004 567 [vs.
1042 530 1104 569 19.]
1138 529 1210 571 Ego

238 583 321 614 quos
345 574 456 614 diligo.
475 584 578 613 arguo
603 581 631 604 et
658 575 791 612 castigo.

323 616 441 649 Quinta
472 626 605 645 caussa:
652 615 695 645 Ut
720 615 916 645 afflictiones
940 615 1003 644 sint
1026 614 1210 644 testimonia

238 659 418 688 doctrinae.
464 657 532 687 Etsi
567 659 650 687 enim
685 658 824 689 lesaias.
858 657 1028 693 Ieremias,
1062 656 1210 696 Baptista

238 710 301 729 non
327 707 459 739 propter
481 699 659 739 peculiaria
684 699 769 729 facta
793 700 981 739 puniuntur,
1004 704 1111 728 tamen
1136 708 1210 728 sus-

238 743 336 772 tinent
383 743 532 781 ingentes
568 752 740 772 aerumnas
774 747 909 781 propter
942 739 1024 770 alias
1059 750 1210 776 caussas,

237 783 399 820 videlicet,
422 783 575 814 Primum.
600 791 631 813 ut
656 789 841 824 agnoscant
865 784 944 813 iram
962 782 1025 812 Dei
1048 782 1208 812 adversus

238 837 408 857 comnmne
430 832 599 865 peccatum
623 826 755 865 generis
779 825 931 854 humani:
957 824 1083 854 Deinde
1106 824 1210 854 susci-

237 871 327 910 piunt
368 869 541 898 certamina
577 874 712 907 propter
745 865 986 897 confessionem
1028 866 1208 896 doctrinae.

238 911 417 950 Utrumque
441 910 524 938 enim
550 909 750 948 conspicitur
772 909 802 938 in
821 909 986 938 aerumnis
999 906 1104 944 Pauli,
1122 908 1209 948 quod

239 951 389 983 videlicet
409 962 473 981 non
499 951 707 981 circumierat
728 949 943 991 Evangelium
967 951 1102 981 suae50)
1125 948 1209 980 utili-

238 996 314 1025 tatis
333 1000 386 1024 aut
411 992 613 1032 voluptatum
633 1003 765 1028 caussa.
786 993 859 1033 quia
883 998 1016 1032 propter
1029 992 1208 1021 doctrinam

238 1046 374 1077 magnas
409 1036 556 1065 miserias
590 1035 746 1071 sustinet,
781 1045 853 1065 cum
877 1033 999 1074 alioqui
1022 1034 1105 1064 inter
1129 1043 1209 1062 suos

238 1078 377 1109 honesto
400 1076 474 1107 loco
498 1075 672 1117 tranquille
695 1077 806 1107 rivere
829 1083 959 1116 posset3
982 1075 1109 1106 Deinde
1122 1075 1209 1115 quod

238 1130 351 1150 revera
375 1130 414 1149 ac
438 1120 524 1148 serio
548 1119 667 1149 sentiat
688 1129 798 1149 veram
822 1128 896 1148 esse
915 1117 1000 1148 hanc
1017 1118 1209 1149 doctrinam,

237 1172 276 1192 eo
300 1161 481 1197 confirmat,
505 1162 579 1200 quia
603 1167 738 1190 mortem
761 1160 881 1191 mauilt
905 1161 1079 1197 sustinere,
1113 1169 1209 1200 quam

236 1204 378 1233 abiicere
413 1202 650 1242 professionem
684 1202 865 1243 Evangelii.
912 1202 963 1232 De
996 1201 1058 1232 hac
1090 1210 1208 1232 caussa

237 1246 353 1275 dicitur
375 1244 490 1274 Matth.
514 1244 561 1274 16.
588 1248 651 1282 [vs.
676 1245 739 1280 24..
765 1245 827 1278 Qui
853 1244 917 1275 vult
944 1254 994 1274 me
1017 1244 1123 1284 sequi,
1149 1242 1208 1273 tol-

236 1286 279 1317 lat
311 1297 441 1316 crucem
476 1297 566 1316 suam
601 1293 630 1316 et
664 1293 820 1327 sequatur
850 1297 910 1316 me.
956 1286 1048 1316 1312Α
1074 1285 1154 1315 Tim.
1178 1284 1208 1314 ὃ.

236 1331 299 1365 [vs.
327 1329 387 1365 121
420 1330 554 1364 Omnes,
585 1329 638 1368 qui
669 1330 720 1368 pie
744 1327 854 1359 volunt
880 1330 991 1358 vivere
1013 1328 1045 1357 in
1064 1327 1209 1364 Christo,

235 1371 495 1410 persecutionem
514 1371 684 1410 patientur.
710 1369 796 1399 Psal.
824 1371 893 1400 125.
919 1374 980 1406 ivs.
1000 1370 1046 1407 5.]
1071 1369 1134 1403 Qui
1158 1379 1209 1399 se-

236 1413 354 1442 minant
390 1413 421 1441 in
457 1410 615 1447 lacrimis.
650 1413 682 1442 in
716 1411 914 1442 exultatione
941 1417 1073 1442 metent.
1119 1409 1208 1440 Psal.

238 1454 307 1484 115.
332 1457 396 1491 [vs.
423 1454 484 1490 15.!
526 1454 676 1485 Pretiosa
704 1456 735 1484 in
760 1460 941 1494 conspectu
963 1453 1094 1484 Domini
1117 1462 1208 1482 mors

236 1502 422 1526 sanctorum
448 1497 528 1527 eius.

320 1545 434 1575 Sexta:
463 1540 506 1571 Ut
530 1539 727 1570 afflictiones
750 1539 814 1568 sint
838 1537 1056 1568 testimonium
1080 1537 1208 1566 immor-

235 1586 377 1618 talitatis.
424 1583 504 1614 Cum
528 1583 612 1613 enim
636 1581 726 1611 Deus
754 1581 941 1620 promiserit
963 1580 1032 1610 suis
1057 1580 1154 1615 bona,
1177 1584 1208 1607 et

235 1629 288 1659 hic
308 1625 503 1658 horribiliter
527 1635 585 1654 eos
609 1624 745 1664 opprimi
768 1624 809 1652 ab
833 1623 939 1662 impiis
955 1622 1031 1651 sinit
1049 1626 1080 1650 et
1099 1627 1208 1650 tamen

237 1671 356 1711 apertis
381 1667 574 1698 testimoniis
598 1666 795 1703 ostendit51)
830 1675 866 1694 se
889 1664 1075 1704 approbare
1099 1662 1208 1701 Bapti—

237 1719 331 1742 stam.
354 1708 488 1741 Paulum
512 1717 540 1739 01
567 1706 700 1743 similes,
725 1716 864 1736 necesse
887 1712 937 1736 est
962 1711 1088 1735 restare
1111 1703 1207 1734 aliam

239 1755 345 1789 1113111,
369 1754 400 1782 111
421 1761 485 1792 qua
509 1758 665 1780 ornentur
685 1750 778 1779 bonis
800 1748 949 1788 Baptista
974 1753 1005 1777 et
1027 1745 1150 1776 Paulus
1176 1752 1206 1776 et

237 1796 411 1835 puniantur
443 1800 576 1833 propter
608 1791 669 1821 hos
704 1798 840 1820 necatos
870 1790 1019 1820 Herodes
1053 1794 1084 1818 et
1107 1789 1207 1818 Nero.

240 1838 314 1868 ldeo
334 1836 434 1876 inquit
459 1834 575 1865 Petrus
601 1835 644 1871 ll.
668 1844 720 1873 ep.
743 1834 773 1869 4,
789 1833 867 1871 17.]:
887 1833 921 1862 Si
941 1837 1049 1861 autem
1071 1831 1207 1871 primum

238 1890 257 1909 a
279 1879 373 1908 nobis
396 1878 505 1916 incipit
530 1877 692 1911 iudicium,
727 1875 799 1915 quis
825 1875 884 1904 erit
909 1873 982 1903 finis
1007 1883 1130 1909 eomm,
1154 1872 1208 1912 qui

239 1927 418 1960 repugnant
443 1917 647 1958 Evangelio?

323 1963 486 2001 Septima:
520 1960 562 1990 Ut
595 1958 773 1989 efficiamur
805 1957 929 1988 similes
965 1957 1113 1998 imaginis
1137 1954 1207 1986 Filii

238 2003 318 2035 Dei.
351 2010 385 2034 ut
419 2003 512 2033 Rom.
537 2002 568 2032 8.
599 2004 662 2038 115.
693 2001 759 2038 29.]
785 2001 911 2031 dicitur.
962 1999 1002 2029 Et
1030 2000 1102 2038 ipse
1131 1997 1231 2029 dicit!

238 2045 367 2083 [Matth.
394 2046 443 2080 lt).
466 2045 551 2081 ⁶244:
597 2043 670 2073 Non
705 2050 754 2072 est
780 2041 960 2082 discipulus
984 2042 1086 2071 maior
1108 2040 1207 2080 magi·

238 2095 317 2117 stro.
363 2086 514 2117 Christus
543 2086 639 2116 subiit
663 2095 800 2124 poenam
825 2090 856 2114 et
878 2094 1052 2114 aerumnas
1074 2088 1208 2122 propter
1228 2091 1230 2103 ⁴

238 2136 352 2159 nostra
384 2134 530 2168 peccata,
554 2127 660 2158 factus
683 2138 743 2166 pro
768 2128 862 2157 nobis
886 2126 1034 2162 victima,
1065 2123 1207 2165 placavit

238 2173 318 2202 iram
328 2173 374 2211 ⁵²)
399 2171 471 2208 Dei,
494 2176 527 2201 ut
551 2170 756 2210 recipiamur,
779 2179 965 2209 quanquam
986 2167 1125 2208 indigni3
1148 2165 1207 2196 sed

238 2299 284 2327 49)
305 2297 462 2327 manseram]
494 2297 566 2322 Editt.
589 2297 626 2320 18.
646 2298 685 2319 20.
707 2297 745 2320 22.
765 2296 881 2320 24-31..
909 2296 981 2324 corp.
1003 2295 1084 2323 1—8.,
1103 2294 1162 2323 opp.
1183 2293 1205 2315 1.

307 2332 329 2355 2.
348 2335 497 2355 manserunt

239 2382 284 2410 50)
305 2387 366 2405 suae
386 2381 464 2406 abest
482 2381 517 2405 ab
535 2380 607 2404 Editt.
628 2382 651 2403 1.
672 2381 696 2402 3.

239 2432 283 2459 51)
304 2432 361 2456 sinit
381 2450 385 2455 .
406 2449 410 2453 .
430 2450 434 2455 .
453 2431 574 2459 ostendit]
611 2430 681 2455 Editt.
701 2431 740 2453 26.
761 2430 815 2457 217.,

307 2464 425 2489 ostendat

239 2515 283 2543 52)
304 2515 409 2544 placavit
420 2513 493 2543 iram]
514 2513 584 2538 Editt.
608 2514 694 2535 1⁴14.
719 2514 754 2535 19.
775 2514 881 2543 placavit
900 2513 970 2537 nobis
989 2513 1050 2537 iram

847 2430 1003 2460 Corp.1—
1022 2424 1229 2454 8.5111111..,ἐ

863 106 973 137 ΡΗῙΙ..
997 105 1097 136 MEL.
1121 104 1307 136 SCRlPTA
1324 103 1597 136 DOGMATICA.

2159 104 2222 136 940

1254 198 1329 237 quia
1363 196 1554 235 recipimur,
1588 202 1623 225 ut.
1656 196 1758 226 simus
1792 194 1952 226 haeredes
1986 196 2055 226 eius
2083 195 2221 236 gloriae,

1255 249 1348 279 qumn
1379 238 1491 268 meruit
1516 236 1686 273 Christus,
1720 243 1849 276 oportet
1881 238 1971 277 prius
2005 236 2068 267 hoc
2102 247 2221 276 corpus

1254 280 1380 320 peccati
1404 279 1538 312 destrui,
1563 285 1597 308 ut
1619 278 1713 308 Rom.
1736 279 1767 308 6.
1792 281 1854 315 Ιν5.
1872 280 1916 316 (1.1
1941 279 2073 309 dicitur:
2119 278 2221 308 Vetus

1255 328 1368 352 noster
1401 321 1498 351 homo
1533 319 1628 350 sitnul
1661 319 1839 351 crucifixus
1872 326 1940 356 est,
1968 325 2002 350 ut
2036 321 2222 351 destruatur

1257 374 1377 403 corpus
1401 363 1538 403 peccati.

1341 405 1484 435 Octava:
1526 404 1630 434 Etiam
1652 405 1684 434 in
1707 402 1782 440 illis,
1804 404 1836 434 in
1859 405 1977 444 quibus
2001 414 2066 434 non
2088 405 2223 443 puniun-

1256 453 1308 477 tur
1327 445 1504 486 peculiaria
1526 445 1613 476 facta
1635 447 1776 482 atrocia,
1810 452 1860 476 est
1882 452 1989 475 tamen
2012 446 2145 476 interior
2167 446 2223 476 im-

1256 489 1450 525 11111111111105,
1484 489 1667 524 securitas,
1697 488 1865 518 admiratio
1899 488 1972 524 sui,
2005 488 2222 518 dubitationes

1255 529 1385 560 multae.
1431 530 1519 561 Haec
1542 529 1627 560 mala
1651 530 1862 560 emendantur
1883 529 1914 559 in
1938 539 2037 560 cruce
2060 536 2092 559 et
2107 539 2223 560 caven-

1255 578 1307 602 tur
1328 571 1426 602 futuri
1450 571 1575 611 lapsus,
1598 578 1632 602 ut
1655 572 1685 602 2.
1710 571 1787 601 Cor.
1810 572 1837 600 1.
1862 574 1924 609 [vs.
1938 571 1981 609 9.]
2006 572 2139 602 dicitur:
2162 571 2224 602 Re-

1255 624 1413 654 sponsum
1436 615 1548 644 mortis
1570 615 1602 644 in
1625 615 1720 644 nobis
1743 612 1932 650 habuimus.
1955 623 1996 644 ne
2013 623 2085 644 mea
2107 614 2225 644 virtute

1256 656 1463 686 confiderem.
1508 655 1549 685 Et
1581 656 1622 685 ad
1656 655 1740 686 hanc
1775 665 1928 686 caussam
1962 655 2060 686 multa
2082 656 2171 686 dicta
2193 661 2225 686 et

1256 696 1404 737 exempla
1438 698 1611 737 pertinent.
1655 697 1734 728 Vult
1765 694 1849 728 enim
1884 697 1974 728 Deus
2007 699 2039 727 in
2074 698 2224 728 omnibus

1256 741 1379 770 sanctis
1415 749 1567 769 crescere
1590 740 1819 779 poenitentiam
1843 747 1873 770 et
1898 741 1994 770 dona.
2038 739 2069 769 ⁶2.
2093 739 2170 770 Cor.
2192 739 2223 769 4.

1257 785 1318 819 [vs.
1340 781 1402 819 164
1427 781 1497 811 Etsi
1519 787 1633 811 noster
1654 780 1752 811 homo
1776 783 1917 812 exterior
1931 782 2224 821 corrumpitur3ta-

1256 834 1329 854 men
1351 824 1486 853 interior
1509 829 1684 854 renovatur
1707 824 1858 863 quotidie.
1904 823 2002 853 Prov.
2025 823 2056 853 3.
2080 826 2143 860 ivs.
2159 822 2224 861 12]

1256 865 1360 900 Quem
1383 864 1485 906 diligit
1508 864 1680 901 Dominus,
1704 866 1847 905 corripit.
1882 865 1981 895 Hebr.
2007 865 2056 895 12.
2091 868 2154 901 [vs.
2176 864 2223 902 6.]

1256 906 1417 949 Flagellat
1453 917 1580 937 omnem
1613 906 1723 944 filium,
1757 918 1851 947 quem
1886 908 2008 947 recipit.
2031 908 2078 947 ⁶3)
2133 904 2224 936 Psal.

1258 949 1328 980 118.
1353 952 1416 987 [vs.
1440 949 1504 986 714
1538 949 1665 979 Bonum
1689 948 1774 985 1111111,
1799 949 1885 989 quod
1908 947 2083 979 humiliasti
2105 958 2168 986 me,
2190 954 2226 980 ut

1255 992 1378 1022 discam
1402 990 1645 1022 iustificationes
1668 997 1752 1021 tuas.
1797 991 1857 1021 les.
1880 991 1932 1022 28.
1957 993 2018 1027 ivs.
2034 990 2096 1028 la]
2119 989 2225 1021 Vexa-

1256 1035 1300 1063 tio
1323 1034 1379 1063 dat
1401 1032 1612 1063 intellectum.
1647 1033 1742 1063 ltem:
1768 1033 1864 1068 Quod
1883 1033 2012 1063 docebit
2035 1032 2226 1063 scientiam?

1255 1075 1448 1106 Ablactatos
1473 1086 1492 1105 a
1514 1074 1618 1107 lacte..
1653 1074 1789 1106 avulsos
1812 1076 1853 1105 ab
1877 1075 2043 1105 uberibus.
2087 1073 2149 1105 les.
2171 1073 2224 1104 26.

1256 1121 1320 1156 [vs.
1343 1118 1405 1155 16.]
1430 1117 1580 1154 Domine,
1602 1119 1634 1147 in
1658 1116 1867 1147 tribulatione
1891 1117 2023 1147 visitant
2050 1122 2101 1153 te;
2123 1125 2225 1157 angu-

1255 1161 1330 1196 5113,
1353 1161 1385 1189 111
1409 1169 1472 1200 qua
1497 1158 1628 1196 clamat,
1652 1158 1823 1199 disciplina
1846 1165 1897 1189 est
1919 1159 1977 1189 eis.

1341 1202 1451 1231 Nona:
1475 1201 1519 1231 Ut
1541 1207 1695 1241 appareat
1720 1206 1855 1231 sanctos
1874 1202 2059 1231 universam
2072 1200 2224 1230 obedien-

1255 1244 1330 1274 tiam
1365 1249 1534 1283 praestare
1562 1254 1626 1273 non
1650 1244 1825 1273 ambitione
1847 1249 1902 1273 aut
1925 1248 2047 1273 tantum
2070 1249 2224 1282 praesen-

1254 1286 1332 1316 tium
1355 1284 1527 1315 utilitatum
1551 1283 1729 1324 aliquarum
1753 1294 1885 1320 caussa,
1908 1285 1967 1314 sed
1990 1282 2222 1323 principaliter,

1253 1334 1288 1358 ut
1312 1326 1385 1357 Deo
1416 1328 1561 1357 serviant
1594 1332 1626 1356 et
1647 1327 1753 1366 ipsum
1784 1325 1969 1363 celebrent,
2002 1331 2038 1356 ut
2060 1323 2147 1355 Psal.
2171 1323 2222 1354 43.

1256 1373 1319 1406 [vs.
1346 1369 1409 1406 lsi
1434 1368 1523 1398 Haec
1547 1369 1655 1398 onmia
1677 1373 1836 1398 venerunt
1859 1378 1958 1407 super
1979 1376 2145 1403 nos‚<nec
2168 1367 2223 1397 ob-

1254 1410 1300 1440 liti
1324 1420 1436 1440 sumus
1460 1417 1492 1440 te
1516 1415 1577 1439 etc.

1339 1451 1492 1482 Decima:
1527 1451 1570 1480 Ut
1599 1456 1757 1491 appareat
1780 1449 1963 1481 Ecclesiam
1986 1461 2052 1481 non
2075 1450 2223 1481 humanis

1254 1493 1400 1524 consiliis
1423 1500 1454 1524 et
1476 1493 1665 1532 praesidiis,
1683 1493 1742 1522 sed
1765 1494 1806 1523 ab
1830 1493 1904 1533 ipso
1928 1492 2009 1523 Filio
2032 1492 2096 1523 Dei
2119 1493 2224 1532 capite

1253 1535 1425 1567 Ecclesiae
1459 1546 1498 1565 30
1527 1536 1610 1565 duce
1633 1535 1740 1564 divina
1764 1536 1908 1574 potentia
1932 1534 2060 1576 colligi,
2095 1533 2223 1565 defendi

1254 1586 1286 1608 et
1320 1578 1462 1614 servari,
1496 1583 1528 1607 et
1550 1582 1584 1607 ut
1608 1578 1638 1607 in
1661 1582 1774 1607 nostra
1796 1576 1979 1607 infirmitate
2001 1577 2223 1616 conspiciatur

1253 1621 1439 1660 praesentia
1463 1625 1493 1649 et
1515 1620 1660 1658 potentia
1683 1617 1801 1648 Christi
1824 1619 2060 1659 propag-nantis
2081 1628 2145 1649 nos
2164 1619 2222 1649 ›ad-

1254 1672 1371 1693 versus
1405 1660 1620 1692 Diabolorum
1665 1666 1694 1690 et
1730 1660 1956 1701 Tyrannorum
1999 1660 2140 1692 furores.
2190 1660 2221 1690 2.

1253 1704 1330 1735 Cor.
1365 1705 1395 1733 4.
1420 1705 1484 1742 [vs.
1510 1704 1554 1740 7.]
1575 1701 1841 1733 Circuinlerimus
1865 1702 2057 1733 thesaurum
2078 1701 2166 1733 hunc
2187 1703 2220 1732 in

1254 1747 1343 1777 vasis
1367 1746 1534 1781 testaceis,
1556 1751 1590 1774 ut
1610 1743 1803 1774 excellentia
1827 1746 1990 1784 potentiae
2011 1745 2054 1774 sit
2075 1743 2156 1780 Dei,
2189 1749 2221 1774 et

1253 1799 1318 1818 non
1343 1798 1383 1818 ex
1405 1788 1511 1818 nobis.
1556 1786 1645 1816 Psal.
1672 1786 1721 1816 19.
1745 1790 1808 1823 [vs.
1828 1786 1871 1823 8.1
1896 1785 1944 1816 llli
1967 1787 1998 1816 in
2017 1787 2167 1817 curribus
2189 1792 2220 1816 et

1253 1832 1284 1860 in
1309 1831 1413 1870 equis,
1448 1839 1511 1859 nos
1535 1835 1641 1858 autem
1664 1830 1694 1858 in
1718 1829 1847 1858 nomine
1869 1828 2000 1858 Domini
2022 1827 2085 1858 Dei
2105 1828 2220 1858 nostri.

1253 1871 1342 1902 Psal.
1366 1872 1414 1902 43.
1442 1872 1564 1909 [vs.*2.]
1599 1869 1703 1906 Deus,
1726 1871 1859 1901 auribus
1883 1871 2004 1900 nostris
2027 1870 2220 1906 audivimus,

1252 1920 1283 1944 et
1312 1920 1422 1954 patres
1453 1914 1554 1943 nostri
1588 1913 1859 1942 adnuntiaverunt
1893 1913 1987 1942 nobis
2015 1921 2109 1951 opus,
2132 1912 2220 1952 quod

1253 1962 1408 1995 operatus
1443 1965 1480 1985 es
1510 1956 1540 1985 in
1577 1955 1690 1984 diebus
1713 1964 1836 1990 eorum,
1860 1955 1891 1983 in
1926 1954 2039 1984 diebus
2062 1954 2220 1994 antiquis;

1252 1998 1369 2028 Manus
1393 2004 1448 2028 tua
1470 2003 1585 2038 gentes
1608 1996 1807 2035 disperdidit.
1827 2002 1856 2026 et
1880 1994 2033 2036 plantasti
2051 2005 2120 2026 eos.
2150 1995 2219 2025 Nec

1253 2041 1335 2070 enim
1359 2038 1467 2080 gladio
1491 2050 1551 2069 suo
1573 2038 1797 2078 acquisierunt
1807 2039 1853 2077 ⁵⁴)
1877 2044 2015 2074 terram,
2039 2042 2071 2067 et
2094 2036 2219 2067 brachi·

1251 2093 1305 2113 um
1324 2092 1436 2112 eorum
1459 2091 1523 2111 non
1547 2078 1685 2110 salvavit
1709 2089 1780 2116 eos,
1804 2081 1864 2109 sed
1887 2081 2002 2109 dextra
2024 2085 2078 2110 tua
2101 2079 2218 2110 011113-

1253 2123 1359 2154 chium
1383 2129 1471 2153 tuum
1495 2130 1524 2153 et
1548 2121 1737 2152 illuminatio
1762 2120 1870 2152 vultus
1894 2122 1937 2152 tui
1962 2128 2024 2152 etc.
2059 2121 2147 2151 loan.
2168 2120 2216 2151 15.

1253 2169 1316 2203 [vs.
1341 2166 1384 2203 5.l
1431 2165 1508 2195 Sine
1537 2174 1588 2195 me
1610 2162 1689 2193 nihil
1711 2165 1850 2203 potestis
1872 2162 1992 2194 facere.
2040 2164 2068 2194 l.
2092 2162 2168 2194 Cor.
2189 2162 2217 2192 1.

1253 2207 1393 2245 {vs.3l.]
1418 2207 1480 2242 Qui
1504 2206 1672 2247 gloriatur,
1697 2206 1727 2235 in
1752 2205 1893 2236 Domino
1917 2204 2084 2246 glorietur.
2108 2204 2217 2235 oseae

1254 2250 1302 2280 13.
1328 2253 1391 2288 [vs.
1404 2249 1448 2287 9.]
1472 2248 1615 2279 Perditio
1640 2254 1693 2277 tua
1717 2253 1778 2283 est,
1801 2246 1916 2285 lsrael,
1940 2247 2162 2278 tantummodo
2185 2246 2216 2276 in

1251 2302 1302 2323 me
1324 2291 1477 2322 auxilium
1500 2297 1597 2321 tuum.
1644 2289 1704 2320 les.
1728 2289 1779 2319 46.
1804 2293 1886 2328 [vss.
1910 2290 1930 2320 3
1953 2293 2016 2330 sq.)
2057 2289 2119 2323 Qui
2142 2298 2216 2328 por-

1251 2335 1361 2365 tamini
1396 2334 1426 2363 in
1461 2338 1552 2362 utero
1586 2341 1668 2368 meo,
1702 2333 1755 2372 qui
1789 2333 1958 2373 gestamini
1980 2333 2012 2362 in
2035 2341 2107 2361 mea
2129 2329 2216 2366 alvo,

1227 2462 1228 2472 ¹
1250 2460 1295 2488 53)
1315 2459 1423 2489 recipit-1
1443 2459 1513 2483 Editt.
1533 2459 1574 2481 22.
1594 2459 1633 2481 ⁴24.
1653 2459 1692 2482 28.
1713 2458 1753 2481 29.
1772 2458 1888 2487 31—34.‚
1907 2458 1965 2488 Opp.
1986 2458 2007 2482 l.
2026 2458 2050 2480 2.
2069 2457 2171 2487 recepit.

1249 2511 1295 2540 54)
1314 2509 1494 2539 acquisierunt]
1516 2509 1587 2533 Editt.
1607 2509 1648 2531 24.
1669 2508 1785 2537 28—34.,
1804 2508 1863 2538 opp.
1886 2509 1905 2532 1.
1924 2508 1945 2532 2.
1964 2508 2147 2538 acquisiverunt
