2358 2933
231 122 291 153 547

233 215 320 245 idem
344 214 376 244 tit
401 214 431 243 in
456 212 527 243 aliis
551 213 735 253 insignibus
759 211 902 253 flagitiis.
948 211 1040 242 Deus
1065 212 1150 242 enim
1174 212 1205 242 in

232 256 352 287 mundo
371 254 497 285 civilem
515 255 667 284 iustitiam
686 259 873 290 conservat,
896 254 939 283 ita
959 259 992 283 ut
1011 252 1206 294 regulariter

233 299 341 338 puntiat
372 299 402 327 in
432 297 492 327 liar
525 297 587 326 vita
616 306 694 332 805,
724 296 777 336 qui
806 294 934 326 civilem
955 296 1112 326 iustitiam
1135 296 1204 326 vio-

232 339 316 371 lant:
348 341 429 370 sit-ut
461 337 654 379 regulariter
677 336 758 368 alias
782 338 813 368 in
836 337 958 375 hieme,
990 336 1074 369 alias
1096 338 1129 368 in
1151 348 1205 368 ae-

232 390 314 412 state
345 387 557 421 tempestates
588 378 699 410 efficit.
745 379 902 414 Quamvis
933 380 1031 420 igitur
1060 381 1142 412 ut50)
1172 380 1205 410 in

233 424 480 463 tempestatibus
503 421 623 462 aliquid
647 429 737 452 extra
757 420 904 462 regulam
924 421 1085 452 interdum
1104 432 1204 453 secus

231 465 306 496 facit
337 473 365 495 et
397 474 520 495 arcano
551 462 688 495 consilio
718 463 822 494 differt
847 474 972 503 poenas
997 469 1027 494 et
1049 464 1204 504 praemia,

232 515 338 538 tamen
353 505 466 547 regula
480 507 646 537 noscenda
660 513 720 544 est,
735 506 821 547 quod
830 505 922 537 Deus
936 506 975 536 sit
990 513 1205 537 conservator

231 550 371 580 iustitiae
395 547 499 579 civilis
523 549 555 578 in
573 549 706 585 mundo,
730 556 761 579 ut
781 558 912 589 semper
930 549 1062 579 timeant
1078 558 1204 588 poenas

232 592 357 628 iniusti,
386 601 448 621 nec
478 592 661 621 existiment
692 601 729 621 se
758 601 896 630 poenam
926 599 1086 621 evasuros
1115 600 1204 628 esse,

231 634 355 664 etiamsi
379 634 517 664 viderint
539 643 637 663 unum
664 640 761 674 atque
779 632 920 664 alterum
939 633 1106 668 evasisse;
1130 633 1205 673 quia

231 675 344 718 regula
366 673 580 706 anteferenda
604 682 652 705 est
679 676 763 705 raris
787 674 956 715 exemplis.

316 718 350 748 ln
382 717 466 748 lianc
494 718 686 748 sententiam
717 718 911 759 gravissime
936 716 1111 757 respondet
1137 716 1205 747 Iso-

232 768 340 791 crates
370 759 438 790 his.
469 760 523 800 qui
553 766 688 800 propter
711 770 815 799 pauca
840 757 988 800 exempla
1012 766 1144 798 sperant
1167 768 1205 789 se

231 803 452 842 impunitatem
475 802 647 832 habituros
671 812 745 832 esse
765 811 899 832 suorum
918 799 1092 831 scelerum.
1124 800 1205 837 Etsi,

232 846 341 886 inquit,
364 843 446 874 haec
469 854 534 874 non
552 853 683 883 semper
700 844 865 880 accidunt,
889 850 998 873 tamen
1012 841 1206 883 plerumque

230 887 282 917 hic
307 885 391 916 solet
417 887 524 916 exitus
548 896 634 916 esse.
672 885 755 916 Cum
777 892 885 916 autem
908 884 1052 916 futurum
1075 894 1205 925 semper

231 931 269 959 sit
300 930 473 965 incertum,
507 928 676 967 prudentis
711 934 759 957 est
795 933 949 967 spectare
981 925 1061 957 illud
1082 927 1204 966 potius,

231 971 318 1012 quod
341 971 473 1011 saepius
497 970 660 1001 conducit.
706 969 746 1000 Et
771 980 843 1001 cum
866 967 1029 1010 intelligas
1052 969 1206 1000 iustitiam

230 1013 304 1044 Deo
334 1014 435 1053 magis
459 1011 608 1053 placere,
639 1011 867 1043 stultissimum
890 1010 985 1043 fuerit
1009 1012 1205 1048 existimare,

230 1057 261 1086 in
292 1056 456 1086 deteriore
488 1055 618 1085 fortuna
647 1056 750 1085 iustos
780 1053 908 1085 futuros
936 1064 1012 1085 esse
1040 1064 1137 1094 quam
1159 1054 1206 1083 in-

230 1099 345 1129 iustos.

316 1139 426 1170 Verba
469 1140 538 1170 eius
580 1146 655 1169 sunt
689 1139 773 1169 haec
805 1140 837 1169 in
871 1139 1019 1169 oratione
1052 1138 1092 1169 de
1125 1147 1207 1178 pace

233 1185 275 1220 [ᾖ.
295 1182 346 1213 35.
372 1182 423 1212 etl.
448 1181 570 1219 Bekk.1
595 1184 645 1211 καὶ
667 1181 745 1211 ταῦτ’
768 1183 794 1211 εἰ
815 1181 855 1219 μὴ
877 1180 952 1211 κατὰ
975 1180 1093 1210 πάντων
1117 1178 1207 1215 οὕτως

230 1227 363 1256 εἴθισται
375 1226 555 1263 συμβαίνειν,
579 1223 657 1253 ἀλλὰ
670 1224 729 1262 τόγ’
743 1224 784 1259 ὠς
801 1226 849 1254 ἐπὶ
862 1223 894 1252 τὸ
912 1223 988 1253 πολὺ
1000 1224 1097 1252 τοῦτον
1116 1227 1207 1260 γίγνε-

231 1280 278 1297 ται
311 1267 359 1296 τὸν
393 1267 507 1306 τρόπον.
552 1266 607 1306 χρη
635 1266 666 1296 δὲ
688 1266 753 1301 τοὺς
785 1265 1008 1306 εὐφρονοῦντας,
1042 1264 1141 1301 ἐπειδὴ
1174 1263 1208 1294 τὸ

230 1312 338 1348 μέλλον
358 1309 404 1338 αἐὶ
426 1313 569 1338 συνοίσειν
588 1309 619 1338 ου’
641 1309 832 1348 καθορῶμεν,
855 1308 888 1337 τὸ
911 1308 1053 1342 πολλάκις
1076 1306 1207 1346 ὠφελοῦν

231 1353 312 1381 τοῦτο
341 1354 506 1391 φαίνεσθαι
535 1355 795 1391 προαιρουμένους,
826 1351 944 1380 πάντων
967 1349 998 1380 δὲ
1022 1348 1206 1387 ἀλογώτατον

230 1394 418 1424 πεπόνθασιν
441 1391 503 1423 ὅσοι
526 1394 647 1423 κάλλιον
668 1397 721 1430 μεν
744 1392 921 1430 ἐπιτήδευμα
944 1393 1109 1430 νομίζουσιν
1131 1390 1207 1421 εἶναι

230 1439 281 1466 καὶ
303 1438 529 1476 θεοφιλέστερον
552 1435 601 1473 την
624 1435 807 1472 δικαιοσύνην
830 1436 879 1472 τῆς
901 1434 1031 1471 ἀδικίας,
1054 1438 1150 1474 χεῖρον
1174 1432 1205 1463 δὲ

231 1480 339 1508 οἴονται
357 1479 527 1517 βιώσεσθαι
546 1478 610 1513 τους
628 1478 716 1515 ταύτῃ
733 1481 900 1518 χρωμένους
919 1478 976 1506 τῶν
995 1476 1044 1513 την
1066 1479 1206 1514 πονηρίαν

231 1525 445 1560 προῃρημένων.

316 1562 426 1593 Tertio
450 1563 580 1603 signum
599 1561 804 1593 manifestum
823 1569 872 1592 est
893 1562 923 1591 in
947 1561 1090 1601 imperiis
1112 1570 1205 1600 prae-

231 1606 354 1636 sentiae
378 1605 451 1642 Dei,
475 1605 562 1646 quod
585 1603 673 1635 nulla
694 1605 827 1644 imperia
847 1604 1000 1634 constitui
1024 1609 1080 1633 aut
1103 1602 1205 1632 teneri

231 1655 368 1688 possunt
392 1648 463 1677 sine
486 1647 626 1677 heroicis
646 1648 735 1683 111-15,
759 1656 896 1687 quorum
920 1646 1024 1676 virtus
1048 1651 1078 1675 et
1102 1643 1204 1675 fortu-

231 1702 272 1720 na
296 1691 366 1720 sine
390 1689 457 1720 ulla
482 1690 682 1720 dubitatione
705 1696 778 1720 sunt
802 1686 1004 1718 admirabilia
1018 1697 1117 1728 opera
1135 1687 1202 1717 .÷=ei.

232 1733 331 1773 idque
361 1742 491 1772 semper
518 1733 667 1762 videmnt
695 1732 861 1771 sapientes
885 1731 945 1760 viri
968 1731 1000 1760 in
1025 1727 1203 1770 republica.

229 1776 320 1805 stent
334 1773 426 1804 Plato
440 1775 470 1805 4.
491 1775 531 1805 de
550 1773 681 1815 legibus
706 1777 751 1814 [p.
766 1773 878 1804 7131).
892 1772 930 1803 Ε.
944 1773 995 1803 ed.
1009 1772 1048 1802 H.
1074 1771 1202 1811 Steph.]

229 1818 346 1858 inquit:
392 1817 673 1851 Quemadmodum
709 1817 812 1846 boves
841 1826 906 1845 non
936 1824 955 1845 a
986 1815 1109 1851 bobus,
1142 1824 1203 1844 1188

230 1870 350 1899 caprae
377 1870 396 1889 a
421 1860 528 1899 capris
552 1865 726 1900 reguntur,
758 1859 817 1888 sed
845 1868 865 1887 a
887 1857 1126 1898 praestantiore
1149 1866 1204 1886 na-

230 1909 313 1939 tura,
337 1901 487 1932 videlicet
512 1912 531 1931 a
551 1902 662 1931 nobis:
686 1901 740 1931 Sic
758 1906 873 1930 natura
889 1899 1029 1930 humana
1049 1898 1204 1929 infirmior

230 1951 293 1981 851,
318 1954 413 1984 quam
437 1950 469 1974 ut
492 1953 529 1973 se
552 1945 655 1983 ipsam
680 1952 795 1983 regere
818 1943 933 1982 possit.
980 1942 1089 1976 Quare
1111 1940 1204 1971 Deus

230 1986 387 2027 praefer-it
412 1987 599 2016 civitatibus
623 1996 687 2016 non
710 1985 874 2021 homines,
903 1985 960 2015 sed
983 1984 1204 2024 praestantius

229 2035 259 2059 et
281 2029 417 2059 divinius
433 2030 478 2066 ⁵¹)
500 2029 662 2069 quoddam
683 2038 799 2069 genus.
822 2027 941 2057 heroas
965 2025 1126 2063 videlicet,
1149 2026 1203 2066 qui

230 2078 285 2097 cum
307 2073 416 2096 habeant
437 2073 482 2102 ipsi
502 2077 639 2102 prosperos
658 2077 809 2096 successus.
828 2071 900 2096 nobis
919 2076 1018 2101 quoque
1038 2070 1143 2100 imperia
1163 2074 1205 2093 80-

231 2121 286 2140 rum
313 2119 384 2144 grata
411 2118 435 2138 et
462 2115 544 2139 sat-ilia
570 2117 636 2139 sunt.
674 2114 701 2138 Hi
728 2114 760 2138 ita
780 2116 868 2138 curant
887 2119 947 2139 nos,
973 2110 1046 2142 11152)
1079 2112 1204 2142 pacem,

231 2148 399 2188 pudorem,
416 2146 613 2184 libertatem,
635 2147 787 2177 iustitiam
801 2151 1009 2177 conservent.
1044 2144 1085 2175 Et.
1097 2144 1203 2175 addit:

231 2190 353 2220 Verum
376 2197 424 2219 851
449 2190 581 2226 dictum,
604 2190 659 2219 ubi
683 2199 747 2219 non
768 2189 873 2225 Deus,
897 2188 956 2218 sed
980 2185 1126 2218 mortalis
1149 2185 1204 2217 ali-

231 2233 304 2273 quis
329 2233 520 2269 dominatur,
545 2233 586 2262 ibi
605 2230 764 2261 malorum!
783 2238 815 2260 et
833 2240 1064 2261 aerumnarum
1082 2227 1204 2260 nullum

232 2285 308 2305 esse
322 2276 367 2307 ⁵³>
391 2274 550 2315 effugium.

232 2395 276 2421 50)
297 2398 321 2418 ut
342 2392 453 2417 addunt
472 2393 545 2417 Editt.
566 2394 588 2415 8.
612 2391 715 2415 1ιὴ-13.
735 2396 761 2416 et
779 2392 838 2422 Opp.

233 2445 278 2472 51)
299 2444 417 2473 divinius]
437 2443 477 2467 Ed.
500 2445 536 2467 11.
557 2448 605 2473 typ.
625 2449 724 2467 errore:
743 2442 862 2466 fininitus

233 2495 279 2524 52)
299 2494 475 2519 (Ἧι-[1113118301
487 2508 508 2510 e
530 2499 626 2519 —nos.
645 2496 671 2517 ut
682 2491 794 2516 addunt
810 2492 882 2517 Editt.
901 2492 924 2514 ἵ.
944 2492 967 2515 8.
980 2491 1086 2514 11-14.
1103 2494 1127 2516 81
1145 2491 1205 2521 opp.

233 2547 279 2575 53)
300 2544 369 2574 esse]
389 2545 429 2569 Ed.
452 2545 486 2568 tt.
507 2549 529 2568 et
551 2544 624 2573 Opp.:
644 2547 683 2567 est

859 119 968 150 PHlL.
992 119 1092 150 MEL.
1117 117 1302 150 SCRIPTA
1323 118 1597 151 DoGMA'rch.

2159 125 2224 159 548

1336 211 1448 243 Verba
1465 211 1611 243 Platonis
1635 212 1719 243 llaec
1741 220 1831 244 sunt:
1855 212 1915 244 οἷον
1939 216 1985 244 νῦν
2005 214 2086 253 ἡμεῖς
2103 215 2221 258 δρῶμεν

1247 258 1308 289 τοῖς
1337 258 1509 299 ποιμνίοις,-
1529 257 1579 284 καὶ
1607 252 1684 285 ὅσων
1710 251 1815 296 ἠ’μεροί
1840 257 1913 287 εἰσιν
1942 256 2063 295 ἀγέλαι,
2099 257 2132 288 οὔ
2153 260 2222 309 βοῦς

1247 297 1342 336 βοῶν,
1376 296 1441 327 οὐδὲ
1476 301 1562 334 αἶγας
1595 297 1747 335 αἰγοῗνΜ)
1786 297 1928 337 ἄρχοντας
1960 300 2098 337 ποιοῦμεν
2125 305 2222 338 αυτοῖς

1247 350 1343 375 τινας,
1377 337 1443 368 ἀλλ’
1474 339 1557 376 ἡμεῖς
1588 338 1682 369 αὐτῶν
1705 338 1886 378 δεσπόζομεν
1908 340 2025 379 ἄμεινον
2047 344 2164 373 ἐκείνων
2178 344 2222 382 ⁵⁵)

1248 384 1337 418 γένος.
1372 380 1475 411 ταύτὸν
1503 380 1560 420 ἄρα
1589 383 1639 410 καὶ
1669 381 1683 410 ὃ
1706 380 1778 417 θεὸς
1806 381 1841 419 δη“
1869 385 1920 412 καὶ
1941 383 2157 425 φιλάνθρωπος
2179 382 2222 416 ὢν

1247 422 1281 452 τὸ
1309 426 1388 461 γένος
1410 422 1527 461 ἄμεινον
1550 423 1631 461 ἡμῶν
1651 426 1771 463 ἐφίστη,
1802 423 1834 454 τὸ
1856 425 1914 454 τῶν
1936 424 2102 465 δαιμόνων,
2132 425 2148 457 ὃ
2169 426 2222 457 διὰ

1247 466 1358 502 πολλῆς
1384 468 1438 503 μὲν
1467 464 1564 501 αὐτοῖς
1592 465 1758 509 ῥᾳστώνης,
1786 468 1896 504 πολλῆς
1919 466 1951 498 δὲ
1974 466 2041 505 ἡμῖν
2068 469 2219 507 ἐπιμελού-

1246 518 1332 545 μενον
1354 507 1446 545 ἡμῶν,
1470 508 1581 548 εἰρήνην
1604 520 1633 538 ιε
1655 510 1706 537 καὶ
1729 506 1823 546 αἰδῶ,
1853 511 2024 549 ἐλευθερίαν
2045 512 2096 540 καὶ
2123 511 2221 551 ἀφθο-

1248 553 1311 579 νίαν
1345 548 1427 586 δίκης
1456 550 1655 590 παρεχόμενον
1684 549 1870 581 ἀστασίαστα
1903 553 1954 581 καὶ
1988 551 2147 591 εὐδαίμονα
2185 553 2222 583 τὰ

1247 590 1306 621 τῶν
1329 590 1501 630 ἀνθρώπων
1523 591 1714 632 ἀπειργάζετο
1734 596 1808 630 γένη.
1839 595 1916 631 λέγει
1939 592 1974 630 δὴ
1996 596 2045 623 καὶ
2065 595 2112 624 νῦν
2129 592 2221 631 οὓτως

1250 632 1265 662 ὁ
1288 633 1372 671 λόγος
1395 633 1523 676 ἀληθείᾳ
1545 634 1695 675 χρώμενος
1718 634 1759 670 ὠς
1782 633 1859 666 ὅσιον
1878 632 1913 665 ἂν
1931 636 2048 666 πόλεων
2073 636 2115 674 μὴ
2136 636 2221 675 θεὸς,

1248 674 1326 725 αζλλᾰ
1344 687 1388 711 τις
1411 675 1487 715 ἄρχῃ
1510 676 1628 713 θνητὸς,
1652 676 1702 706 οὐκ
1717 678 1779 707 ἔστι
1794 678 1892 708 κακῶν
1910 677 2018 716 αῠιοΐς,
2041 677 2105 709 οὐδὲ
2124 679 2222 710 πόνων

1248 718 1401 757 ανᾰφυξις.

1333 758 1441 789 Docet
1459 766 1489 789 et
1502 758 1654 790 Psalmus
1671 769 1769 801 reges
1787 761 1940 792 divinitus
1953 762 2068 792 iuvari.
2098 762 2221 794 Psalm-

1251 800 1321 831 143.
1347 804 1412 838 [vs.
1439 800 1503 839 10.]
1535 800 1596 835 Qui
1626 802 1682 832 dat
1712 801 1851 834 salutem
1880 804 2024 845 regibus.
2070 803 2223 836 Testatur

1248 843 1346 884 igitur
1381 853 1482 874 causa
1516 841 1683 881 efficiens,
1717 845 1804 884 quod
1837 847 2047 886 magistratus
2081 856 2147 877 non
2180 847 2223 878 sit

1248 891 1419 924 peccatum
1453 894 1511 915 seu
1546 895 1600 915 res
1634 886 1796 917 damnata.
1848 886 1909 917 Est
1943 888 2028 918 enim
2061 889 2221 920 ordinatio

1247 925 1336 958 facta
1358 937 1376 957 a
1398 926 1490 964 Deo,
1514 937 1615 968 quare
1638 937 1778 958 11888558
1801 934 1864 966 851,
1888 938 1964 960 8558
1988 930 2108 960 bonam
2131 940 2222 962 crea-

1249 975 1365 1007 turam,
1389 969 1471 1000 sicut
1497 970 1657 1000 ordinatio
1681 968 1808 1007 hiemis,
1831 972 1978 1008 aestatis,
2000 972 2086 1003 vitae
2105 978 2137 1002 et
2154 972 2222 1004 ani-

1248 1012 1413 1042 mantium.
1448 1011 1576 1043 Deinde
1598 1013 1742 1043 accessit
1764 1018 1793 1043 et
1818 1013 2011 1053 approbatio
2035 1014 2142 1046 divina
2163 1023 2223 1055 per

1249 1054 1402 1089 verbum3
1424 1054 1510 1084 sicut
1533 1059 1695 1085 testantur
1717 1053 1782 1086 loci
1805 1064 1905 1095 supra
1926 1055 2062 1086 recitati.

1334 1095 1445 1126 Tertio
1468 1096 1553 1126 idem
1576 1097 1693 1136 probat
1708 1098 1753 1131 ⁵⁶)
1777 1107 1896 1128 caussa
1919 1096 2066 1128 formalis
2089 1103 2121 1129 et
2143 1097 2222 1129 fina-

1248 1137 1299 1168 lis.
1334 1137 1456 1169 Paulus
1479 1139 1623 1169 nominat
1646 1148 1799 1170 caussam
1821 1138 2002 1177 formalem,
2025 1150 2098 1171 cum
2120 1140 2221 1181 inquit

1251 1179 1358 1217 [Rom.
1390 1180 1441 1217 13,
1471 1180 1498 1210 l.
1527 1180 1590 1217 2.]:
1623 1180 1682 1211 Est
1714 1181 1875 1211 ordinatio
1897 1181 1972 1213 Dei.
2021 1181 2099 1212 Item
2130 1182 2221 1221 [ibid.

1250 1233 1299 1252 vs.
1328 1223 1390 1261 4.]:
1426 1222 1485 1253 Est
1512 1223 1658 1253 minister
1684 1222 1758 1253 Dei.
1802 1223 1884 1254 Nam
1914 1224 2127 1264 patrocinium
2155 1233 2222 1255 11011

1250 1270 1299 1294 851
1322 1274 1375 1295 res
1399 1265 1563 1302 ordinata,
1593 1265 1659 1295 hoc
1682 1272 1750 1302 est,
1773 1275 1838 1295 non
1861 1266 2009 1306 sequitur
2032 1272 2155 1297 certam
2176 1266 2222 1296 iu-

1249 1307 1357 1337 stitiae
1379 1305 1542 1348 regulam,
1566 1307 1626 1338 sed
1649 1313 1700 1338 est
1723 1305 1886 1345 confusio,
1910 1313 1940 1338 et
1963 1308 2059 1338 bonis
2083 1308 2222 1339 maxiine

1249 1355 1357 1380 110881.
1402 1348 1577 1380 Praeterea
1605 1348 1811 1380 latrocinium
1839 1359 1904 1380 non
1932 1355 1983 1380 est
2011 1349 2222 1380 ministerium

1248 1390 1329 1428 Dei,
1363 1401 1465 1432 quare
1488 1390 1542 1422 Ma
1569 1392 1702 1422 istratus
1733 1401 1799 1421 non
1828 1397 1879 1422 est
1907 1391 2128 1428 latrocinium,
2161 1391 2222 1422 sed

1248 1443 1302 1464 res
1326 1434 1413 1464 bona
1434 1432 1508 1464 Deo
1532 1444 1552 1473 p
1568 1443 1680 1464 acens-
1722 1432 1849 1464 Caussa
1872 1432 1977 1464 finalis
2000 1439 2051 1464 est
2074 1431 2221 1464 defensio

1250 1476 1426 1513 bonorum,
1456 1481 1490 1506 ut
1519 1476 1596 1505 boni
1618 1476 1650 1506 in
1673 1485 1756 1515 pace
1784 1476 1911 1515 possint
1942 1476 2080 1506 honeste
2109 1481 2141 1506 et
2168 1475 2222 1515 pie

1225 1534 1228 1538 ·
1249 1519 1369 1548 vivere.
1393 1518 1449 1549 Sic
1464 1518 1564 1558 inquit
1578 1517 1700 1548 Paulus
1716 1517 1742 1548 l.
1756 1517 1836 1548 Tim.
1849 1518 1879 1548 2.
1899 1521 1961 1554 [vs.
1973 1517 2018 1554 ‘2-1
2042 1517 2112 1548 Has
2123 1518 2222 1559 igitur

1249 1570 1302 1590 res
1333 1560 1466 1591 efficere
1494 1566 1525 1590 et
1554 1561 1636 1590 tueri
1667 1560 1786 1590 debent
1816 1560 2044 1601 magistratus3
2072 1560 2221 1600 primum,

1247 1609 1283 1633 ut
1305 1604 1348 1633 sit
1370 1613 1435 1643 pax
1458 1603 1564 1632 bonis.
1598 1602 1726 1633 Deinde
1749 1612 1814 1632 11011
1837 1603 1918 1632 satis
1941 1608 1992 1632 est
2014 1611 2129 1641 pacem
2151 1599 2221 1632 effi-

1249 1655 1336 1682 cere,
1359 1645 1419 1675 sed
1441 1644 1610 1675 addendae
1633 1651 1708 1675 sunt
1732 1644 1816 1674 duae
1840 1654 1907 1682 res,
1933 1653 2017 1684 quae
2038 1650 2115 1674 511111
2137 1643 2220 1674 fines

1248 1688 1354 1728 paciS,
1373 1697 1432 1717 seu
1450 1693 1585 1727 propter
1604 1696 1686 1727 quas
1705 1687 1888 1727 expetenda
1907 1692 1956 1717 est
1975 1696 2050 1726 pax,
2069 1684 2221 1717 videlicet

1248 1728 1421 1769 disciplina
1444 1739 1484 1759 ac
1502 1730 1624 1769 pietas3
1648 1729 1678 1759 id
1702 1735 1769 1765 est,
1792 1729 2003 1769 magistratus
2027 1738 2144 1759 curare
2166 1727 2220 1758 de-

1248 1773 1337 1808 118111,
1359 1778 1393 1802 111
1416 1781 1500 1811 pace
1524 1772 1607 1802 bene
1630 1777 1762 1802 utantur
1784 1771 1932 1801 homines
1950 1780 2017 1801 non
2035 1771 2078 1801 ad
2093 1769 2218 1806 luxum,

1247 1814 1399 1844 libidines
1431 1819 1460 1844 et
1492 1819 1620 1844 caetera
1643 1814 1737 1851 vitia,
1765 1814 1824 1844 sed
1854 1813 1990 1854 regendi
2013 1817 2089 1843 sunt
2110 1821 2219 1843 mores

1247 1855 1377 1897 legibus
1403 1862 1433 1886 81
1458 1855 1638 1896 disciplina.
1668 1855 1745 1886 Item
1769 1855 1958 1886 instituendi
1976 1860 2053 1884 sunt
2070 1853 2219 1884 homines

1248 1899 1289 1929 ad
1312 1898 1463 1938 pietatem
1492 1905 1522 1928 et
1551 1898 1750 1938 agnitionem
1771 1897 1844 1928 Dei.
1890 1896 1930 1927 Hi
1954 1895 2035 1927 fines
2060 1901 2220 1927 testantur

1247 1942 1473 1981 magistratum
1496 1950 1571 1971 esse
1591 1940 1783 1971 beneficium
1801 1939 1875 1970 Dei.
1908 1938 1991 1969 Nam
2014 1937 2219 1970 latrocinium

1247 1993 1313 2013 non
1337 1988 1386 2013 est
1410 1983 1604 2013 destinatum
1635 1983 1675 2012 ad
1700 1983 1804 2012 bonos
1829 1982 1931 2017 fines3
1961 1981 2097 2020 dissipat
2119 1979 2218 2011 hone-

1249 2031 1318 2055 5105
1342 2035 1450 2055 mores
1474 2032 1504 2055 et
1528 2023 1718 2065 religionem
1741 2034 1807 2054 non
1830 2030 2008 2054 conservat
2030 2029 2092 2054 etc.

1333 2067 1506 2097 Postremo
1535 2067 1619 2097 idem
1646 2067 1741 2097 docet
1766 2073 1797 2096 et
1820 2066 2019 2103 mandatum,
2041 2074 2108 2106 quo
2130 2065 2219 2097 iube-

1248 2120 1319 2140 mur
1337 2119 1432 2139 orare
1449 2119 1509 2148 pro
1523 2109 1779 2149 magistratibus,
1798 2107 1948 2139 videlicet
1966 2113 2000 2138 ut
2019 2116 2219 2138 conserven-

1248 2158 1300 2182 tur
1319 2152 1462 2192 imperia.
1486 2151 1559 2181 Non
1580 2157 1629 2181 est
1649 2157 1756 2181 autem
1774 2151 1932 2181 orandum
1947 2160 2008 2191 pro
2024 2149 2216 2185 latrociniis,

1247 2200 1282 2225 ut
1302 2200 1537 2224 conserventur
1560 2199 1620 2223 etc.
1654 2192 1723 2223 Hae
1743 2194 1888 2224 rationes
1911 2201 2023 2223 omnes
2045 2191 2144 2223 valde
2167 2201 2218 2222 or-

1247 2243 1326 2268 nant
1339 2238 1384 2269 ⁵⁷)
1412 2235 1639 2278 Magistratus,
1663 2242 1693 2266 et
1718 2235 1911 2266 confirmant
1933 2235 2164 2271 conscientias,
2182 2239 2217 2265 ut
2236 2246 2239 2247 ⁷

1247 2356 1293 2386 54)
1320 2355 1418 2387 αἰνῶν]
1438 2355 1478 2380 Ed.
1499 2356 1537 2380 11.
1556 2355 1637 2379 mate:
1657 2349 1741 2377 ιέιλών

1246 2407 1292 2437 55)
1319 2404 1437 2437 ἐκεῘΜΙΝ]
1459 2405 1530 2430 Εᾰῑῑῐ.
1551 2406 1589 2428 12-
1612 2406 1649 2430 13.
1669 2402 1772 2428 ἐκεῖνον

1247 2457 1292 2487 56)
1318 2456 1421 2513 1110111131]ἲ
1439 2457 1475 2481 sic
1493 2456 1565 2481 Editt.
1586 2456 1608 2478 2.
1627 2455 1702 2478 6-8.
1724 2455 1830 2480 11-14.
1851 2457 1875 2479 et
1895 2455 1968 2485 Opp.;
1986 2454 2058 2479 Editt.
2076 2455 2096 2476 1.
2109 2455 2133 2477 4.
2153 2454 2177 2477 5.
2191 2453 2214 2477 9.

1315 2496 1359 2519 pro
1379 2496 1410 2514 an

1247 2541 1293 2570 57)
1318 2540 1418 2571 ornant]
1440 2540 1481 2565 Ed.
1502 2540 1541 2562 11.
1560 2542 1610 2569 m).
1630 2544 1729 2564 errore:
1748 2541 1821 2564 orant
