2358 2933
254 106 318 137 675

881 103 993 134 PfflL.
1016 102 1117 134 MEL-
1137 102 1324 136 SCRIPTA
1341 103 1616 136 DOGMATIGA.

2183 111 2248 144 676

255 200 338 239 ginis
367 207 439 228 suut
472 209 558 228 mors
590 198 739 236 corporis
762 204 792 226 et
817 195 903 226 uliae
924 197 1076 237 ingentes
1100 194 1230 226 calami·
1251 222 1253 236 ,
1273 203 1417 228 naturae.
1463 197 1533 227 Etsi
1562 198 1646 227 0111111
1674 205 1747 237 post
1772 197 1902 239 lapsum
1924 200 2018 231 Adae
2041 204 2247 243 coepitesse

255 250 349 273 tates,
372 251 456 281 quae
481 251 518 270 cx
545 239 683 270 luntiana
701 239 887 279 ignorantia
907 244 937 268 et
958 238 1098 268 omnium
1116 238 1230 268 virium
1250 253 1253 274 ;

1250 280 1253 290 '
1272 288 1380 312 tamen
1402 287 1557 322 quantum
1572 281 1642 311 0105
1660 280 1744 312 lucis
1760 280 1919 323 reliquum
1938 290 2000 321 est,
2023 294 2078 315 res
2092 286 2180 317 bona
2193 295 2246 318 est

1251 322 1252 328 ’
1272 330 1304 354 01
1326 322 1390 354 Dei
1413 333 1507 364 opus.

255 283 430 325 fragilitate
454 284 616 312 oriuntur:
646 282 722 310 item
742 282 789 310 ira
804 280 864 310 Dei
887 287 916 310 et
941 287 1075 310 aeterna
1098 280 1230 310 ‹launna-

255 327 307 355 tio.
355 326 442 355 Sicut
478 323 598 354 Paulus
630 324 731 363 inquit
766 322 903 362 [Ephes.
934 322 965 358 2,
991 322 1054 360 3.]:
1088 321 1229 352 Eramus

254 380 271 398 11
284 377 366 397 itura
386 366 441 397 tilii
464 367 542 396 irae.
590 365 668 395 ltem
698 365 847 406 tyrannis
871 363 1022 400 Diaboli,
1051 365 1106 404 qui
1129 365 1228 394 imbe-

253 408 344 440 vities
360 419 492 439 naturas
507 407 708 438 horribiliter
725 405 870 446 impellit.
896 412 931 436 ut
947 417 986 436 cx
1000 405 1072 436 aliis
1085 405 1179 436 mulis
1196 407 1228 436 in

252 452 312 482 alin
338 460 443 485 ruunt,
468 459 497 480 ιιι
516 451 661 489 Oedipus
681 451 814 490 ignarus
840 449 872 479 fit
896 447 1090 479 interfector
1112 449 1228 488 putris,

253 502 364 535 postea
398 495 531 534 ignatus
568 493 654 523 ducit
690 498 825 521 matrem
860 499 1013 525 uxorein;
1052 489 1126 521 hinc
1161 491 1228 522 nati

253 537 306 567 tilii
335 537 376 566 de
408 546 510 577 regno
539 535 691 565 dimit-ant
716 541 745 563 et
771 533 889 564 mutuis
915 531 1107 563 vulneribus
1130 534 1227 564 inter-

253 581 421 609 iit-iuntur:
451 585 544 618 pater
558 576 689 607 effossis
706 575 809 606 oculis
822 575 953 616 pellitur
968 576 1049 606 urbe
1064 581 1096 606 et.
1110 582 1227 615 postea

253 622 448 652 absorbetur
463 620 550 650 hiatu
565 627 679 649 terrae.
714 618 792 648 Tam
813 625 895 649 tetra
919 618 1069 648 accidunt
1094 616 1226 654 homini,

252 675 324 694 cum
349 674 412 693 uon
437 661 620 692 defenditur
640 662 800 691 adversus
816 666 1025 701 grassantem
1036 658 1224 691 Diabolum.

252 707 320 737 Nec
344 707 515 746 quisquam
540 711 588 734 est
616 704 798 740 hominum,
832 703 885 743 qui
915 712 978 732 non
1009 701 1149 743 aliquem
1179 703 1226 732 in-

252 751 377 789 signem
413 755 442 778 et
479 748 583 777 dirum
617 756 760 776 morsum
795 743 928 775 Diaboli
963 746 1100 783 sentiat,
1139 745 1226 775 unde

253 791 411 821 discenda
439 797 488 820 cst
519 789 602 819 haec
634 788 812 819 sententia:
846 788 991 827 Serpens
1019 787 1226 817 insidiabitur

251 834 408 864 calcaneo
433 833 511 862 cius.
547 832 612 861 Sed
637 840 750 860 riu·sus
775 831 938 860 diseamus
964 829 1225 869 promissionem,

251 876 383 905 t'onteri
398 882 493 915 capnt
507 874 670 913 serpentis
683 883 701 903 a
717 873 855 902 Domino
868 878 982 901 nostro
995 871 1069 901 lesu
1082 870 1222 901 Christo.

336 918 415 948 Sunt
441 926 566 957 poenae
575 917 618 953 ⁵³)
643 916 733 955 primi
753 914 868 954 lapsus
886 912 1053 954 multiplex
1071 914 1224 955 ignoran-

251 962 292 990 tia
316 960 456 990 humana
481 966 510 988 et
535 958 617 988 haec
639 957 842 987 rontumacia
862 956 1105 997 appetitionum,
1128 965 1225 996 quain

252 1009 369 1033 xocant
395 1001 702 1041 concupiscentium.
748 999 814 1029 Sed
840 998 921 1029 baec
945 997 1039 1029 simul
1063 1003 1094 1028 et
1118 1008 1225 1038 poena

250 1052 300 1076 est
323 1045 415 1085 primi
439 1043 553 1084 lapsus
580 1049 610 1073 et
635 1043 667 1073 in
690 1042 902 1072 nascentibus
921 1047 1090 1080 peccatum
1107 1041 1224 1080 ipsunt,

250 1088 281 1118 id
311 1095 378 1123 est,
408 1087 562 1127 quiddam
592 1095 683 1115 reum
713 1091 743 1114 et
775 1084 960 1114 ‹latmiatum
982 1093 1002 1114 a
1024 1082 1109 1113 Deo.
1154 1083 1225 1113 Nec

249 1137 338 1160 recte
376 1129 461 1159 hanc
501 1127 744 1159 inclinationem
779 1137 931 1166 pravam,
972 1136 1069 1166 quam
1105 1130 1225 1155 vocant

250 1172 411 1208 fomitem,
444 1178 568 1201 tantum
596 1179 733 1210 poenam
762 1168 916 1200 Monachi
951 1178 1027 1198 esse
1061 1168 1224 1198 dixerunt.

251 1216 339 1245 llaec
373 1214 522 1244 recitatio
557 1222 750 1243 caussarum
784 1217 815 1241 et
850 1210 1022 1241 effectuum
1055 1210 1223 1240 studiosos

249 1258 431 1293 adiuvabit,
460 1263 492 1286 ut
517 1257 588 1285 sine
612 1253 825 1295 perplexitate
849 1254 1029 1284 doctrinam
1053 1251 1224 1283 Ecclesiae

249 1301 289 1330 de
310 1306 448 1341 peccato
472 1298 608 1339 originis
632 1295 823 1337 intelligant.

334 1342 429 1372 Ntuic
468 1340 694 1371 admonendus
731 1343 780 1369 est
814 1337 920 1369 lector
954 1338 994 1368 de
1028 1337 1223 1377 quibusdam

249 1386 359 1415 dictis:
394 1382 480 1414 Nihil
514 1389 563 1412 051
597 1388 787 1422 peecatum,
822 1381 885 1410 nisi
918 1381 960 1411 sit
993 1379 1221 1411 voluntarium.

251 1427 341 1457 Haec
375 1426 537 1456 sententia
579 1426 619 1454 de
659 1422 808 1454 civilibus
843 1421 971 1453 delictis
1005 1423 1126 1453 tradita
1160 1427 1221 1451 051.

248 1470 331 1499 Nam
365 1469 483 1500 iudicio
518 1466 641 1497 sorensi
674 1467 851 1506 punituitur
880 1471 1005 1495 tantum
1038 1463 1223 1496 voluntaria

249 1511 382 1548 delicta,
410 1517 445 1541 ut
474 1509 605 1540 fortuita
636 1509 756 1539 caedes
780 1517 842 1539 non
865 1508 995 1547 punitur
1018 1518 1037 1537 a
1060 1512 1220 1546 praetore.

247 1555 313 1585 s'ed
343 1564 408 1584 non
436 1551 699 1583 transferendum
729 1558 777 1581 est
807 1550 873 1580 hoc
895 1550 1015 1580 dietum
1038 1549 1079 1580 ad
1104 1549 1222 1579 doctri-

248 1608 321 1627 nam
345 1594 516 1637 Evangelii
541 1595 580 1625 dc
603 1599 743 1634 peccato
769 1600 797 1624 et
823 1592 865 1623 ad
887 1593 1039 1623 iudicium
1061 1591 1134 1622 Dei.

335 1639 538 1678 Augustinus
562 1643 679 1677 argute
703 1637 816 1676 inquit,
840 1641 870 1665 et
894 1640 1065 1675 peccatum
1086 1634 1221 1674 originis

249 1680 464 1711 voluntarium
489 1690 580 1715 0550,
615 1680 691 1719 quia
713 1689 753 1709 eo
779 1676 990 1708 delectamur.
1042 1677 1109 1708 Sed
1139 1676 1221 1707 haec

249 1723 472 1763 interpretatio
504 1728 621 1762 arguta
650 1720 780 1762 longius
805 1721 927 1751 recedit
950 1721 992 1749 ab
1016 1718 1071 1750 illa
1093 1725 1222 1759 praeto-

249 1768 295 1796 ria
318 1766 488 1795 sententia.
536 1764 710 1794 Dexterius
739 1769 789 1794 est
818 1773 882 1793 non
906 1763 1046 1792 miscere
1068 1763 1222 1801 intempe-

248 1810 330 1839 stive
352 1807 505 1848 politicas
529 1807 708 1837 sententias
736 1812 767 1836 et
790 1803 1015 1846 Evangelium.
1062 1805 1150 1835 Satis
1170 1811 1222 1834 051,

249 1852 345 1892 igitur
373 1850 435 1880 hor
467 1849 685 1889 respondere,
721 1848 914 1878 sententiam
945 1846 1033 1878 illam
1061 1846 1151 1887 loqui
1182 1846 1222 1876 de

249 1893 371 1924 sorensi
395 1893 525 1923 iudicio.

334 1936 476 1966 lactatur
500 1942 531 1964 et.
554 1933 618 1963 1101·
643 1933 780 1963 dictum:
812 1932 970 1962 Naturam
994 1933 1111 1962 bonam
1134 1940 1221 1961 esse.

252 1979 285 2008 ld
313 1988 425 2008 vetum
461 1983 526 2013 est,
568 1981 729 2016 quatenus
760 1973 917 2015 reliquum
949 1980 999 2004 est
1030 1983 1113 2014 opus
1147 1973 1220 2003 Dei.

250 2022 316 2051 Sed
339 2028 454 2051 natura
478 2019 617 2049 hominis
642 2016 838 2048 horribiliter
852 2016 943 2047 laesa
958 2022 988 2046 et
1001 2016 1222 2047 contaminata

250 2070 310 2094 est.
355 2064 445 2093 Sit-ut
470 2062 573 2102 pingit
595 2062 703 2101 imago
728 2058 889 2090 vulnerati
908 2059 988 2091 Luc.
1010 2059 1059 2089 10.
1085 2057 1222 2099 spoliati

250 2116 363 2136 sumus
393 2106 486 2135 donis
517 2110 654 2134 naturae
683 2104 850 2144 integrae,
881 2103 914 2133 id
943 2108 1011 2139 est,
1042 2101 1134 2131 firma
1158 2100 1221 2130 Dei

249 2149 377 2179 notitia.
408 2147 584 2187 sapientia,
615 2146 750 2182 iustitia,
780 2151 810 2175 et
834 2146 967 2185 insuper
991 2143 1073 2174 haec
1096 2142 1221 2184 reliqua

250 2198 364 2221 0011110
388 2189 555 2219 vulnerata
575 2196 637 2225 est,
661 2187 796 2223 scilicet,
821 2198 923 2228 prava
942 2186 1220 2227 concupiscentia,

250 2239 353 2264 morte
375 2239 403 2263 et
429 2232 527 2262 variis
546 2230 638 2261 malis
662 2232 788 2261 animae
811 2236 843 2260 et
866 2230 1026 2270 corporis.

335 2275 573 2305 Discernaatur
601 2281 709 2304 autem
737 2284 792 2310 ea,
821 2282 905 2313 quae
935 2278 1011 2302 sunt
1034 2281 1135 2311 opera
1157 2269 1220 2301 Dei

249 2317 373 2358 reliqua
397 2319 427 2347 in
450 2316 595 2353 homine,
619 2326 638 2345 a
660 2326 718 2356 per
742 2325 779 2345 se
802 2315 946 2351 vitiosis,
970 2320 1004 2344 ut
1027 2314 1141 2344 notitia
1163 2323 1220 2343 nu-

250 2371 411 2391 merorum
435 2365 484 2389 051
509 2369 562 2388 res
587 2359 690 2396 bona,
720 2358 794 2399 quia
818 2369 837 2388 a
858 2357 932 2388 Deo
960 2357 1056 2387 insita
1087 2360 1136 2386 est
1162 2354 1219 2385 110-

380 2402 435 2432 Sic
458 2401 660 2431 sentiendum
684 2406 735 2431 est
758 2400 798 2430 de
821 2401 971 2430 omnibus
991 2399 1078 2430 veris
1098 2398 1220 2429 notitiis

508 2443 567 2473 Est
596 2443 693 2484 igitur
722 2453 775 2473 res
806 2444 892 2473 bona
921 2448 951 2472 et
981 2442 1094 2472 notitia
1117 2440 1219 2482 Legis

250 2405 334 2433 huilli.

250 2457 309 2476 500
337 2446 461 2475 ordine.

250 2541 295 2568 53)
315 2540 377 2563 Sunt
395 2537 502 2568 poenae!
529 2537 599 2562 Editt.
619 2538 642 2559 2.
661 2537 736 2560 4—7.
756 2537 779 2560 9.
802 2537 840 2559 12.
860 2537 923 2561 sunt
941 2539 966 2560 et
985 2541 1081 2566 poenae

1273 239 1462 276 obscurior,
1495 244 1527 269 et
1555 240 1706 270 assensio
1737 242 1950 271 conturbatur
1976 243 2244 283 dubitationibus,

1553 323 1653 354 Artes
1678 324 1775 364 igitur
1799 332 1830 355 et
1852 323 1946 366 leges
1970 336 2069 357 verae
2092 328 2166 358 inde
2188 337 2244 359 ex-

1272 371 1397 396 tructae
1420 375 1474 396 105
1502 366 1608 395 bonae
1631 372 1718 396 sunt.
1763 366 1808 397 At
1833 367 1960 398 interim
1981 369 2142 400 accedunt
2165 369 2244 401 mul-

1271 413 1323 439 tae
1347 408 1578 443 dubitationes„
1600 418 1641 438 an
1665 407 1758 439 Deus
1782 414 1873 439 curet
1896 419 1968 447 1105,
1991 420 2032 442 an
2055 412 2178 451 puniat,
2200 423 2244 448 011

1270 451 1434 488 exaudiat,
1458 459 1499 480 00
1526 449 1599 480 νο111
1615 449 1774 490 opitulari,
1797 451 1944 490 recipere
1956 462 2030 490 nos,
2055 453 2134 484 dare
2145 455 2244 486 nobis

1269 498 1436 523 aeternam
1466 490 1602 533 gloriam
1632 499 1692 522 etc.
1739 492 1810 523 Hae
1838 493 2058 525 dubitationes
2085 502 2162 526 sunt
2184 505 2242 537 per

1270 543 1308 565 se
1330 535 1478 571 vitiosae,
1502 535 1576 575 quia
1596 541 1671 565 sunt
1690 533 1775 565 mala
1792 535 1970 576 pugnantia
1983 546 2054 567 cum
2066 536 2156 578 Lege
2168 537 2247 570 Dei„

1355 575 1411 608 Sic
1434 575 1582 616 duplices
1606 583 1682 607 sunt
1704 576 1859 608 affectus:
1882 576 1947 607 Alii
1970 581 2136 619 praecepti
2152 579 2200 611 Le
2225 590 2244 610 e

1269 618 1348 657 Det,
1380 625 1414 650 ut
1438 629 1529 649 amor
1552 618 1694 656 sobolis,
1728 620 1921 661 coniugum,
1956 626 2147 660 parentum3
2178 590 2244 653 Affii

1269 661 1420 701 prohibiti
1434 660 1523 701 Lege
1544 660 1615 697 Dei,
1639 667 1671 692 ut
1698 668 1901 703 contemptus
1919 661 1993 699 Dei,
2016 661 2163 694 fremitus
2185 664 2246 700 adq

1269 713 1387 734 versus
1410 702 1529 739 Deum,
1552 704 1682 741 invidia,
1705 714 1815 734 amare
1839 704 2010 745 coniugem
2032 703 2177 737 alterius.

1353 744 1426 776 Etsi
1453 750 1562 775 autem
1591 744 1623 775 in
1651 745 1713 775 hac
1740 747 1953 786 corruptione
1981 753 2118 778 naturae
2145 748 2243 785 etiam

1268 787 1405 818 affectus
1433 787 1600 826 praecepti
1623 786 1712 827 Lege
1735 787 1799 817 Dei
1823 790 2084 820 contaminantur
2108 795 2140 820 et
2161 789 2244 821 fiunt

1268 840 1327 870 per
1356 829 1513 860 accidens
1543 829 1667 866 vitiosi,
1702 829 1776 869 quia
1799 840 1864 860 1100
1888 837 2044 870 reguntur
2069 830 2243 863 dilectione

1268 872 1341 908 Dei,
1364 872 1449 902 sicut
1471 880 1572 911 saepe
1595 876 1729 910 propter
1748 871 1871 902 liberos
1887 871 2078 913 delinquunt
2092 873 2243 905 homines

1267 915 1430 945 adversus
1442 913 1560 949 Deum,
1583 919 1689 944 tamen
1714 915 1785 953 ipsa
1808 916 2002 955 φιλοστοργία
2026 925 2046 945 a
2061 914 2134 946 Deo
2153 926 2242 947 man-

1268 958 1345 987 data
1367 961 1428 992 est,
1453 961 1485 986 et
1507 964 1638 985 manere
1660 956 1694 986 in
1717 957 1839 986 renatis
1863 962 1894 986 01
1916 957 2027 996 purior
2044 956 2116 988 fieri
2133 958 2242 989 debet.

1267 997 1436 1029 Abraham
1458 997 1612 1028 ardenter
1635 1003 1720 1028 amat
1745 996 1829 1028 filios
1852 998 1972 1030 lsmael
1996 1005 2027 1030 et
2050 998 2158 1038 Isaac,
2181 1000 2243 1031 sed

1267 1048 1374 1072 tamen
1398 1039 1537 1071 antefert
1558 1040 1745 1070 mandatum
1766 1039 1840 1071 Dei.
2162 1074 2163 1078 Ἰ

1353 1083 1428 1114 Νο0
1451 1084 1550 1124 igitur
1567 1083 1807 1124 imaginandum
1826 1089 1887 1120 est,
1911 1093 1950 1114 ex
1973 1083 2104 1114 homine
2123 1093 2240 1116 ⁴omnes

1268 1126 1406 1157 affectus
1435 1124 1602 1156 tollendos
1625 1131 1680 1155 aut
1704 1134 1817 1155 omnes
1842 1125 1957 1156 eodem
1982 1126 2079 1157 inodo
2108 1127 2241 1163 damna?

1268 1175 1318 1199 tos
1341 1177 1435 1205 esse,
1458 1173 1492 1197 ut
1516 1166 1647 1199 fanatici
1664 1167 1902 1208 Anabaptistae
1925 1169 2073 1199 iactitant
2095 1167 2242 1205 Stoicam

1268 1211 1428 1241 ἀπάθειαν.
1464 1210 1531 1240 11110
1555 1208 1646 1239 nulla
1669 1215 1719 1239 est
1744 1210 1809 1240 vita
1832 1211 1903 1240 sine
1926 1216 2025 1248 motu,
2049 1211 2121 1245 sine
2142 1221 2240 1251 appe-

1267 1254 1395 1290 titione,
1424 1253 1495 1282 sine
1517 1250 1680 1292 aliquibus
1703 1251 1891 1289 affectibus,
1916 1258 1949 1282 et
1971 1252 2042 1283 Lex
2063 1252 2127 1283 Dei
2148 1263 2240 1293 prae-

1268 1296 1344 1336 cipit
1373 1295 1414 1325 de
1444 1294 1632 1325 affectibus:
1666 1293 1796 1335 Diligas
1817 1294 1993 1325 Domintnn
2015 1294 2124 1325 Deum
2151 1300 2241 1326 tuum

1267 1348 1307 1369 ex
1324 1343 1393 1368 1010
1413 1337 1513 1367 corde
1533 1342 1596 1367 etc.
1630 1335 1761 1378 Diligas
1781 1337 1963 1376 proximum
1981 1337 2068 1368 sicut
2080 1342 2111 1367 te
2122 1337 2239 1378 ipsum.

1265 1381 1306 1411 Et
1321 1380 1415 1412 Rom.
1431 1379 1459 1410 l.
1484 1381 1545 1417 [vs.
1559 1378 1625 1416 31.]
1650 1379 1732 1409 inter
1750 1379 1876 1410 atrocia
1894 1379 2029 1410 crimina
2046 1385 2240 1412 recensetur

1267 1423 1338 1453 α’σῖο
1361 1427 1418 1461 γία.

1378 1465 1505 1494 0155001
1526 1465 1624 1505 igitur
1646 1465 1679 1494 111
1698 1470 1814 1494 natura
1838 1464 1966 1505 integra
1986 1463 2144 1502 affectus,
2162 1465 2241 1499 ,sed

1266 1508 1405 1538 ordinati
1419 1513 1450 1537 et
1464 1507 1547 1546 piu-i,
1567 1516 1659 1536 amor
1672 1505 1746 1544 Dei,
1769 1512 1951 1546 parentum,
1974 1505 2111 1545 sobolis,
2129 1508 2239 1539 coniu-

1266 1561 1353 1591 gum,
1377 1547 1514 1579 fratrum
1533 1554 1563 1579 et
1588 1547 1725 1578 alioruin
1744 1547 1926 1585 hominum,
1950 1547 2072 1580 laetitia
2093 1549 2124 1580 in
2148 1549 2239 1590 agni-

1265 1593 1353 1623 tione
1366 1591 1429 1622 Dei
1451 1597 1484 1621 et
1507 1601 1568 1621 500
1592 1591 1707 1621 ordine
1730 1591 1763 1621 in
1784 1601 1848 1621 usu
1871 1597 2107 1630 creaturarum,
2130 1592 2239 1622 odium

1265 1635 1428 1666 adversus
1451 1632 1644 1670 Diabolum,
1675 1639 1708 1664 et
1730 1634 1789 1664 erit
1811 1635 1843 1664 in
1873 1634 1938 1664 vita
1961 1639 2094 1665 aeterna
2115 1633 2239 1665 laetitia

1265 1678 1381 1717 iugens
1405 1677 1438 1707 in
1455 1677 1600 1707 contuitu
1619 1676 1693 1713 Dei,
1717 1682 1747 1706 et
1771 1686 1862 1706 amor
1877 1675 1939 1706 Dei
1953 1681 1985 1706 et
1998 1677 2140 1708 omnium
2163 1686 2238 1708 coe-

1264 1719 1406 1750 lestium.
1452 1718 1499 1748 lta
1527 1717 1657 1749 suerunt
1685 1719 1716 1748 in
1741 1717 1873 1748 Christo
1903 1719 1971 1748 veri
1993 1718 2148 1755 affectus,
2177 1718 2237 1749 sed

1266 1762 1407 1792 ordinati
1430 1766 1462 1791 et
1484 1761 1566 1800 puri,
1589 1771 1682 1791 amor
1704 1760 1780 1797 Dei,
1803 1770 1896 1791 amor
1913 1761 2037 1798 matris,
2061 1759 2237 1802 discipulo-

1266 1815 1353 1842 rum,
1382 1804 1578 1841 anticorum,
1607 1803 1746 1840 laetitia,
1777 1802 1890 1839 dolor,
1920 1804 1985 1841 ira,
2015 1809 2050 1834 ut
2077 1802 2181 1834 Marc.
2203 1802 2235 1837 3.

1267 1850 1332 1885 [vs.
1351 1846 1396 1884 5.]
1421 1846 1554 1876 dicitur:
1579 1845 1820 1885 Circumspexit
1843 1846 1964 1881 iratus3
1986 1844 2028 1875 Et
2051 1845 2091 1875 de
2112 1845 2236 1876 iniseri-

1266 1889 1379 1920 cordia
1413 1888 1639 1930 significanter
1672 1889 1801 1925 dicitur,
1836 1888 1965 1918 viscera
1992 1885 2115 1918 Christi
2148 1893 2236 1918 mota

1266 1941 1361 1966 055ος
1396 1930 1435 1961 Ε1
1471 1931 1511 1961 de
1544 1931 1667 1971 ingenti
1701 1926 1852 1960 moerore
1887 1925 2152 1960 dicitui·'Matth.
2182 1929 2235 1960 26.

1267 1977 1332 2012 [vs.
1355 1973 1422 2011 38.]
1450 1972 1568 2004 Tristis
1596 1979 1646 2003 est
1669 1973 1776 2003 anima
1798 1982 1871 2002 mea
1893 1982 1999 2012 usque
2023 1972 2064 2002 ad
2087 1977 2234 2002 mortem.

1264 2016 1443 2047 Fatendum
1467 2021 1517 2045 051
1540 2025 1620 2056 ergo
1643 2014 1780 2045 affectus
1803 2025 1822 2044 a
1845 2013 1918 2044 Deo
1942 2015 1974 2044 in
1997 2019 2113 2044 natura
2134 2013 2235 2045 homi-

1265 2069 1341 2089 num
1365 2059 1514 2088 conditos·
1534 2068 1622 2094 0550,
1645 2068 1730 2098 quos·
1754 2062 1785 2087 et.
1808 2057 1898 2097 ipsos
1917 2056 2009 2086 Deus
2032 2055 2138 2087 voluit
2160 2065 2236 2087 esse

1264 2101 1423 2141 imagines
1442 2106 1472 2130 01
1497 2101 1592 2141 signa
1615 2110 1695 2130 suae
1718 2099 1906 2129 voluntatis.
1936 2098 2024 2129 Vere
2047 2097 2151 2140 diligit
2171 2108 2235 2129 nos

1263 2143 1372 2181 Deus,
1396 2144 1480 2174 51001
1502 2149 1618 2173 natura
1641 2142 1738 2172 110100
1764 2140 1864 2182 diligit
1888 2141 2056 2178 sobolem,
2079 2151 2157 2172 vere
2178 2141 2235 2172 101-

1264 2186 1445 2216 serieordia
1467 2183 1608 2215 afficitur
1636 2185 1741 2215 nostri
1764 2184 1875 2221 DeuS,
1906 2193 1980 2214 00111
2006 2184 2094 2215 videt
2119 2182 2235 2224 lapsos

1263 2229 1295 2258 in
1318 2234 1484 2258 aeternam
1506 2228 1687 2264 miseriam,
1721 2237 1817 2268 quam
1845 2227 1915 2267 ipse
1944 2225 2110 2268 intelligit3
2143 2226 2237 2257 Sicut

1262 2276 1452 2301 nosnatura
1465 2270 1626 2300 afficimur
1638 2269 1862 2300 misericordia
1877 2268 2088 2299 calamitosae
2098 2266 2234 2298 sobolis.

1264 2312 1353 2343 Sicut
1371 2313 1473 2353 inquit
1491 2312 1642 2343 Christus
1674 2311 1753 2350 [1011.
1774 2311 1805 2349 3,
1825 2310 1904 2350 164:
1939 2311 1996 2342 Sic
2014 2310 2106 2342 Deus
2126 2309 2236 2341 dilexit:

1263 2356 1426 2392 mundum,
1447 2361 1479 2385 ut
1499 2353 1596 2386 filium
1615 2365 1709 2386 5011111
1726 2354 1925 2395 unigenitum
1945 2354 2037 2384 daret
2054 2363 2115 2394 pro
2127 2353 2234 2383 nobis.

1263 2398 1302 2428 Et
1320 2398 1459 2427 loannes
1478 2398 1579 2438 inquit
1604 2398 1646 2434 11.
1660 2407 1710 2438 ep.
1724 2397 1754 2434 4,
1769 2396 1850 2435 16.]:
1880 2395 1972 2427 Deus
1986 2396 2105 2427 caritas
2119 2400 2181 2432 est,
2203 2394 2236 2425 id

1264 2446 1325 2477 est,
1338 2439 1455 2480 plenus
1469 2450 1548 2470 vera
1557 2439 1732 2470 dilectione
1745 2449 1823 2479 erga
1835 2448 1909 2475 1105,
1922 2449 1987 2469 11011
2002 2437 2117 2470 volens
2129 2437 2234 2478 perdi-

1263 2483 1394 2513 tionem.
1422 2482 1464 2512 Et
1475 2481 1598 2513 Paulus
1611 2483 1652 2513 ad
1665 2481 1770 2512 Titum
1780 2481 1811 2512 3.
1827 2484 1889 2519 [vs.
1901 2481 1946 2519 4.]
1973 2480 2133 2521 Apparuit
2145 2480 2235 2510 boni-

1263 2530 1314 2556 tas
1332 2530 1361 2556 et
1380 2527 1598 2566 φιλανθρωπία
1616 2523 1798 2556 Salvatoris
1816 2524 1932 2554 nostri.
1960 2523 2008 2554 Ita
2028 2522 2131 2554 voluit
2143 2521 2236 2553 Deus
