2358 2933
288 147 343 179 731

287 238 459 281 caliginem
483 237 662 279 Evangelio
686 238 894 274 invexerunt,
930 243 961 268 et
985 237 1060 268 dum
1082 237 1255 278 illaqueant

286 283 452 323 imperitos
477 280 606 311 vinculo
630 287 791 316 votorum,
815 278 905 309 multi
930 279 1130 311 horribiliter
1148 288 1259 311 conta-

287 325 394 355 minati
429 331 514 354 sunt.
571 323 618 353 lta
653 321 749 352 51111111
783 320 946 352 Diabolus
981 328 1011 352 et
1044 321 1258 364 Evangelium

287 366 473 397 obscuravit
498 373 527 395 01
551 366 638 396 auxit
663 364 826 395 libidines.
872 363 963 394 Haec
987 363 1160 405 diligenter
1183 375 1259 396 con-

288 408 459 439 sideranda
490 414 582 438 sunt.
616 414 646 438 et
679 407 947 438 comminationes
981 407 1110 438 divinae
1143 408 1258 438 animis

287 450 473 492 infigendae
496 457 526 480 et
551 450 702 480 intuenda
727 447 892 480 horribilia
907 448 1056 489 exempla
1068 459 1257 490 poenarum,

288 500 317 523 ut
354 502 433 522 vere
468 502 663 529 caveamus,
704 501 744 522 ne
778 497 893 521 contra
928 490 989 522 Dei
1023 493 1257 523 ordinationem

287 534 487 575 polluamur:
532 534 596 564 Sed
631 541 814 564 statuamus
849 543 977 564 omnem
997 535 1258 565 commixtionem

288 584 376 607 extra
409 576 582 617 legitimum
612 577 796 617 coniugium
820 582 991 616 peccatum
1009 575 1147 607 mortale
1171 586 1257 614 esse,

286 627 319 650 ut
345 618 516 659 aliquoties
533 619 665 649 dicitur:
690 618 932 655 Fornicatores,
956 617 1092 650 adulteri
1106 629 1169 649 non
1182 630 1257 660 pos-

288 662 436 692 sidebunt
461 671 594 703 regnum
617 660 689 692 Dei.

372 703 581 734 Retineamus
605 704 702 745 igitur
726 704 841 733 bonam
867 704 1118 740 conscientiam,
1147 710 1256 734 tenera

287 753 379 777 aetas
404 747 481 776 vitet
506 745 636 786 lapsus,
672 746 787 776 deinde
811 752 954 782 matura,
990 747 1018 776 51
1042 756 1124 787 opus
1149 752 1199 776 est
1213 747 1257 785 ⁸⁵)

287 789 451 830 coniugio,
476 790 674 829 obtemperet
699 788 853 818 mandato
877 788 951 818 Dei.
993 788 1083 819 Haec
1107 789 1161 829 qui
1181 798 1257 818 con-

287 838 444 861 temnunt.
468 832 570 860 sciant
597 840 634 861 se
657 839 784 870 poenas
808 830 868 860 sibi
894 836 925 860 et
940 830 1017 860 totis
1037 831 1189 871 gentibus
1202 840 1257 861 ac-

287 882 428 903 cersere.
474 872 664 913 fogitemus
695 879 724 902 et
749 872 830 909 hoc,
858 871 942 902 mala
967 873 1168 904 conscientia
1191 882 1257 902 non

286 924 387 956 posse
409 916 555 946 invocari
580 914 703 952 Deum,
733 921 766 945 ut
792 915 819 944 1.
843 914 929 945 ioan.
954 914 984 945 3.
1006 918 1066 952 [vs.
1090 915 1156 954 ΞΕ]
1180 915 1258 945 dici—

285 965 353 989 tur:
400 957 434 988 Si
458 968 516 987 cor
540 963 686 988 nostrum
710 967 775 987 non
799 956 1044 997 reprehenderit
1069 968 1152 994 1105,
1178 957 1257 988 fidu-

287 1001 367 1031 ciam
401 999 558 1031 habemus
583 1006 645 1030 etc.
692 998 800 1034 Quare
823 1007 855 1031 ut
880 1000 991 1039 possis
1014 1001 1170 1031 invocare
1193 999 1257 1030 De-

286 1053 352 1073 um.
389 1043 557 1073 retinenda
593 1049 639 1072 est
677 1043 762 1072 bona
786 1042 998 1072 conscientia.
1044 1042 1128 1077 Quid
1150 1048 1258 1073 autem

286 1086 409 1116 tristius
434 1086 494 1115 dici
518 1092 646 1125 potest,
681 1095 776 1124 quam
800 1085 911 1115 vivere
933 1084 1095 1116 hominem
1117 1085 1188 1116 sine
1211 1085 1258 1114 in-

287 1128 460 1159 vocatione
484 1127 556 1164 Dei,
582 1128 652 1158 sine
675 1125 760 1163 Deo.
796 1128 866 1157 sine
889 1128 1126 1167 gubernatione
1149 1134 1181 1158 et
1204 1127 1257 1157 de-

286 1170 433 1201 fensione
468 1170 592 1206 divina,
627 1169 674 1199 sic
704 1170 853 1200 viventes
878 1168 1041 1200 Diabolus
1064 1170 1168 1210 magis
1191 1179 1258 1200 ma-

287 1214 404 1254 gisque
428 1218 583 1243 excaecat
607 1218 637 1242 et
662 1211 760 1241 variis
784 1211 917 1253 flagitiis
940 1210 1100 1252 implicat,
1122 1218 1156 1242 ut
1178 1221 1257 1252 quo-

286 1255 406 1286 tidiana
430 1255 628 1295 experientia
653 1253 805 1284 ostendit.

374 1296 469 1332 Quod
492 1306 570 1327 vero
595 1295 747 1327 Monachi
771 1294 934 1327 clamitant
948 1295 1082 1326 Paulum
1095 1294 1258 1326 anteferre

288 1340 483 1380 virginitate,
507 1340 578 1380 quia
598 1339 718 1369 diserte
741 1338 835 1369 dicit:
860 1337 978 1369 Melius
1001 1337 1079 1369 facit
1102 1347 1168 1368 non
1190 1337 1258 1368 010-

289 1392 368 1413 00115
393 1389 454 1412 010.
485 1381 575 1412 Sciat
598 1382 669 1422 pius
692 1380 807 1418 lector,
830 1387 930 1411 totam
953 1379 1041 1411 illam
1066 1381 1258 1411 concionem

288 1423 459 1466 legendam
494 1433 583 1460 esse,
614 1434 653 1454 ac
678 1424 936 1460 observandum,
967 1433 1062 1464 quam
1087 1421 1259 1463 diligenter

285 1472 495 1508 praemoneat
529 1468 559 1496 in
593 1472 764 1506 utramque
797 1472 921 1506 partem
950 1465 1119 1496 lectorem.
1165 1464 1258 1495 Initio

288 1509 384 1539 tradit
421 1514 630 1549 praeceptum
664 1508 743 1544 Dei,
784 1515 818 1539 111
859 1508 1012 1538 vitandae
1047 1507 1258 1538 scortationis

290 1562 407 1584 caussa
432 1562 522 1582 suam
546 1552 683 1592 quisque
705 1560 841 1580 uxorem
863 1549 993 1587 habeat,
1029 1550 1144 1580 deinde
1167 1559 1260 1589 prae-

290 1597 403 1627 dicans
428 1594 660 1636 111-9111101001,
688 1603 762 1623 111οΧ
786 1592 888 1629 addit,
915 1591 980 1623 Sed
1003 1601 1098 1623 suum
1121 1592 1259 1632 quisque

291 1640 408 1670 donum
432 1637 540 1668 habet.
579 1635 688 1670 Quare
711 1645 783 1666 011111
807 1633 944 1665 antefert
967 1635 1196 1675 virginitatem,
1220 1634 1260 1664 de

290 1681 441 1722 personis
471 1679 597 1710 idoneis
625 1677 778 1718 loquitur.
823 1677 951 1708 Deinde
980 1676 1059 1708 illud
1087 1678 1183 1707 etiam
1205 1686 1260 1707 ne-

291 1733 387 1754 00550
411 1729 461 1753 051
485 1721 713 1752 considerare:
758 1719 830 1750 Hac
849 1718 1025 1750 collatione
1049 1720 1137 1750 bona
1159 1729 1178 1750 0
1204 1728 1260 1749 010

290 1767 375 1797 inter
409 1774 484 1795 sese
512 1762 741 1800 conferuntur,
778 1768 807 1793 01
833 1760 1043 1793 confeiuntur
1065 1762 1154 1792 iuxta
1200 1770 1260 1792 nes

290 1807 398 1845 utiles,
418 1817 482 1837 non
507 1807 673 1847 quaeritur
695 1814 789 1846 opus,
813 1805 899 1846 quod
922 1804 1260 1836 mercatui-remissio-

290 1860 364 1881 nem
387 1856 596 1890 peccatorum
620 1854 675 1879 aut
699 1847 1018 1885 reconciliationem,
1051 1856 1113 1877 nec
1137 1846 1171 1877 fit
1194 1845 1260 1877 col-

290 1892 385 1930 latio,
419 1898 452 1923 ut
488 1892 628 1922 humano
652 1891 784 1922 arbitiio
810 1888 917 1920 cultus
940 1890 1158 1920 instituantur.
1203 1888 1261 1919 Er·

291 1946 346 1965 ror
369 1941 417 1965 est
442 1934 578 1976 fingere,
602 1934 688 1974 quod
713 1931 894 1963 coelibatus
916 1938 1080 1963 mereatur
1098 1932 1262 1962 remissio—

292 1987 364 2008 nem
388 1984 616 2017 peccatorum,
648 1985 704 2006 seu
729 1975 817 2016 quod
840 1975 913 2005 ideo
933 1975 974 2005 sit
998 1974 1155 2011 tuendus,
1187 1974 1261 2015 quia

293 2030 350 2060 per
380 2029 456 2050 sese
484 2020 523 2049 sit
549 2017 723 2059 singularis
748 2023 777 2048 et
802 2018 937 2048 eximius
961 2015 1068 2048 cultus
1091 2016 1169 2054 Dei,
1204 2025 1261 2046 5011

294 2062 379 2103 quod
403 2062 586 2103 coniugium
610 2061 649 2091 sit
674 2061 759 2091 vitae
782 2070 887 2101 genus
900 2060 1107 2097 immundum,
1129 2064 1263 2099 propter

295 2104 380 2144 quod
402 2103 499 2134 homo
523 2110 577 2134 aut
599 2113 664 2133 non
686 2102 816 2144 placeat
839 2108 893 2133 aut
915 2102 1021 2132 minus
1039 2100 1168 2142 placeat
1179 2100 1262 2131 Deo.

295 2145 334 2176 Hi
370 2155 499 2177 errores
530 2152 604 2177 sunt
636 2145 806 2176 doctrinae
828 2145 1073 2175 (laeinoniorum
1096 2150 1128 2174 et
1150 2153 1263 2174 110005-

296 2189 382 2219 sario
406 2189 536 2219 taxandi
562 2195 644 2219 sunt.
691 2186 839 2218 Ceterum
875 2185 985 2218 laudat
1009 2185 1132 2217 Paulus
1166 2186 1264 2227 virgi-

296 2233 427 2262 nitatem
446 2232 476 2261 in
500 2231 651 2272 personis
674 2230 813 2267 idoneis,
837 2235 867 2260 et
891 2228 1000 2260 laudat
1023 2234 1157 2269 propter
1169 2228 1263 2259 finem

297 2273 418 2311 utilem,
442 2283 506 2303 non
530 2273 617 2314 quod
635 2273 740 2314 magis
765 2272 804 2302 sit
829 2271 937 2303 cultus
949 2271 1023 2308 Dei,
1047 2281 1141 2312 quam
1155 2271 1264 2302 coniu-

299 2318 404 2359 gium3
429 2315 493 2346 Sed
517 2317 592 2356 quia
615 2325 718 2356 genus
743 2315 828 2345 vitae
850 2312 986 2345 coelibis
1011 2314 1189 2354 expeditius
1214 2318 1263 2344 est

301 2359 341 2390 ad
363 2357 519 2399 pleraque
541 2358 733 2395 ministeria,
769 2357 844 2398 quia
866 2355 1002 2394 familia,
1035 2356 1187 2387 miseriae
1210 2356 1264 2386 do-

301 2401 458 2432 mesticae
480 2398 686 2440 multiplices,
712 2409 811 2440 saepe
835 2405 908 2430 sunt
926 2399 1162 2439 impedimenta,
1173 2407 1265 2438 prae-

304 2443 412 2474 sertim
446 2441 669 2483 pusillanimis.
726 2442 815 2472 Haec
850 2451 927 2472 vera
962 2447 1051 2478 sunt,
1091 2441 1147 2471 sed
1183 2439 1265 2471 alius

308 2583 351 2608 33)
371 2582 390 2605 si
409 2586 470 2610 opu<
491 2580 539 2609 est]
559 2579 629 2603 Editt.
652 2581 669 2601 1.
692 2580 704 2603 3
733 2579 752 2601 <i
771 2578 845 2602 habet
864 2584 924 2607 opu«

916 143 1022 175 i’lllL.
1047 144 1148 176 lul-212.
1169 144 1320 177 seltw'r
1322 147 1351 177 A
1370 145 1638 178 DOGMATIGA.

2206 149 2267 182 73⁶2

1301 237 1388 270 aliud
1411 239 1529 270 donum
1552 238 1660 270 babet.
1697 239 1787 270 Haec
1799 240 1972 272 admonitio
1992 250 2122 282 semper
2139 242 2170 272 in
2190 251 2266 273 con-

1300 287 1415 321 spectu
1437 280 1587 313 habenda
1610 286 1672 321 est,
1695 287 1727 312 et
1748 281 1837 314 multi
1860 282 2023 320 coelibes,
2056 283 2180 314 etiamsi
2201 294 2266 316 non

1301 330 1376 354 sunt
1389 324 1608 355 contaminata
1623 334 1776 364 corpora,
1800 330 1908 356 tamen
1922 325 2044 356 habent
2065 325 2190 357 animos
2213 336 2267 358 oc-

1301 373 1438 406 cupatos
1472 364 1592 396 illicitis
1626 365 1783 402 flammi-53
1815 365 1908 398 Multi
1930 368 2004 398 item
2025 367 2128 409 magis
2152 377 2268 400 excru-

1301 408 1427 439 ciantur
1460 408 1601 440 sordidis
1633 409 1720 439 curis
1743 409 2000 449 quaerendorum
2022 409 2268 450 praesidiorum,

1300 448 1476 500 honorum,-
1505 449 1704 491 splendoris,
1741 461 1837 492 quam
1859 450 2004 493 plerique
2026 452 2069 492 pii
2092 457 2123 483 et
2146 452 2267 484 medio-

1301 502 1375 523 0105
1399 494 1513 524 mariti.

1760 572 1829 603 vn.

1606 630 1666 662 DE
1699 575 1965 662 ExiANdEIAO.

1387 688 1460 718 Non
1496 689 1625 720 dubium
1660 696 1710 721 051
1734 689 1914 731 Apostolos
1949 690 2108 733 singulari
2133 690 2270 723 consilio

1300 729 1553 770 appellationem
1582 737 1647 761 tam
1670 731 1797 763 dulcem
1821 739 1850 763 et
1876 731 2026 764 blandam
2051 743 2130 764 suae
2153 733 2272 765 doctri-

1300 782 1362 802 nae
1385 773 1557 810 tribuisse,
1579 778 1615 804 ut
1637 774 1796 814 insignius
1819 781 1912 806 esset
1935 775 2109 807 discrimen
2132 774 2216 818 legis
2240 781 2272 806 et

1299 814 1528 855 promissionis
1562 815 1602 845 de
1632 814 1910 847 reconciliatione.
1955 817 2049 849 Sicut
2072 823 2104 849 et
2126 816 2271 859 Prophe-

1301 863 1353 887 tae
1376 866 1478 897 saepe
1501 857 1533 886 in
1556 855 1620 888 hoc
1643 864 1836 900 argumento
1860 859 1911 889 usi
1934 864 2009 889 sunt
2031 858 2185 900 peculiari
2200 868 2272 890 ver-

1301 899 1343 929 bo
1358 898 1464 929 Basar
1488 900 1600 943 [Ὑψζὼ
1624 900 1710 941 quod
1735 899 1899 941 significat
1920 910 1974 932 res
1998 910 2103 932 novas
2123 907 2156 933 et
2166 901 2273 932 bonas

1301 949 1523 980 nuntiare.Est
1531 956 1639 981 autem
1646 949 1812 989 εὐαγγέλιον
1819 953 1963 988 vetus-¹³⁶)
1972 949 2179 989 vocabulum,
2206 952 2272 983 uod

1301 992 1364 1022 etsi
1387 992 1473 1032 apud
1498 991 1675 1022 Homerum
1703 992 1865 1033 significat
1885 1003 2002 1024 munus
2029 994 2170 1025 dandum
2201 999 2275 1024 aeta

1301 1035 1478 1072 nuntianti,
1506 1040 1612 1065 tamen
1636 1033 1756 1076 alioqui
1779 1036 1810 1065 in
1835 1034 1945 1077 lingua
1959 1035 2089 1066 Graeca
2112 1034 2275 1077 significat

1301 1086 1505 1114 sermonem,
1539 1087 1592 1107 res
1621 1078 1726 1108 bonas
1755 1083 1787 1108 et
1810 1077 1914 1108 laetas
1937 1077 2156 1115 nuntiantem,
2189 1077 2273 1110 sicut

1302 1129 1341 1150 ea
1363 1128 1446 1149 voce
1465 1117 1618 1159 Apostoli
1641 1120 1691 1150 usi
1714 1124 1806 1156 sunt,
1842 1126 1875 1150 ut
1898 1118 2071 1151 manifesta
2089 1119 2272 1151 testimonia

1301 1159 1401 1191 multa
1435 1167 1532 1198 sunt,
1564 1167 1599 1192 ut
1622 1160 1818 1192 Plutarchus
1852 1162 1884 1192 in
1919 1162 1985 1192 vita
2007 1161 2204 1193 Artaxerxis
2229 1164 2272 1200 [0.

1304 1203 1368 1241 14.]
1400 1201 1488 1234 clare
1523 1204 1601 1234 dicit
1632 1203 1799 1243 εὐαγγελίου
1821 1203 1948 1243 μισθὸν,
1981 1203 2036 1235 ubi
2058 1201 2275 1245 Evangelium

1302 1244 1438 1286 intelligi
1460 1255 1644 1276 sermonem
1668 1245 1753 1276 laeta
1776 1246 1975 1277 nuntiantem
1998 1255 2138 1277 necesse
2157 1251 2219 1283 est,
2242 1252 2274 1275 et

1302 1294 1379 1319 sunt
1400 1287 1432 1318 in
1456 1288 1570 1319 eodem
1592 1287 1668 1318 loco
1691 1287 1785 1328 plura
1814 1289 2008 1319 testimonia.
2053 1287 2152 1319 Extat
2173 1293 2206 1318 et
2228 1293 2275 1318 te-

1303 1330 1488 1361 stimonium
1515 1331 1547 1360 in
1577 1330 1644 1360 vita
1673 1329 1818 1370 Pompeii
1848 1333 1890 1368 [0.
1921 1330 1985 1368 414
2021 1329 2275 1372 γραμματορόφοι

1302 1373 1499 1414 προςήλαυνον
1522 1375 1553 1402 ἐκ
1577 1372 1690 1402 Πόντου
1715 1374 1879 1410 κομίζοντες
1901 1372 2062 1411 εὐαγγέλια.
2117 1371 2160 1403 Et
2180 1381 2273 1412 pror-

1303 1424 1361 1446 sus
1384 1415 1432 1446 sic
1456 1413 1585 1445 locutus
1608 1420 1659 1445 051
1682 1413 1798 1445 Cicero
1822 1415 1863 1444 ad
1886 1415 2030 1445 Atticum
2054 1413 2112 1452 111,
2135 1413 2166 1451 3,
2191 1413 2220 1445 1.
2243 1419 2274 1445 01

1305 1457 1356 1494 12,
1381 1457 1434 1494 l.].
1480 1456 1716 1496 Admoneatssss)
1740 1456 1836 1497 igitur
1858 1456 1931 1496 pios
1949 1454 2178 1496 appellationis
2201 1466 2275 1486 sua-

1303 1500 1387 1530 vitas
1412 1499 1452 1529 de
1474 1508 1562 1529 novo
1586 1498 1753 1529 doctrinae
1777 1507 1898 1540 genere
1921 1504 1952 1528 et
1976 1498 2017 1529 de
2040 1496 2124 1540 legis
2148 1504 2180 1529 et
2201 1508 2275 1539 pro-

1303 1541 1467 1572 missionis
1492 1540 1686 1572 discrimine.
1732 1540 1802 1571 Nee
1825 1550 1904 1571 vero
1928 1540 2081 1581 fingimus
2103 1549 2210 1572 novas
2231 1539 2275 1571 di—

1304 1583 1497 1614 stinctiones
1530 1584 1636 1624 magis
1670 1588 1822 1623 argutas,
1858 1593 1955 1623 quam
1977 1583 2206 1621 necessariaS,
2240 1588 2273 1615 ut

1304 1625 1495 1667 hypocritae
1528 1625 1618 1656 multi
1653 1623 1857 1656 cavillantur.
1921 1624 2061 1656 Ioannes
2093 1622 2277 1665 Apostolus

1304 1669 1392 1699 initio
1416 1668 1508 1699 Evan
1535 1666 1586 1698 elii
1609 1668 1658 1699 sui
1681 1666 1882 1698 luculentum
1907 1667 2081 1698 discrimen
2103 1667 2274 1707 proponit:

1304 1711 1374 1741 Lex
1408 1720 1466 1751 per
1490 1710 1508 1740 a
1525 1720 1628 1751 oysen
1663 1709 1737 1740 data
1771 1716 1839 1747 est,
1873 1710 1978 1751 gratia
2011 1715 2043 1740 et
2072 1709 2195 1740 veritas
2218 1717 2277 1749 per

1304 1753 1412 1784 lesum
1436 1752 1599 1784 Christum
1634 1750 1722 1782 facta
1755 1758 1805 1782 est
1841 1757 1901 1783 etc.
1946 1751 2094 1782 Necesse
2117 1757 2168 1782 est
2190 1751 2274 1782 enim

1305 1795 1446 1826 discerni
1468 1801 1645 1836 praecepta
1663 1800 1695 1825 et
1716 1795 1941 1825 remissionem
1963 1799 2187 1834 peccatorum,
2209 1792 2274 1823 dis-

1305 1838 1395 1869 cerni
1420 1843 1596 1878 praecepta
1625 1842 1658 1868 et
1687 1837 1944 1877 promissiones;
1987 1836 2063 1867 item
2085 1835 2275 1876 promissio·

1305 1890 1379 1911 nem
1413 1881 1584 1922 gratuitam
1618 1890 1638 1911 a
1669 1879 1959 1920 promissionibuS,
1993 1887 2077 1918 quae
2109 1886 2175 1908 non
2198 1883 2273 1908 sunt

1306 1924 1476 1964 gratuitae.
1505 1921 1564 1954 Est
1586 1928 1693 1953 autem
1711 1921 1791 1958 Lex,
1815 1926 1849 1952 ut
1873 1930 1969 1960 supra
1993 1919 2113 1951 dictum
2132 1926 2194 1957 est,
2217 1919 2274 1950 do-

1306 1966 1409 1995 cti-‘na
1432 1965 1601 2005 requirens
1623 1961 1803 2004 perfectam
1826 1963 2041 1994 obedientiam
2064 1971 2144 2003 erga
2155 1961 2275 1998 Deum,

1306 2017 1371 2038 non
1392 2009 1436 2043 3⁷)
1460 2007 1589 2037 remittit
1613 2006 1714 2047 gratis
1737 2011 1892 2046 peccata,
1925 2015 1991 2035 non
2020 2004 2208 2044 pronuntiat
2228 2003 2275 2034 iu-

1306 2056 1396 2086 5105,
1431 2049 1463 2079 111
1485 2054 1552 2086 051,
1585 2057 1665 2079 acce
1689 2053 1740 2077 1115
1764 2047 1856 2084 Deo,
1886 2047 1947 2077 nisi
1969 2046 2050 2088 Legi
2069 2044 2275 2077 satisfactum

1307 2093 1359 2123 sit.
1404 2091 1444 2122 Et
1467 2100 1653 2132 quanquam
1666 2058 1773 2120 ¹babet
1795 2089 2052 2130 promissioneS,
2084 2093 2191 2119 tamen
2213 2086 2276 2118 hae

1307 2135 1475 2175 requirunt
1515 2133 1732 2163 conditionem
1772 2130 1922 2172 impletae
1958 2130 2069 2172 Legis.
2130 2129 2275 2160 Econtra

1307 2174 1521 2217 Evangelium
1555 2175 1616 2206 etsi
1651 2174 1865 2205 concionatur
1898 2174 1938 2204 de
1960 2171 2159 2213 poenitentia
2181 2177 2212 2203 et
2234 2171 2276 2209 de

1307 2262 1353 2292 36)
1372 2261 1521 2286 vocabulum
1542 2278 1547 2283 .
1569 2279 1573 2283 .
1595 2279 1599 2283 .
1620 2259 1771 2289 Admoneat]
1798 2259 1868 2284 Editt.
1898 2260 1919 2284 1.
1950 2260 1973 2283 3.
2002 2258 2159 2284 vocabulum.
2205 2258 2275 2290 Apud

1376 2296 1510 2321 Homerum
1530 2294 1654 2324 siguificat
1671 2294 1826 2325 praemium,
1846 2292 1911 2323 quod
1931 2292 2005 2317 datur
2022 2297 2075 2316 rem
2094 2293 2198 2322 gratam>
2211 2298 2270 2317 nun·

1377 2329 1456 2354 1101111.
1491 2329 1518 2354 Et
1542 2329 1636 2358 passim
1660 2328 1753 2357 legitur
1778 2326 1844 2357 apud
1863 2326 1956 2351 multos
1975 2325 2114 2356 scriptores
2133 2323 2276 2356 εὐαγγέλια

1376 2360 1463 2391 θύειν,
1477 2368 1522 2393 pro
1541 2362 1669 2392 sacrificio,
1688 2361 1753 2392 quod
1773 2360 1864 2389 tiebat,
1891 2365 1947 2384 cum
1972 2362 2061 2389 gratae
2085 2364 2128 2384 res
2145 2359 2276 2384 nuntiatae

1377 2399 1472 2421 essent.
1508 2396 1577 2426 Apud
1596 2396 1755 2421 Plutarchum
1787 2395 1860 2419 etiam
1880 2393 2005 2423 significat
2022 2393 2103 2423 ipsum
2122 2398 2276 2422 sermonem,

1377 2437 1425 2461 quo
1453 2433 1540 2460 gratae
1568 2436 1609 2455 res
1639 2430 1801 2459 nuntiantur;
1838 2428 1901 2453 sicut
1928 2433 1958 2452 ea
1985 2432 2046 2451 voce
2065 2428 2091 2452 et
2107 2426 2217 2458 Apostoli
2236 2427 2276 2463 usi

1377 2466 1444 2489 sunt.
1481 2465 1521 2489 Sic
1544 2464 1610 2489 enim
1629 2464 1749 2494 scriptum
1772 2464 1810 2487 est
1830 2461 1854 2486 in
1872 2461 1921 2485 vita
1940 2460 2058 2498 Pompeii,
2074 2466 2276 2493 γραμματοφυ-

1379 2505 1420 2529 ροι
1449 2495 1624 2529 προςήλαυνον
1651 2495 1679 2521 ἐκ
1701 2493 1799 2520 πόντον
1827 2494 1978 2526 κομίζοντες
1996 2492 2148 2524 ευαγγέλια.
2184 2493 2276 2518 Admo—

1378 2533 1437 2557 neat

1312 2575 1357 2604 37)
1376 2573 1435 2604 non]
1458 2574 1497 2599 Ε11.
1516 2575 1556 2599 22.
1575 2576 1600 2598 et
