2358 2933
172 101 236 132 955

174 201 205 224 et
235 199 349 223 morte.
395 192 480 222 Nam
516 192 546 221 in
576 191 663 221 hunc
695 191 842 221 derivata
872 197 923 221 est
953 191 1001 221 ira
1030 191 1154 222 aeterni

175 236 279 276 patris
303 238 464 265 adversus
487 242 625 274 peccata
649 240 776 263 nostra.

263 277 353 307 llaec
377 282 517 316 quatuor
544 285 668 316 genera
693 276 847 306 distincta
876 274 1155 314 appellationibus

176 321 388 351 considerare
412 318 490 348 utile
517 324 567 348 est
595 323 731 358 propter
760 316 935 348 multarum
964 317 1156 356 disputatio-

178 373 251 393 num
275 361 535 402 explicationem.

614 485 732 523 [xum

376 571 436 602 DF„
460 569 764 601 leoCATioNE
787 569 862 600 DEI
886 568 972 600 SEU

481 655 542 686 DE
565 654 856 685 PRECATIONE.

269 741 351 772 Cum
375 742 414 771 de
439 742 558 771 ceteris
583 740 769 776 virtutibus,
793 740 833 769 de
855 738 1095 780 Temperantia,
1120 739 1160 769 de

184 784 437 815 Mansuetudine
466 790 495 813 et
527 782 600 813 aliis
633 789 698 813 tam
728 788 883 812 accurate
910 783 1035 822 scripta
1057 781 1159 811 multa

184 826 348 868 legantur,
370 827 484 856 mirum
509 832 559 855 est
582 826 622 855 de
646 824 708 854 hac
720 825 839 855 virtute
863 824 1004 855 omnium
1023 833 1161 861 summa,

182 871 222 900 de
247 870 456 899 luvocatione
480 867 558 905 Dei,
583 878 648 897 non
671 866 778 897 solum
801 877 909 906 pauca
931 867 1051 897 tradita
1074 876 1162 903 esse,

184 912 242 942 sed
255 914 301 940 ³3)
327 912 422 941 etiam
458 909 664 951 corruptelas
693 910 854 939 admixtas
891 919 968 939 esse
997 909 1038 939 de
1067 908 1162 939 lnvo-

185 956 317 985 catione
342 959 558 989 mortuorum,
582 953 658 983 item
670 950 792 993 negligi
816 952 998 982 doctrinam
1018 952 1058 982 de
1070 951 1161 988 Fide,

183 1007 268 1038 quae
292 997 432 1026 maxime
456 996 487 1025 in
516 996 724 1025 invocatione
752 993 864 1024 lucere
888 994 1005 1030 debet,
1035 992 1161 1034 negligi

184 1041 259 1069 item
283 1039 458 1069 discrimen
482 1038 712 1078 promissionis
736 1038 864 1077 gratiae
889 1043 920 1066 et
932 1036 1162 1077 promissionis

185 1083 345 1112 bonorum
366 1078 596 1120 corporalium.
631 1079 849 1110 Utilissimum
861 1086 912 1109 est
931 1085 1039 1109 autem
1062 1084 1162 1115 recte,

185 1123 358 1165 diligenter
377 1130 409 1153 et
437 1123 573 1163 copiose
603 1123 723 1153 erudiri
747 1120 932 1152 Ecclesiam
966 1122 1006 1151 de
1029 1122 1162 1151 invoca-

185 1167 291 1200 tione,
335 1175 419 1206 quae
453 1166 621 1205 proprium
650 1163 752 1194 solius
775 1164 948 1194 Ecclesiae
982 1173 1066 1204 opus
1101 1169 1162 1193 est.

185 1209 324 1239 Ceterae
355 1209 491 1238 virtutes
515 1207 655 1243 multae,
683 1214 718 1237 ut
741 1206 988 1247 Temperantia,
1011 1205 1164 1236 Mansue-

186 1252 281 1288 tudo,
306 1251 510 1291 reperiuntur
534 1251 627 1280 etiam
651 1250 683 1279 in
706 1248 770 1286 his,
795 1250 848 1289 qui
872 1248 977 1278 Deum
1000 1249 1164 1289 ignorant,

187 1300 222 1324 ut
252 1295 283 1324 in
303 1293 485 1333 Pomponio
506 1292 616 1322 Attico
641 1299 671 1322 et
685 1294 731 1323 ⁸⁴)
764 1291 935 1321 similibus.
982 1290 1050 1321 Sed
1073 1292 1164 1320 invo-

189 1337 277 1366 catio
302 1343 427 1365 tantnm
462 1340 512 1364 est
532 1334 704 1365 Ecclesiae
738 1340 769 1364 et
804 1334 934 1373 quidem
968 1333 1164 1372 praecipuus

187 1385 236 1408 est
270 1377 442 1408 Ecclesiae
482 1387 612 1414 murus,
657 1383 692 1407 ut
725 1375 883 1406 Salomon
920 1376 1023 1415 inquit
1054 1375 1164 1411 [Prov.

190 1421 240 1458 18,
263 1421 342 1457 104:
377 1419 489 1450 Turris
509 1418 688 1449 fortissima
722 1428 840 1448 nomen
868 1418 1016 1454 Domini,
1042 1417 1074 1447 id
1104 1423 1166 1454 est,

188 1463 358 1494 Invocatio
389 1472 468 1492 vera
491 1461 564 1491 Dei.

273 1506 514 1536 Discernantur
542 1510 649 1534 autem
679 1503 820 1545 gradus:
854 1503 920 1532 Aut
944 1502 1084 1542 petimus
1108 1500 1166 1531 ali-

189 1549 266 1590 quid
289 1559 308 1578 a
332 1548 416 1584 Deo,
451 1548 482 1577 id
507 1547 637 1587 proprie
660 1552 799 1576 vocatur
821 1545 933 1585 petitio
957 1555 1018 1575 seu
1042 1544 1166 1577 oratio;

192 1594 254 1622 Aut
280 1592 409 1632 agimus
434 1591 555 1630 gratias
580 1599 639 1629 pro
659 1593 798 1628 accepto
824 1587 996 1623 beneficio,
1019 1586 1084 1616 hoc
1103 1591 1166 1621 est,

190 1642 348 1665 testamur
381 1643 458 1662 vere
482 1643 500 1661 a
524 1631 597 1661 Deo
621 1641 682 1661 nos
716 1631 847 1660 adiutos
883 1640 960 1660 esse
984 1636 1014 1659 et
1040 1629 1068 1658 ei
1093 1638 1165 1669 gra-

191 1679 253 1708 tias
276 1677 419 1717 agimus,
454 1681 485 1705 et
509 1673 731 1704 celebratione
755 1671 852 1702 huius
877 1672 1027 1702 beneficii
1050 1681 1111 1701 nos
1136 1676 1165 1700 et

191 1719 275 1750 alios
299 1719 339 1748 ad
363 1718 525 1748 Timorem
548 1716 627 1753 Dei,
659 1716 698 1746 ad
723 1715 836 1745 fidem
858 1724 897 1744 ac
921 1715 964 1744 ad
987 1713 1168 1744 invocatio-

191 1772 264 1792 nem
300 1762 485 1791 invitamus,
531 1759 600 1789 Has
635 1759 766 1798 species
796 1767 895 1797 saepe
918 1757 1063 1786 nominat.
1087 1755 1168 1785 Pau-

192 1804 256 1841 lus,
275 1811 306 1834 et
330 1810 407 1833 nota
431 1808 505 1833 sunt
529 1802 632 1831 verba
657 1799 795 1840 Philipp.
819 1800 848 1829 4.
875 1804 936 1836 ivs.
961 1799 1004 1836 6.]
1029 1798 1102 1828 Non
1127 1798 1169 1827 si-

194 1850 235 1877 tis
258 1845 402 1876 solliciti.
426 1846 484 1876 sed
504 1846 535 1874 in
555 1844 641 1874 omni
664 1843 853 1884 precatione
866 1848 894 1872 et
906 1842 1073 1882 petitione,
1096 1850 1169 1870 cum

195 1890 373 1932 gratiarum
397 1889 526 1918 actione
548 1885 790 1927 postulationes
814 1891 943 1914 vestrae
963 1885 1167 1913 innotescant

195 1933 279 1973 apud
305 1932 419 1962 Deum.
465 1931 514 1960 Ne
549 1931 646 1970 igitur
676 1928 822 1969 precatio
852 1934 967 1957 nostra
998 1926 1040 1956 sit
1062 1926 1170 1955 inanis

195 1977 373 2015 βαττολογιά
407 1979 437 2003 et
466 1972 639 2003 Ethnicum
674 1981 834 2007 murmur,
868 1970 1081 2009 seiungamus
1116 1977 1172 1997 no-

196 2024 296 2047 stram
319 2017 559 2047 invocationem
582 2015 622 2044 ab
646 2013 796 2049 Ethnica,
820 2012 1047 2048 Mahometica,
1071 2010 1173 2040 ludai-

198 2071 248 2096 ca,
284 2066 315 2089 et
350 2060 534 2095 discamus,
569 2056 732 2098 quomodo
768 2061 858 2086 recte
893 2054 1096 2086 invocandus
1132 2053 1173 2082 sit

202 2103 303 2132 Deus.

287 2145 335 2174 Ac
359 2144 496 2184 primum
519 2152 619 2183 saepe
642 2142 725 2172 inter
747 2140 967 2171 invocandum
980 2139 1175 2179 cogitemus,

199 2187 276 2227 quid
301 2187 426 2216 intersit
452 2187 536 2215 inter
560 2196 671 2215 veram
694 2184 953 2219 invocationem,
977 2191 1073 2222 quam
1096 2178 1175 2210 facit

200 2228 346 2260 Ecclesia
370 2228 445 2262 Dei,
470 2234 500 2258 et
522 2227 713 2264 Ethnicam,
737 2225 987 2256 Mahometicam
1018 2229 1049 2254 et
1071 2223 1176 2252 Iudai-

202 2283 284 2302 cam.
330 2271 391 2301 Hic
416 2271 559 2301 sciamus
582 2271 757 2309 praecipue
782 2270 846 2299 duo
872 2277 948 2298 esse
971 2266 1174 2297 discrimina:

204 2313 350 2344 Alterum
375 2314 415 2343 de
439 2313 501 2343 Dei
526 2314 683 2349 essentia,
708 2311 842 2342 alterum
868 2312 907 2341 (16
931 2308 1098 2340 voluntate
1122 2318 1176 2348 pa-

202 2356 324 2387 tefacta
348 2357 378 2386 in
399 2357 615 2395 promissione
639 2362 669 2385 et
685 2353 765 2385 Filio
777 2354 970 2384 Mediatore.
1016 2351 1113 2386 Quod
1136 2350 1178 2381 ad

205 2484 250 2515 83)
270 2484 316 2509 sed
335 2484 413 2509 abest
431 2484 466 2508 ab
485 2484 556 2508 Editt.
580 2483 685 2508 15—18.
704 2484 745 2505 21.
764 2483 804 2507 24.
824 2482 864 2505 28.
884 2483 923 2506 30.
943 2482 984 2504 34.

206 2536 251 2565 84)
271 2535 306 2566 et]
329 2535 400 2559 Editt.
424 2536 513 2559 1—10.
535 2535 572 2556 1-2.
593 2540 622 2558 ac

807 98 916 129 PHlL.
940 98 1043 130 MEL.
1065 97 1250 130 SCRIPTA
1268 97 1540 129 DOGMATICA.

2115 100 2179 132 956

1198 191 1288 230 prius
1312 191 1437 226 attinet,
1460 191 1613 220 aberrant
1631 189 1772 228 Ethnici‚
1797 191 2050 222 Mahometistae
2073 198 2105 223 et
2129 193 2178 224 lu-

1200 233 1290 270 daei,
1325 239 1355 263 et
1380 233 1567 273 quicunque
1590 231 1679 262 idola
1701 239 1758 263 aut
1779 240 1928 264 mortuos
1953 234 2125 271 invocant,
2159 245 2179 265 a

1200 284 1280 305 vero
1304 274 1395 310 Deo,
1419 276 1473 315 qui
1497 284 1534 304 se
1557 272 1714 314 patefecit
1735 275 1811 305 dato
1835 277 1939 306 verbo
1963 286 2025 306 suo
2049 282 2082 306 et
2103 277 2179 306 mis-

1201 326 1239 346 so
1262 315 1342 346 Filio
1362 327 1434 347 suo.
1472 316 1629 346 invocant
1652 316 1750 347 Turci
1768 317 1886 355 Deum,
1908 325 1941 348 ut
1962 319 2083 355 dicunt,
2103 328 2180 348 con-

1202 359 1341 389 ditorem
1365 358 1449 389 coeli
1473 365 1500 388 et
1528 365 1645 388 terrae.
1692 359 1759 390 Sed
1778 359 1894 390 nolunt
1917 360 2006 390 hunc
2030 370 2106 390 esse
2125 370 2180 390 ve-

1202 412 1273 431 rum
1308 401 1415 432 Deum
1450 401 1652 432 conditorem
1687 401 1772 432 coeli
1801 408 1833 432 et
1857 408 1983 439 terrae,
2013 403 2067 443 qui
2093 402 2181 433 dedit

1203 444 1298 474 nobis
1322 443 1386 474 hoc
1408 444 1545 474 verbum
1569 444 1723 475 traditum
1745 455 1804 484 per
1829 444 2012 485 Prophetas
2037 450 2069 474 et
2091 445 2181 484 Apo-

1204 484 1323 523 stolos,
1347 496 1409 516 nec
1431 487 1656 517 assentiuntur
1680 485 1844 517 Christum
1868 497 1945 518 esse
1967 486 2083 517 Filium
2105 486 2180 518 Dei.

1203 528 1367 559 Aberrant
1399 539 1479 569 ergo
1509 540 1529 559 a
1551 528 1644 565 Deo,
1681 529 1767 559 sicut
1790 528 1942 560 Christus
1968 528 2056 559 clare
2079 529 2182 570 inquit

1205 570 1289 608 [ioh.
1312 571 1344 607 5,
1366 570 1454 608 23.]:
1500 570 1563 605 Qui
1587 581 1652 601 non
1676 570 1817 601 honorat
1840 570 1967 609 Filium,
1990 582 2056 602 non
2079 570 2181 602 hono-

1204 619 1254 643 rat
1287 619 1424 653 patrem.
1469 613 1540 643 Nec
1570 612 1637 644 vult
1660 613 1752 644 Deus
1787 612 1879 644 aliter
1902 615 2061 655 agnosci,
2085 624 2183 654 quam

1204 661 1238 685 ut
1272 665 1349 686 sese
1378 665 1438 685 suo
1468 656 1571 685 verbo
1601 661 1634 685 et
1662 666 1720 696 per
1749 655 1865 687 Filium
1893 656 2059 697 patefecit.
2105 656 2183 687 ldeo

1204 698 1303 727 toties
1327 698 1392 727 iam
1416 697 1555 727 diximus
1580 696 1703 728 nullam
1714 697 1901 729 Ecclesiam
1924 697 2104 729 electorum
2128 709 2183 729 co·

1205 739 1370 780 gitandam
1396 749 1490 776 esse,
1515 740 1577 770 nisi
1600 741 1631 769 in
1656 746 1752 771 coetu
1775 747 1913 777 vocato,
1948 742 2003 772 ubi
2026 751 2105 771 vcre
2129 750 2183 771 so·

1205 789 1259 812 nat
1282 780 1511 822 Evangelium.
1557 781 1597 812 Et
1622 781 1675 812 hic
1697 789 1823 813 tantum
1846 782 1882 813 fit
1907 793 1986 813 vera
2004 783 2182 820 invocatio,

1206 825 1281 864 quia
1317 834 1455 854 necesse
1485 830 1536 854 est
1559 824 1655 865 dirigi
1677 825 1918 855 invocationem
1942 825 1983 854 ad
2006 824 2094 855 hunc
2116 825 2183 855 De-

1205 877 1271 903 um,
1295 867 1349 907 qui
1372 877 1409 897 se
1432 864 1586 906 patefecit
1609 867 1686 896 dato
1711 865 1776 896 hoc
1800 868 1902 897 verbo
1926 873 1958 897 et
1979 868 2083 898 misso
2101 865 2183 898 Filio

1206 919 1267 940 suo
1291 908 1366 939 lesu
1390 908 1533 939 Christo.

1291 950 1442 982 Alterum
1465 952 1639 981 discrimen
1658 961 1724 981 non
1747 952 1854 982 minus
1873 952 2099 981 necessarium
2121 956 2183 982 est.

1205 993 1342 1024 Etiamsi
1366 992 1522 1024 naturalis
1546 995 1628 1024 ratio
1652 992 1772 1024 fatetur
1796 1003 1873 1023 esse
1895 993 2020 1030 Deum,
2042 999 2184 1024 mentem

1207 1042 1385 1073 aeternam,
1408 1037 1587 1066 immensae
1610 1037 1795 1075 potentiae,
1814 1036 2006 1075 sapientiae,
2030 1036 2184 1072 iustitiae,

1208 1079 1374 1116 bonitatis,
1398 1079 1610 1108 conditricem
1633 1088 1757 1115 rerum,
1787 1076 1908 1108 fatetur
1930 1078 2035 1118 puniri
2057 1083 2184 1114 sontes,

1207 1126 1315 1151 tamen
1350 1131 1463 1152 omnes
1497 1121 1604 1162 ignari
1627 1119 1799 1160 Evangelii
1827 1121 1992 1156 nesciunt,
2027 1130 2069 1150 an
2091 1119 2184 1150 Deus

1208 1163 1285 1193 velit
1310 1164 1458 1203 recipere
1481 1170 1613 1193 nostras
1636 1172 1765 1202 preces,
1789 1168 1820 1193 et
1838 1172 1896 1192 cur
1910 1162 2056 1202 recipiat.
2087 1161 2184 1202 Igno-

1209 1212 1282 1236 rant
1311 1206 1524 1236 Mediatorem
1548 1204 1716 1235 Christum
1750 1211 1782 1235 et
1814 1205 2065 1244 promissiones.
2110 1204 2185 1233 Non

1209 1254 1260 1278 est
1285 1254 1392 1278 autem
1414 1247 1592 1284 invocatio,
1616 1257 1700 1287 quae
1723 1247 1857 1283 dubitat,
1882 1257 1923 1276 an
1937 1246 2030 1277 Deus
2048 1246 2185 1285 recipiat

1209 1296 1341 1320 nostras
1365 1300 1496 1330 preces,
1506 1291 1554 1329 55)
1590 1295 1622 1319 et
1644 1290 1786 1329 ignorat,
1811 1299 1869 1319 cur
1892 1289 2040 1328 recipiat.
2085 1287 2185 1318 Inane

1208 1343 1353 1363 murmur
1375 1339 1437 1368 est,
1460 1338 1493 1362 ut
1517 1332 1603 1371 apud
1622 1329 1795 1372 Virgilium
1809 1330 1905 1367 [Aen.
1918 1329 2184 1369 1V,208-210.]

1208 1373 1266 1405 illa
1288 1374 1389 1415 Regis
1415 1374 1543 1404 barbari
1566 1374 1688 1403 oratio:

1364 1458 1418 1488 An
1440 1464 1472 1488 te
1495 1458 1623 1497 genitor
1642 1467 1714 1486 eum
1737 1455 1871 1486 fulmina
1895 1461 2043 1496 torques,

1318 1500 1544 1541 Nequicquam
1578 1499 1752 1529 horremus
1787 1498 1944 1538 coccique
1979 1498 2011 1528 in
2044 1497 2185 1528 nubibus

1416 1543 1510 1582 ignes

1319 1584 1514 1615 Terrificant
1553 1584 1679 1613 animos
1721 1588 1751 1612 et
1784 1583 1892 1612 inania
1932 1591 2096 1612 murmura
2129 1581 2186 1612 mi-

1419 1626 1532 1657 scent‘?

1301 1712 1357 1742 Sic
1388 1716 1522 1741 narrant
1538 1711 1587 1749 ss)
1621 1711 1653 1740 in
1678 1709 1777 1739 Creta
1800 1708 1886 1738 lovis
1909 1714 2050 1738 statuam
2071 1706 2187 1744 fuisse,

1213 1765 1298 1795 quae
1331 1764 1393 1784 nec
1427 1763 1525 1783 aures
1558 1762 1619 1782 nec
1643 1751 1758 1782 oculos
1781 1749 1936 1786 haberet,
1971 1760 2035 1790 qua
2068 1748 2187 1790 aliquis

1214 1797 1306 1832 ἄθεος
1336 1795 1533 1837 significavit
1566 1793 1689 1825 nullam
1722 1804 1798 1823 esse
1831 1792 2088 1832 providentiam,
2121 1801 2187 1822 non

1215 1840 1315 1880 recipi
1338 1849 1455 1879 preces
1485 1837 1660 1867 hominum.
1706 1836 1878 1866 Adversus
1901 1834 1966 1864 hoc
1988 1833 2107 1864 malum
2131 1834 2188 1864 do-

1216 1883 1341 1912 cendae
1364 1887 1439 1911 sunt
1462 1887 1600 1916 mentes,
1625 1885 1778 1918 oportere
1801 1877 1909 1908 afferri
1933 1877 1974 1906 ad
1986 1876 2189 1916 precandum

1216 1925 1301 1955 hanc
1335 1924 1450 1960 fidem,
1485 1932 1562 1953 vere
1596 1921 1695 1960 recipi
1719 1931 1738 1950 a
1761 1920 1834 1950 Deo
1858 1928 1976 1958 preces
2001 1924 2134 1949 nostras
2159 1923 2191 1948 et

1217 1968 1317 2007 recipi
1350 1972 1484 2006 propter
1506 1963 1622 1994 Filium
1644 1963 1856 1993 Mediatorem
1889 1961 1978 1991 iuxta
2000 1960 2191 2001 promissio-

1218 2020 1289 2040 nes.

1306 2051 1416 2086 Quare
1444 2048 1518 2080 talis
1551 2047 1659 2088 aliqua
1682 2045 1786 2077 forma
1809 2047 1891 2076 inter
1914 2045 2113 2084 precandum
2137 2054 2192 2074 co-

1221 2096 1352 2136 gitetur,
1376 2102 1459 2133 quae
1481 2097 1654 2130 utrumque
1679 2090 1852 2119 discrimen
1877 2086 2114 2127 complectitur,
2137 2086 2193 2116 ad-

1220 2143 1329 2168 monet
1362 2145 1423 2166 nos
1458 2135 1497 2164 de
1530 2133 1682 2174 personis
1713 2131 1890 2162 divinitatis
1925 2135 1956 2160 et
1985 2130 2027 2160 de
2055 2128 2193 2169 promis-

1221 2190 1325 2210 stone.

1308 2263 1534 2302 Omnipotens,
1558 2266 1690 2290 aeterne
1714 2265 1745 2288 et
1764 2259 1838 2288 vive
1857 2256 1962 2293 Deus,
1985 2261 2121 2286 aeterne
2134 2253 2194 2285 Pa-

1221 2314 1271 2337 ter
1294 2305 1426 2337 Domini
1461 2304 1564 2334 nostri
1593 2303 1667 2333 lesu
1692 2301 1830 2337 Christi,
1862 2300 1916 2340 qui
1946 2305 1978 2328 te
2011 2296 2195 2338 patefecisti

1221 2351 1379 2380 immensa
1403 2347 1558 2382 bonitate,
1577 2351 1608 2376 et
1632 2343 1784 2376 clamasti
1807 2344 1848 2373 (16
1860 2340 1940 2372 Filio
1965 2347 2032 2378 tuo,
2055 2339 2195 2370 Domino

1224 2477 1269 2505 85)
1287 2480 1387 2501 nostras
1408 2475 1517 2504 preces]
1538 2475 1608 2504 Coro.
1628 2474 1650 2496 2.
1670 2473 1694 2495 4.
1715 2478 1804 2502 preces
1823 2474 1932 2496 nostras

1200 2523 1204 2551 1
1225 2527 1270 2556 86)
1289 2527 1403 2558 narrant]
1424 2527 1496 2556 corp.
1519 2526 1590 2548 1-8.
1609 2527 1697 2549 narrat
