2358 2933
122 90 188 122 613

214 183 521 225 Testimonia
567 184 624 222 de
664 184 861 224 unitate
907 185 1010 224 Dei.

208 267 282 298 Una
294 273 344 297 est
357 270 492 296 aeterna
503 265 649 296 essentia
663 265 783 303 divina,
806 266 897 296 iuxta
909 266 1102 308 descriptio-

121 321 197 342 nem
218 310 376 350 positam,
404 313 558 338 aeternus
581 307 697 345 Pater,
726 307 830 339 Filius
853 309 962 350 imago
985 311 1100 349 patris,

121 359 154 384 et
188 353 327 393 Spiritus
366 357 514 381 sanctus.
570 350 621 380 Ac
659 360 824 391 personae
857 351 1100 390 discernuntur,

122 396 250 437 quoties
279 393 432 425 divinitas
461 394 547 423 intra
575 402 651 423 sese
681 394 888 424 describitur.
934 393 1002 424 Sed
1026 405 1100 426 cum

121 437 296 478 opponitur
315 436 489 472 creaturis,
506 436 627 466 mentio
646 435 682 465 fit
700 436 796 465 unius
813 442 968 466 aeternae
986 446 1099 467 essen-

118 482 195 517 tiae,
218 485 253 510 ut
265 478 363 509 Deut.
376 477 406 507 6.
428 481 490 515 [vs.
503 478 547 515 4.]
567 477 665 514 Audi,
688 476 802 514 lsrael,
826 477 987 508 Dominus
1004 478 1098 510 Deus

119 528 236 554 noster
259 521 423 552 Dominus
446 530 531 550 unus
556 526 616 549 est.
646 519 697 549 Ac
719 520 763 559 pii
787 521 965 551 observent
989 521 1098 562 appel-

119 564 285 595 lationem.
341 563 419 593 Dixi
458 562 710 593 discernendam
745 571 823 592 esse
856 563 1099 594 invocationem

118 606 293 638 Ecclesiae
317 607 357 636 ab
380 604 529 635 Ethnica.
564 603 641 634 ldeo
664 603 806 644 populus
829 603 934 635 Israel
955 605 1098 644 peculia-

119 660 188 680 rem
211 647 462 689 appellationem
484 646 604 677 lehova
629 647 742 676 tribuit
765 646 851 684 Deo,
873 653 907 677 ut
933 648 1099 678 discernat

117 691 226 722 Deum
256 701 369 721 verum
399 690 620 725 conditorem,
654 689 709 729 qui
739 699 776 719 se
810 690 842 719 in
876 689 941 720 hoc
975 689 1098 730 populo

118 732 284 774 patefecit,
307 733 348 762 ab
372 731 469 761 idolis
491 737 522 761 et
538 732 773 761 commenticiis
787 733 972 763 numinibus
986 732 1098 763 Ethni-

116 786 242 806 corum.
287 774 386 804 Deut.
402 774 432 804 4.
457 775 519 811 [vs.
534 772 617 812 35.]:
644 773 686 803 Ut
709 775 808 811 scias,
832 775 921 815 quod
935 774 1096 805 Dominus

118 824 169 848 est
179 817 287 855 Deus,
309 823 340 847 et
363 826 429 846 non
452 822 504 846 est
527 814 610 846 alius
634 822 765 855 praeter
786 827 871 853 eum,
896 817 928 847 id
952 825 1013 855 est,
1035 817 1096 848 llic

116 860 209 892 Deus
243 858 428 900 patefactus
462 859 494 889 in
528 857 591 889 hoc
625 858 748 899 populo
783 858 885 889 lsrael
919 859 1011 891 solus
1046 866 1095 890 est

116 903 222 934 Deus.
268 901 366 932 Deut.
391 901 442 931 32.
466 904 531 939 [VS.
555 900 620 939 394
667 901 799 938 Videte,
828 903 916 942 quod
944 913 1006 943 ego
1036 904 1096 933 sim

118 944 212 976 solus
236 950 268 975 et
290 955 356 974 non
380 950 430 974 est
454 942 537 974 alius
560 949 692 984 praeter
711 954 772 974 me.
807 943 934 974 Ies.44.
959 945 1095 983 [vs.6.]:

116 987 208 1018 Haec
233 988 309 1018 dicit
332 986 511 1023 Dominus,
541 996 599 1016 rex
622 985 726 1017 lsrael
749 993 779 1016 et
804 987 992 1028 redemptor
1014 988 1095 1024 eius,

115 1029 278 1060 Dominus
306 1029 524 1059 exercituum:
558 1027 630 1070 Ego
657 1039 729 1060 sum
752 1030 875 1068 primus
899 1037 930 1060 et
954 1031 1095 1060 novissi-

115 1081 199 1109 muS,
223 1077 255 1101 et
277 1077 410 1111 praeter
432 1081 484 1101 me
507 1081 573 1101 non
597 1078 647 1102 est
663 1071 768 1101 Deus.
804 1071 930 1102 les-15.
956 1073 1094 1111 [vs.5.]:

115 1114 188 1155 Ego
211 1123 283 1144 sum
300 1113 405 1150 Deus,
429 1119 461 1143 et
484 1124 550 1144 non
573 1120 624 1144 est
648 1113 734 1144 ullus
758 1120 942 1153 praeterea,
965 1121 1094 1155 praeter

114 1167 167 1187 me
198 1167 262 1187 non
292 1162 341 1187 est
372 1156 482 1192 Deus;
516 1156 589 1197 Ego
618 1156 729 1194 Deus,
765 1162 796 1187 et
827 1167 893 1186 non
922 1163 972 1187 est
999 1156 1092 1194 alius,

115 1198 261 1230 formans
285 1198 392 1229 lucem
417 1205 449 1228 et
472 1208 591 1229 creans
614 1200 780 1230 tenebras.
824 1198 919 1229 Item:
943 1200 1018 1230 Non
1043 1207 1093 1231 est

114 1240 197 1272 alius
210 1241 302 1272 Deus
326 1247 457 1281 praeter
480 1251 542 1277 me,
565 1240 660 1271 Deus
684 1242 788 1271 iustus
812 1248 844 1271 et
868 1240 1002 1272 salx-ans
1026 1253 1091 1274 non

115 1290 165 1314 est
188 1290 320 1323 praeter
343 1292 404 1312 me.
451 1282 685 1313 Convertimini
707 1284 750 1313 ad
771 1294 840 1322 me,
869 1291 899 1314 et
924 1283 1007 1316 salvi
1032 1287 1092 1316 eri-

112 1326 166 1361 tis,
191 1335 305 1356 omnes
324 1324 407 1355 fines
431 1331 550 1362 terrae,
573 1326 647 1366 quia
672 1336 735 1367 ego
759 1336 831 1356 sum
843 1326 948 1365 Deus,
972 1334 1003 1358 et
1026 1338 1091 1358 non

113 1374 163 1398 est
187 1366 282 1398 alius.
329 1367 357 1397 l.
382 1366 459 1398 Cor.
483 1367 513 1397 S.
538 1370 602 1405 [vs.
625 1368 689 1406 4.]:
737 1368 878 1407 Scimus,
902 1371 991 1410 quod
1013 1370 1090 1401 nihil

113 1416 163 1441 est
186 1408 308 1440 idolum
330 1410 362 1439 in
386 1411 507 1441 mundo
531 1417 563 1441 et
586 1411 675 1451 quod
698 1410 808 1442 nullus
833 1419 883 1442 est
902 1412 985 1443 alius
998 1413 1090 1444 Deus

112 1453 175 1484 nisi
198 1462 294 1483 unus.
339 1452 422 1482 Nam
452 1454 513 1483 etsi
537 1460 611 1484 sunt
636 1455 689 1494 qui
713 1455 863 1485 dicantur
878 1457 921 1488 3¹)
954 1456 996 1486 dii
1019 1457 1090 1487 sive

112 1496 144 1526 in
168 1494 263 1526 coelo
287 1495 358 1525 sive
385 1495 417 1525 in
440 1500 546 1532 terra,
574 1497 670 1527 sicuti
700 1503 775 1527 sunt
799 1498 841 1527 dii
865 1498 956 1528 multi
979 1505 1010 1529 et
1034 1499 1090 1529 do—

113 1539 189 1569 mini
211 1536 322 1572 multi;
352 1538 448 1568 nobis
478 1544 587 1568 tamen
610 1549 694 1569 unus
719 1545 769 1569 est
791 1539 885 1570 Deus
908 1548 1021 1581 pater,
1050 1552 1089 1571 ex

112 1591 178 1621 quo
203 1581 321 1617 omnia,
345 1584 375 1610 et
398 1590 459 1610 nos
485 1582 515 1611 in
543 1579 615 1617 ill0;
646 1588 674 1611 et
697 1592 779 1612 unus
800 1582 962 1613 Dominus
996 1584 1089 1614 lesus

113 1623 281 1660 Christus,
305 1633 364 1663 per
387 1633 482 1663 quem
502 1625 626 1661 onmia,
656 1630 686 1654 et
711 1635 771 1654 nos
795 1636 853 1665 per
876 1635 959 1657 eum.
1004 1626 1088 1667 Eph.

111 1667 143 1696 4.
168 1669 229 1703 [vs.
249 1666 309 1703 64:
334 1665 427 1696 Unus
446 1665 538 1696 Deus
562 1673 592 1697 et
619 1673 713 1707 pater
736 1669 889 1705 omnium,
913 1670 966 1709 qui
990 1679 1090 1710 super

112 1719 226 1739 onmes
251 1715 282 1739 et
304 1718 362 1748 per
386 1709 503 1739 onmia.

196 1801 256 1832 DE
290 1800 448 1832 TRIBUS
477 1801 693 1834 PERsole
722 1803 1000 1835 DlleITATIS.

196 1869 231 1900 In
255 1869 320 1900 hoc
342 1868 480 1900 articulo
504 1881 645 1901 necesse
667 1878 715 1902 est
740 1873 905 1909 constitui,
929 1873 1006 1914 quid
1030 1883 1087 1903 vo-

112 1911 262 1944 cabulum
286 1911 455 1942 Personae
484 1912 657 1954 significet.

110 1955 196 1986 hanc
215 1954 434 1985 definitionem
455 1956 703 1987 convenientem
721 1957 795 1987 huic
814 1957 970 1988 articulo:
993 1958 1085 1989 Per-

110 2040 347 2072 substantia
387 2041 621 2078 individua,
662 2041 909 2083 intelligens
951 2050 986 2074 et
1025 2045 1084 2075 in-

111 2082 480 2116 communicabilis.
527 2084 614 2115 Satis
639 2091 768 2116 constat
792 2092 921 2117 veteres
946 2087 1084 2128 scripto-

109 2137 163 2156 res
185 2124 358 2156 Ecclesiae
377 2124 494 2156 solitos
513 2125 596 2157 haec
617 2127 680 2158 duo
700 2127 865 2159 vocabula
885 2129 1084 2167 discernere,

109 2170 210 2199 οὐσίαν
234 2174 265 2199 01Ὶ
288 2168 467 2205 ὑπόστασιν,
498 2175 528 2199 01
553 2169 660 2200 dicere
683 2182 780 2202 unam
805 2182 881 2202 esse
905 2171 1021 2213 οὐσίαν,
1053 2174 1083 2203 id

109 2218 172 2249 est,
195 2211 373 2242 essentiam
396 2212 520 2241 aeterni
533 2211 652 2249 Patris,
675 2212 746 2244 Filii
767 2221 797 2244 et
811 2215 951 2255 Spiritus
967 2216 1084 2253 sancti,

107 2255 169 2285 sed
191 2261 260 2285 tres
282 2253 476 2291 ὑποστάσεις,
503 2254 536 2284 id
559 2260 628 2291 est,
656 2262 724 2286 tres
750 2268 827 2287 vere
850 2258 1084 2296 subsistentes,

108 2308 175 2328 non
195 2297 454 2332 commenticios.
478 2307 544 2327 non
564 2298 721 2336 caducos,
742 2310 807 2330 non
827 2298 1000 2337 confusos,
1024 2302 1082 2331 sed

108 2341 279 2371 distinctos
303 2349 363 2369 seu
386 2338 574 2381 singulares
599 2339 830 2383 intelligentes.
845 2344 891 2383 32)
927 2343 993 2373 Ρ1·0
1018 2343 1081 2375 hac

108 2468 153 2497 31)
173 2467 296 2498 dicantur]
318 2467 390 2492 Editt.
410 2468 483 2491 1-7.
502 2468 526 2492 9.
549 2470 586 2492 1-2.
608 2469 725 2494 dit-untur

108 2518 153 2549 32>
172 2519 315 2548 singulares
335 2519 526 2551 intelligentes]
547 2520 618 2545 Editt.
634 2523 654 2543 1.
669 2520 693 2543 3.
709 2521 853 2551 singulares
865 2525 889 2547 et
900 2523 1080 2553 intelligentes.

605 86 628 119 1.
652 87 753 118 LOCI
775 88 1051 122 THEOLOGICI:
1075 92 1118 123 D.
1143 91 1303 124 TERTIA
1325 93 1480 126 EORUM
1503 95 1676 145 AETAS.⁸

2069 100 2135 132 614

1123 182 1128 189 ’
1147 195 1232 216 voce
1243 185 1352 217 Latini
1370 188 1421 218 usi
1440 195 1518 220 sunt
1540 190 1671 221 nomine
1682 189 1864 229 Personae,
1888 198 1920 222 et
1943 203 2131 235 quanquam

1149 226 1280 259 Graeca
1308 239 1375 260 vox
1402 229 1565 267 ὑπόστασις
1596 239 1648 263 est
1670 231 1820 271 illustris,
1843 240 1963 272 tamen,
1978 237 2023 276 33)
2054 238 2129 278 quia

1146 269 1353 311 ingeniorum
1381 271 1561 312 petulantia
1589 284 1691 315 saepe
1719 277 1893 307 conturbat
1916 284 2007 308 recte
2030 280 2128 318 dicta,

1146 312 1237 342 rixae
1261 314 1358 344 etiam
1373 315 1413 345 de
1429 314 1593 347 vocabulo
1616 317 1778 354 ὑπόστασις
1801 326 1894 350 ortae
1917 326 2004 350 sunt.
2048 321 2128 352 Ces-

1146 361 1259 385 serunt
1293 357 1394 397 igitur
1422 356 1543 389 Graeci
1577 365 1609 389 et
1638 359 1776 391 Latinos
1808 363 1915 393 secuti
1947 371 2128 404 coeperunt

1146 397 1244 427 etiam
1276 396 1342 429 hoc
1380 397 1457 430 loco
1499 401 1611 431 dicere
1648 403 1708 433 tria
1749 404 1906 444 πρόςωπα.
1964 406 2031 436 Sed
2064 417 2126 438 nos

1146 439 1277 469 omissis
1291 442 1336 476 3⁴)
1366 441 1444 471 rixis
1469 442 1707 475 vocabulorum
1730 444 1906 477 Ecclesiae
1929 450 2125 480 sententiam

1145 479 1284 512 fideliter
1306 483 1522 522 retineamus,
1552 491 1584 515 et
1608 487 1720 517 verbis
1744 488 1807 518 iam
1830 489 1862 519 in
1885 489 2038 521 Ecclesia
2061 493 2126 522 usi-

1144 524 1221 553 tatis
1256 530 1288 554 et
1322 526 1466 565 receptis
1500 528 1572 557 sine
1601 530 1816 570 ambiguitate
1844 539 1984 563 utamur.
2029 533 2125 564 Lusit

1144 564 1243 596 homo
1265 565 1429 598 fanaticus
1454 568 1613 600 Set-vetus
1644 571 1684 601 de
1713 572 1876 603 vocabulo
1899 573 2069 606 Personae
2093 583 2125 607 et

1145 607 1289 648 disputat
1312 607 1388 639 olim
1399 610 1526 642 Latinis
1546 613 1756 654 significasse
1776 615 1923 647 habitum
1946 624 2001 648 aut
2025 617 2124 650 officii

1144 649 1406 689 distinctionem,
1437 659 1472 683 ut
1500 654 1636 685 dicimus
1659 655 1816 688 Roscium
1847 657 1930 689 alias
1961 661 2124 692 sustinere

1142 702 1319 731 personam
1330 693 1483 732 Achillis,
1507 695 1588 726 alias
1607 699 1771 730 sustinere
1789 711 1964 742 personam
1978 701 2122 744 Ulyssis,

1143 743 1203 764 seu
1233 733 1297 765 alia
1332 742 1381 765 est
1412 748 1555 776 persona
1591 739 1756 778 consulis,
1791 741 1856 773 alia
1889 746 1993 781 servi,
2027 753 2060 776 ut
2078 748 2121 781 3⁵)

1144 775 1262 807 Cicero
1277 779 1340 815 35³¹)
1363 779 1481 820 inquit:
1511 781 1669 822 Magnum
1698 791 1747 814 est
1779 785 1810 814 in
1840 785 2007 825 republica
2039 790 2122 819 tueri

1142 829 1319 858 personam
1348 822 1514 862 principis.
1560 824 1600 854 Et
1632 824 1718 856 hanc
1741 833 1886 858 veterem
1910 830 2122 870 significatio-

1142 871 1216 891 nem
1239 862 1392 893 vocabuli
1416 864 1654 906 sycophantice
1682 868 1857 910 detorquet
1884 872 1926 901 ad
1949 872 2122 904 articulum

1143 904 1183 934 de
1207 905 1312 935 tribus
1330 907 1485 945 personis
1505 908 1693 940 divinitatis.
1728 911 1794 942 Sed
1814 911 1875 943 has
1895 914 2010 954 impias
2029 926 2122 956 prae-

1142 947 1258 987 stigias
1288 946 1453 989 fugiamus
1483 957 1513 980 et
1539 961 1749 991 execrentur,
1781 961 1811 984 et
1834 956 1977 987 sciamus
2001 958 2033 988 in
2057 957 2121 989 1100

1141 988 1280 1019 articulo
1303 990 1397 1021 aliter
1430 991 1520 1032 loqui
1551 992 1747 1033 Ecclesiam,
1782 1003 1812 1027 et
1846 1008 2023 1038 personam
2058 1001 2121 1032 (lici

1141 1033 1359 1063 substantiam
1382 1034 1595 1073 individuam,
1630 1036 1867 1080 intelligentem
1889 1047 1919 1071 et
1945 1042 2120 1074 incommu-

1140 1073 1323 1105 nicabilem.
1370 1076 1423 1106 Ac
1455 1078 1592 1117 prodest
1621 1080 1651 1109 in
1687 1080 1750 1111 hac
1787 1084 1986 1123 cogitatione
2019 1095 2120 1126 saepe

1140 1122 1248 1146 mente
1272 1118 1388 1148 intueri
1414 1120 1609 1159 baptismum
1629 1121 1762 1161 Christi,
1787 1126 1840 1155 nbi
1865 1132 1931 1156 tres
1955 1137 2119 1167 personae

1139 1157 1260 1189 illustri
1289 1160 1475 1192 discrimine
1504 1170 1737 1195 monstrantur.
1782 1166 1882 1197 Pater
1913 1175 2010 1200 sonat
2033 1170 2119 1201 hanc

1139 1211 1273 1231 vocem:
1309 1202 1370 1233 Hic
1399 1210 1449 1234 est
1473 1204 1560 1235 filius
1585 1216 1676 1237 meus
1700 1207 1851 1240 dilectus.
1898 1210 2000 1242 Filius
2025 1219 2118 1244 stans

1139 1244 1170 1274 in
1194 1243 1327 1275 flumine
1362 1247 1576 1287 conspicitur,
1608 1256 1637 1280 et
1670 1250 1811 1291 Spiritus
1841 1260 1977 1284 sanctus
2007 1257 2119 1295 specie

1138 1285 1257 1317 visibili
1280 1287 1467 1319 demittitur.
1512 1290 1566 1321 Ad
1589 1290 1675 1322 hanc
1697 1296 1967 1327 monstrationem
1990 1307 2118 1329 accom-

1137 1329 1311 1359 modentur
1339 1337 1371 1361 et
1400 1331 1494 1362 firma
1523 1334 1726 1373 testimonia,
1755 1348 1840 1378 quae
1864 1346 2013 1378 narrant,
2045 1342 2117 1382 quis

1137 1378 1168 1402 et
1199 1371 1307 1412 qualis
1336 1374 1379 1404 sit
1401 1373 1522 1413 Filius,
1552 1377 1624 1417 quis
1640 1379 1684 1413 3⁶)
1713 1385 1744 1409 et
1773 1379 1880 1420 qualis
1911 1382 1953 1412 sit
1976 1383 2117 1423 Spiritus

1136 1422 1287 1445 sanctus.

1222 1456 1366 1489 Primum
1396 1469 1477 1501 ergo
1507 1460 1571 1492 hoc
1607 1462 1781 1494 discrimen
1817 1472 1984 1497 teneatur:
2019 1467 2118 1500 Pater

1135 1506 1291 1531 aeternus
1316 1508 1365 1531 051
1389 1512 1533 1541 persona
1558 1515 1624 1534 non
1647 1512 1735 1544 nata,
1759 1508 1820 1537 sed
1838 1519 1923 1549 quae
1942 1513 2055 1551 genuit
2074 1514 2115 1542 ab

1135 1550 1271 1573 aeterno
1294 1542 1410 1574 Filium
1433 1545 1606 1587 imaginem
1630 1549 1690 1579 sui.
1724 1548 1825 1581 Filius
1850 1558 1901 1581 est
1923 1552 2030 1594 imago
2054 1554 2115 1584 Pa-

1135 1587 1193 1616 tris
1224 1586 1334 1626 genita
1364 1588 1404 1617 ab
1434 1595 1568 1620 aeterno
1599 1600 1619 1620 a
1640 1590 1757 1628 Patre,
1794 1594 1847 1634 qui
1876 1602 1995 1634 postea
2023 1603 2114 1628 certo

1136 1635 1283 1668 tempore
1306 1630 1337 1659 in
1361 1637 1454 1660 utero
1476 1630 1603 1662 Mariae
1626 1636 1805 1675 assumpsit
1825 1635 1999 1668 humanam
2022 1647 2114 1670 natu-

1135 1682 1215 1708 ram,
1238 1678 1271 1701 nt
1296 1670 1379 1702 infra
1403 1674 1539 1704 dicetur.
1575 1674 1714 1715 Spiritus
1738 1685 1874 1709 sanctus
1898 1686 1948 1710 est
1973 1682 2115 1722 agitator

1134 1715 1321 1753 procedens
1345 1725 1363 1744 a
1386 1714 1486 1746 Patre
1509 1724 1539 1747 et
1563 1717 1663 1755 Filio,
1694 1726 1724 1750 et
1749 1721 1884 1752 mittitur
1905 1723 1947 1753 ad
1970 1726 2113 1755 sanctiti-

1135 1757 1259 1787 candas
1284 1764 1428 1796 mentes,
1450 1759 1482 1789 id
1506 1766 1574 1796 est,
1598 1771 1717 1792 novam
1740 1761 1865 1801 lucem,
1897 1765 2052 1797 iustitiam
2082 1776 2112 1798 et

1135 1800 1232 1829 vitam
1256 1798 1328 1830 Deo
1352 1799 1534 1840 placentem
1555 1810 1584 1833 et
1608 1811 1787 1843 aeternam,
1810 1808 2057 1839 accendendam
2081 1811 2111 1840 in

1132 1841 1274 1883 his-,aqui
1297 1842 1376 1873 fiunt
1400 1843 1561 1875 haeredes
1586 1847 1672 1877 vitae
1696 1856 1861 1879 aeternae.
1896 1850 1979 1881 Sunt
2004 1852 2112 1894 itaque

1108 1891 1199 1921 2tres
1239 1895 1403 1925 personae
1437 1887 1635 1925 divinitatis,
1674 1890 1869 1929 immensae,
1904 1900 2110 1933 coaeternae,

703 1914 845 1945 Primum
871 1916 970 1956 igitur
992 1917 1086 1947 trado
1108 1926 1109 1929 ’

1134 1928 1298 1965 ὑμοούσιοι,
1329 1935 1422 1968 pater
1444 1929 1576 1960 Domini
1600 1933 1705 1962 nostri
1729 1933 1804 1964 lesu
1827 1933 1968 1973 Christi,
1998 1936 2111 1975 Filius,

913 2001 920 2008 ·
1108 1998 1109 2001 ,
1132 1971 1185 2011 qui
1209 1971 1327 2001 dicitur
1350 1972 1436 2010 λόγος
1465 1979 1494 2002 01
1519 1974 1627 2015 imago
1652 1977 1776 2006 aeterni
1800 1976 1925 2016 Patris,
1956 1985 1987 2009 et
2010 1979 2110 2020 Spiri-

110 2009 226 2035 sona,
259 2004 295 2028 ut
322 1996 475 2028 Ecclesia
504 1998 536 2028 in
565 1998 630 2029 hoc
660 1999 798 2030 articulo
832 1999 990 2041 loquitur,
1026 2007 1109 2032 est⁴

1132 2020 1183 2043 tus
1207 2019 1352 2044 sanctus,
1400 2014 1471 2045 Nec
1501 2022 1575 2046 suut
1598 2015 1710 2057 plures
1733 2029 1897 2058 personae
1921 2022 2109 2054 divinitatis.

1216 2055 1289 2086 Etsi
1316 2062 1424 2087 autem
1449 2068 1562 2088 onmes
1587 2059 1757 2101 angelicae
1781 2069 1811 2092 et
1836 2061 1998 2095 humanae
2021 2076 2109 2097 men-

1130 2104 1180 2128 tes
1216 2100 1453 2139 obstupescunt
1487 2101 1700 2133 admiratione
1728 2102 1824 2134 huius
1855 2107 1986 2144 arcani,
2021 2109 2109 2148 quod

1129 2140 1222 2172 Deus
1246 2140 1362 2172 Filium
1391 2144 1502 2183 genuit
1529 2151 1558 2174 et
1589 2147 1677 2185 quod
1708 2156 1726 2175 a
1749 2146 1848 2178 Patre
1873 2154 1904 2178 et
1927 2148 2009 2180 Filio
2033 2162 2108 2191 pro-

1130 2184 1214 2214 cedit
1245 2183 1472 2216 sanctificator
1501 2187 1652 2226 spiritns,
1682 2194 1790 2219 tamen
1821 2191 1870 2220 sic
1899 2193 2021 2223 sentire
2052 2204 2109 2224 ne-

1128 2320 1174 2349 33)
1194 2321 1292 2350 tamen]
1313 2321 1355 2345 Ed.
1376 2322 1397 2346 2.
1417 2326 1512 2353 typogr.
1532 2329 1632 2348 errore:
1653 2331 1711 2350 men

1127 2371 1173 2395 341
1193 2372 1306 2402 omissis]
1326 2372 1398 2396 Editt.
1418 2374 1457 2395 22.
1480 2374 1520 2396 24.
1540 2375 1641 2399 amissis

1127 2424 1172 2451 35)
1193 2423 1229 2453 ut]
1253 2423 1323 2447 Editt.
1346 2425 1367 2446 1.
1388 2423 1411 2448 3.
1431 2425 1453 2447 6.
1474 2425 1496 2447 7.
1517 2426 1542 2449 et

1126 2474 1184 2500 35³)
1205 2474 1252 2499 Cic.
1274 2474 1339 2498 Orat.
1358 2474 1463 2506 Philipp.
1483 2476 1542 2500 VIII.
1566 2477 1603 2505 10,
1623 2476 1663 2500 29.

1126 2524 1171 2553 36)
1192 2524 1258 2556 quis]
1281 2525 1354 2550 Editt.
1377 2527 1396 2548 1.
1417 2526 1440 2549 3.
1460 2526 1485 2549 6.
1505 2527 1527 2549 7.
1547 2528 1573 2551 et
1591 2528 1645 2557 quis

1896 2581 1954 2607 39·
