2358 2933
255 124 313 155 811

257 222 288 245 et
312 214 461 245 omnibus
485 212 646 243 aetatibus
665 209 834 242 declarent
857 218 890 242 et
912 221 974 242 nos
996 212 1038 243 ad
1055 213 1225 254 poeniten-

257 257 333 287 tiam
358 255 537 286 hortentur.
583 252 712 284 Deinde
735 260 769 284 ut
792 253 910 291 David,
934 254 1057 285 lesaias
1081 261 1111 285 et
1135 253 1224 285 multi

257 298 307 329 alii
341 299 533 328 invocantes
558 295 662 326 Deum
697 296 914 327 exaudiuntur
947 302 977 327 et
1008 296 1226 327 defenduntur

257 342 288 371 in
311 350 372 370 sua
395 338 581 370 vocatione:
604 337 650 368 lta
674 344 703 369 et
727 348 814 368 nunc
833 339 975 369 sciamus
993 338 1099 369 Deum
1112 337 1226 370 Eccle-

257 384 337 418 siae,
361 382 455 412 etium
477 391 549 411 cum
573 380 786 421 dispergitur,
814 386 922 411 tamen
951 380 1093 420 hospitia
1117 379 1225 421 aliqua

257 425 405 454 daturum
429 431 516 459 esse,
539 429 572 452 ut
597 428 672 453 tunc
696 423 794 453 dabat
807 421 898 453 Eliae
921 421 1063 453 exulanti
1083 422 1226 454 nidulum

256 466 342 506 apud
364 466 495 496 viduam
520 464 745 505 sareptanam.

343 515 407 546 Sed
432 522 536 545 tamen
556 516 729 546 discrimen
754 525 828 546 esse
852 517 1014 553 sciamus,
1044 516 1138 546 nobis
1161 525 1226 546 non

257 566 306 589 est
330 558 527 598 promissum
551 567 699 599 regnum,
725 568 789 588 non
813 558 974 598 promissa
999 563 1049 588 est
1072 564 1160 589 certa
1175 567 1226 588 se-

257 601 333 636 des;
356 600 423 631 Sed
441 600 473 630 in
499 609 620 641 genere
643 600 786 630 sciamus
805 600 911 631 Deum
941 601 971 630 in
995 599 1057 630 hac
1081 601 1148 630 vita
1171 600 1226 630 da—

257 650 363 674 turum
392 651 467 673 esse
496 641 637 682 hospitia
663 641 823 673 Ecclesiis
854 648 883 673 et
908 643 1038 679 studiiS,
1062 643 1146 673 sicut
1170 652 1226 672 na—

257 685 361 716 scenti
384 684 517 715 Christo
536 684 710 725 hospitium
735 683 792 715 fnit
816 686 848 714 in
871 684 1030 725 praesepi.
1075 684 1111 714 ln
1140 684 1225 714 hanc.

257 727 449 757 sententiam
473 727 573 767 inquit
597 725 718 757 Paulus
743 727 769 757 l.
793 726 873 756 Tim.
892 727 921 756 4.
945 729 1006 763 [vs.
1030 725 1074 763 8.]
1114 726 1225 756 Pietas

256 769 506 809 promissionem
531 768 629 799 habet
653 770 835 809 praesentis
856 774 886 799 et
910 766 1039 799 futurae
1057 769 1150 799 vitae

342 827 392 859 Ac
416 826 512 858 valde
535 828 669 867 prodest
693 825 883 867 intelligere,
908 837 966 857 cur
989 827 1225 867 promissiones

257 867 474 909 corporalium
494 870 653 900 bonorum
676 870 813 900 traditae
837 870 909 900 sint.
956 869 1102 900 Possunt
1118 874 1226 899 autem

257 921 416 942 numerari
435 919 502 942 tres
522 921 669 942 caussae.

342 961 461 999 Prima,
481 969 513 992 ut
534 960 714 992 refutentur
737 961 887 1002 Epicurei
910 960 1052 998 furores,
1076 960 1139 991 hoc
1163 967 1225 997 est„

257 1015 296 1035 ne
320 1014 398 1035 casn
422 1011 475 1034 aut
495 1004 608 1034 ordine
631 1010 767 1035 naturae
784 1010 908 1035 tantum
928 1003 1148 1034 existimemus
1168 1013 1225 1033 no-

257 1049 306 1078 bis
340 1047 435 1077 obiici
469 1047 556 1077 bona
585 1045 768 1085 corporalia
798 1047 868 1076 sine
896 1045 1017 1076 auxilio
1046 1045 1126 1083 Dei,
1160 1045 1225 1076 Sed

258 1098 334 1119 vere
357 1095 536 1119 statuamus
565 1087 648 1118 haec
672 1089 758 1119 bona
781 1089 877 1119 etiam
907 1087 979 1118 Deo
1010 1097 1109 1118 curae
1137 1097 1224 1124 esse,

257 1138 288 1163 et
299 1131 405 1162 Deum
429 1131 524 1161 nobis
539 1131 616 1160 dare
635 1130 787 1170 hospitia,
807 1129 950 1171 politias,
974 1128 1147 1166 domicilia,
1170 1139 1225 1170 pa-

257 1184 338 1211 cem,
361 1174 493 1210 victum,
522 1173 629 1203 bonos
652 1182 830 1204 successus
854 1173 887 1203 in
909 1170 1088 1203 laboribus.
1134 1171 1225 1202 Haec

257 1226 356 1256 saepe
380 1213 602 1252 inculcantur,
625 1221 657 1246 ut
681 1214 770 1245 Psal.
804 1214 873 1245 126.
899 1217 961 1251 [vs.
984 1215 1026 1253 1.]
1063 1214 1134 1244 Nisi
1156 1213 1224 1243 Do-

257 1259 362 1289 minus
387 1256 609 1288 aediflcaverit
631 1257 771 1288 domum.
816 1256 857 1287 Et
880 1257 1029 1296 sequenti
1060 1255 1128 1294 [Ps.
1153 1255 1225 1293 127,

260 1301 273 1331 l
300 1302 383 1340 sq.]:
406 1299 500 1330 Beati
525 1309 648 1336 omnes,
670 1300 723 1339 qui
748 1300 858 1329 timent
870 1298 1053 1329 Dominum.
1077 1297 1226 1328 Labores

257 1352 407 1373 manuum
430 1349 556 1373 tuarum
579 1342 802 1372 manducabis.
847 1340 888 1371 Et
899 1339 988 1371 Psal.
1001 1340 1052 1371 36.
1079 1343 1140 1377 [νε.
1162 1339 1224 1377 19.Ι

257 1385 290 1415 111
320 1385 433 1415 diebus
462 1382 557 1414 samis
585 1384 829 1414 saturabuntur.
885 1383 1034 1414 Christus
1049 1383 1094 1421 57)
1125 1382 1225 1422 inquit

258 1426 384 1463 {Matth.
412 1426 443 1463 6,
467 1426 550 1464 33.]:
581 1425 721 1456 Primum
751 1426 895 1466 quaerite
924 1435 1059 1465 regnum
1085 1424 1161 1460 Dei,
1196 1429 1228 1453 et

258 1475 367 1500 cetera
397 1469 587 1499 adiicientur
609 1468 714 1498 vobis.
760 1467 799 1497 Et
831 1468 959 1508 quidem
993 1468 1081 1497 iubet
1115 1472 1227 1506 petere

256 1521 371 1552 panem
396 1512 627 1552 quotidianum.
673 1509 713 1540 Et
742 1509 840 1540 Deut.
870 1509 900 1540 S.
932 1514 993 1546 [vs.
1018 1509 1060 1546 3.]
1100 1507 1225 1538 Afflixit

257 1562 287 1585 te
309 1555 445 1595 penuria
470 1560 501 1583 et
525 1553 610 1583 dedit
634 1552 690 1582 tibi
715 1552 832 1589 cibum,
857 1558 892 1582 ut
915 1552 1116 1588 ostenderet,
1139 1550 1227 1591 quod

256 1607 321 1628 non
340 1598 371 1627 iu
395 1594 468 1627 solo
480 1605 563 1636 pane
577 1595 623 1635 ⁵⁵)
644 1595 721 1625 vivit
733 1593 843 1631 homo,
867 1595 926 1625 sed
950 1604 989 1624 ex
1014 1594 1098 1624 omni
1113 1593 1226 1629 verbo,

257 1640 345 1682 quod
378 1638 525 1679 procedit
559 1647 598 1668 ex
633 1646 690 1667 ore
719 1635 791 1666 Dei.
848 1636 887 1666 Et
918 1636 958 1666 de
988 1635 1082 1666 isaac
1110 1635 1226 1665 dicitur

257 1682 338 1712 Gen.
368 1681 419 1711 26.
456 1683 519 1718 [vs.
553 1679 614 1717 124
657 1678 835 1709 Seminavit
865 1678 959 1708 Isaac
986 1680 1018 1708 in
1048 1683 1134 1708 terra
1158 1676 1226 1713 illa,

258 1731 287 1755 et
312 1724 433 1754 invenit
455 1721 509 1753 illo
533 1731 619 1752 anno
635 1720 839 1761 centuplum3
862 1721 1098 1760 Benedixitque
1117 1719 1145 1749 ei
1158 1718 1225 1749 Do-

257 1767 373 1802 minus,
397 1771 425 1795 et
447 1763 664 1804 locupletatus
685 1770 745 1793 est.
791 1762 830 1793 Et
849 1762 932 1793 Gen.
949 1762 1001 1794 28.
1016 1763 1062 1802 ⁵9)
1082 1765 1144 1799 [vs.
1158 1761 1224 1799 20]

258 1809 293 1840 Si
312 1806 409 1838 fuerit
428 1807 520 1838 Deus
543 1816 669 1836 mecum
693 1812 723 1836 et
749 1805 939 1836 custodierit
964 1815 1016 1835 me
1045 1809 1076 1834 et
1101 1804 1226 1834 dederit

257 1850 331 1881 mihi
349 1859 476 1889 panem.
504 1848 654 1889 Denique
676 1857 792 1888 sparsa
805 1852 880 1878 sunt
893 1847 1013 1887 ubique
1031 1846 1226 1883 testimonia,

258 1890 376 1923 auxilio
388 1891 451 1922 Dei
473 1890 558 1921 hanc
578 1889 782 1930 corporalem
807 1890 904 1920 vitam
928 1887 1059 1920 defendi
1080 1894 1111 1918 et
1123 1888 1226 1918 iuvari

258 1935 355 1965 rebus
373 1934 582 1964 necessariis.

342 1984 495 2015 Secunda
516 1993 635 2014 caussa
655 1989 716 2018 est.
737 1992 795 2013 cur
813 1982 1048 2022 promissiones
1067 1981 1226 2011 bonorum

259 2025 476 2067 corporalium
501 2026 596 2056 datae
619 2026 694 2061 sint,
709 2026 754 2062 60)
775 2031 807 2054 ut
828 2025 981 2061 sciamus,
994 2024 1100 2053 Deum
1119 2023 1150 2052 in
1165 2022 1226 2052 hac

257 2071 323 2099 vita
345 2067 529 2099 Ecclesiam
553 2074 758 2098 servaturum
778 2076 864 2097 esse.
901 2066 984 2096 Nam
1007 2066 1038 2095 in
1054 2070 1144 2095 tanta
1162 2075 1227 2095 nia-

258 2112 424 2152 gnitudine
432 2108 649 2151 periculorum
658 2108 720 2139 hac
729 2107 954 2139 consolatione
963 2108 1057 2138 nobis
1071 2117 1153 2147 opus
1166 2113 1226 2137 est.

342 2168 448 2200 Teitia
474 2179 594 2199 caussa
617 2174 685 2205 est,
716 2174 749 2198 ut
772 2167 854 2198 fides
879 2173 909 2197 et
932 2167 1095 2197 invocatio
1118 2166 1150 2196 in
1173 2175 1227 2205 pe-

258 2212 362 2242 tendis
398 2217 427 2241 et
462 2210 671 2252 expectandis
706 2210 757 2241 liis
793 2210 890 2240 rebus
914 2208 1112 2239 necessariis
1137 2218 1226 2238 exer-

258 2391 302 2420 57)
323 2388 446 2420 Christus]
466 2389 537 2413 Editt.
559 2389 630 2413 1-3.
649 2388 671 2413 6.
692 2388 714 2410 7.
734 2389 756 2413 9.
778 2388 814 2412 12.
833 2388 859 2412 Et
879 2388 991 2412 Christus

258 2441 302 2470 58)
322 2441 346 2465 in
365 2440 419 2465 solo
437 2439 513 2469 pane]
533 2438 603 2463 Editt.
625 2440 664 2462 22.
686 2440 724 2463 24.
744 2440 783 2462 28Δ
804 2438 844 2461 30.
864 2438 904 2460 34.
924 2438 978 2462 solo
998 2437 1021 2461 in
1041 2443 1104 2466 pane

258 2491 302 2518 59)
322 2489 374 2519 28]
393 2489 464 2514 Editt.
483 2494 571 2514 omnes
591 2489 670 2513 male:
690 2489 730 2511 38.

258 2541 302 2569 60)
322 2540 382 2569 sint]
400 2540 471 2564 Editt.
494 2540 531 2563 18.
552 2540 589 2562 20.
609 2539 724 2564 25—27..
745 2539 814 2568 (τοι-ρ,
838 2540 899 2561 1-s
930 2543 986 2563 sum

881 119 990 151 PfflL.
1012 118 1114 151 MEL-
1137 119 1320 152 SCRIPTA
1344 120 1617 154 DOGMATICA.

2175 126 2238 159 812

1269 220 1398 253 ceatur,
1432 220 1464 245 et
1491 221 1620 246 crescat
1654 216 1778 257 agnitio
1802 217 1955 248 bonitatis
1978 222 2010 247 et
2031 219 2238 257 praesentiae

1268 255 1350 294 Dei,
1383 267 1422 287 ac
1446 256 1542 288 simul
1565 263 1695 288 crescat
1729 259 1902 299 gratitudo.
1947 258 2023 289 Ideo
2047 259 2168 291 Paulus
2191 262 2238 292 in-

1269 299 1334 338 quit
1358 298 1452 329 Rom.
1476 299 1506 329 5.
1531 302 1614 336 lvss.
1637 299 1658 329 3
1681 302 1746 340 sq.]
1780 299 1960 331 Tribulatio
1983 301 2171 341 patientiam
2194 302 2239 334 ef-

1269 341 1353 378 ficit,
1385 341 1541 381 patientia
1566 342 1812 380 probationem,
1843 343 1995 382 probatio
2017 352 2127 384 spem,
2160 353 2237 384 spes

1269 388 1376 413 autem
1410 392 1475 413 non
1509 381 1688 414 confundit.
1734 383 1813 415 Cum
1836 384 1924 414 videt
1946 384 2069 416 Paulus
2093 387 2238 417 exaudiri

1269 433 1307 454 se
1330 431 1517 465 precantem
1540 426 1571 455 in
1594 426 1668 456 navi
1692 431 1724 456 et
1746 427 1872 456 servari
1895 435 2026 465 omnes,
2054 436 2238 468 quanquam

1270 464 1374 497 fracta
1396 468 1482 504 nari,
1506 468 1656 509 agnoscit
1679 468 1896 508 praesentiam
1914 467 1987 505 Dei,
2010 474 2040 499 et
2062 468 2126 500 hoc
2149 470 2239 500 testi-

1268 509 1376 539 monio
1410 509 1492 539 tides
1527 510 1561 539 tit
1583 509 1750 540 ardentior
1773 515 1803 540 et
1827 509 1966 550 firmior,
1989 515 2021 540 et
2045 511 2240 542 accenditur

1270 551 1447 591 gratiarum
1470 552 1566 582 actio.

1354 592 1476 623 Harum
1499 603 1689 624 caussarum
1709 594 1907 635 cogitatione
1927 603 1990 625 nos
2002 604 2132 636 quoque
2143 594 2239 626 fidem

1270 644 1481 665 exerceamus
1505 635 1536 665 in
1559 636 1714 675 petitione
1738 636 1958 676 corporalium
1977 637 2146 668 bonorum.
2175 636 2239 667 Ex-

1270 686 1440 707 erceamus
1477 682 1508 707 et
1542 678 1719 718 gratiarum
1752 679 1935 714 actionem3
1980 678 2022 709 Et
2055 687 2239 720 quanquam

1270 724 1394 758 oportet
1431 718 1580 759 singulos
1612 725 1746 759 paratos
1779 729 1853 750 esse
1886 721 1928 751 ad
1963 721 2178 752 obedientiam
2207 721 2239 751 in

1271 759 1520 798 calamitatibus,
1543 766 1651 791 tamen
1674 762 1818 792 sciamus
1841 763 1872 792 in
1895 761 1957 793 hac
1969 763 2157 802 precatione
2175 763 2240 794 duo

1269 803 1397 832 obiecta
1430 802 1736 842 comprehendenda
1765 813 1852 834 esse.
1909 804 2048 835 Oramus
2080 814 2140 845 pro
2170 810 2241 835 toto

1270 853 1408 884 corpore
1437 850 1469 874 et
1491 843 1663 875 Ecclesiae
1693 850 1724 875 et
1747 855 1806 885 pro
1829 846 1924 875 nobis
1947 846 2038 886 ipsiS.
2084 846 2240 883 Petimus,

1269 895 1310 916 ne
1343 885 1439 916 bellis
1472 892 1542 917 tota
1565 886 1715 917 Ecclesia
1749 885 1914 925 deleatur,
1939 897 1978 918 ac
2002 898 2062 928 pro
2084 889 2240 919 universo

1269 933 1364 958 coetu
1377 934 1466 959 certo
1475 930 1696 968 impetramus.
1710 928 1901 970 Quanquam
1914 934 2021 960 autem
2034 939 2099 960 non
2112 939 2241 970 semper

1269 969 1409 1011 singulis
1433 969 1558 1000 tollitur
1579 970 1710 1008 malum,
1733 977 1841 1002 tamen
1865 971 2023 1012 mitigatio
2041 972 2240 1011 impetratur,

1268 1018 1303 1042 ut
1327 1018 1458 1043 orantes
1486 1022 1546 1053 pro
1568 1012 1706 1043 Davidis
1731 1014 1875 1044 exercitu
1898 1014 2034 1053 primum
2062 1019 2163 1044 totum
2186 1023 2240 1044 ex-

1269 1055 1405 1084 ercitum
1430 1056 1567 1085 orabant
1590 1055 1727 1092 servari,
1750 1056 1847 1096 idque
1859 1056 2090 1095 impetrabant3
2112 1055 2240 1087 Deinde

1269 1094 1388 1137 singuli
1422 1097 1463 1127 ad
1498 1097 1714 1127 obedientiam
1736 1098 1841 1137 parati
1860 1103 1963 1134 erant,
1997 1098 2025 1127 si
2049 1097 2239 1129 dimicantes

1268 1138 1545 1176 interficerentur,
1580 1139 1639 1169 sed
1672 1144 1779 1169 tamen
1804 1140 1865 1170 sibi
1887 1139 2118 1180 mitigationem
2141 1140 2240 1180 impe—

1268 1181 1415 1217 trabant,
1450 1186 1486 1211 ut
1508 1180 1598 1211 multi
1622 1186 1833 1212 servarentur
1855 1187 1909 1212 aut
1934 1187 2021 1212 certe
2045 1180 2240 1212 consolatio-

1268 1232 1341 1253 nem
1375 1232 1394 1252 a
1415 1222 1488 1253 Deo
1522 1222 1692 1255 haberent.
1736 1223 1780 1254 Ut
1803 1223 1957 1254 Ionathas
1987 1233 2172 1264 quanquam
2194 1224 2241 1254 in—

1271 1264 1437 1302 terficitur,
1470 1270 1577 1295 tamen
1611 1265 1703 1306 prius
1737 1271 1872 1296 ornatus
1902 1271 1933 1296 et
1957 1265 2167 1296 confirmatus
2190 1271 2241 1296 est

1269 1317 1288 1337 a
1309 1306 1395 1343 Deo,
1431 1312 1462 1337 et
1485 1308 1584 1337 vincit
1607 1317 1646 1338 ea
1667 1317 1745 1347 pars
1768 1307 1914 1345 tandem,
1938 1317 2033 1348 quam
2057 1308 2128 1347 ipse
2151 1313 2241 1347 opta-

1270 1349 1324 1379 bat
1359 1349 1561 1388 superiorem
1596 1359 1682 1380 esse.
1728 1349 1817 1380 Haec
1841 1350 1916 1386 dixi,
1939 1355 1974 1380 ut
1996 1350 2028 1379 in
2051 1349 2102 1380 his
2126 1359 2241 1390 preca-

1270 1391 1412 1421 tionibus
1426 1391 1591 1423 discamus
1605 1390 1776 1431 complecti
1799 1401 1864 1422 non
1877 1401 1939 1421 nos
1956 1396 2090 1430 tantum,
2114 1392 2172 1422 sed
2194 1397 2241 1422 to-

1270 1438 1334 1462 tam
1358 1431 1541 1463 Ecclesiam
1565 1439 1597 1463 et
1620 1438 1706 1463 totas
1729 1433 1862 1473 politias
1892 1439 1923 1463 et
1947 1433 1987 1463 de
2008 1432 2060 1463 his
2080 1434 2241 1465 exercitiis

1270 1474 1418 1504 homines
1443 1484 1543 1514 saepe
1566 1473 1878 1505 commonefaciendi
1903 1480 1988 1505 sunt.

1355 1516 1500 1556 Exposui
1526 1517 1699 1548 discrimen
1721 1518 1844 1548 veteris
1875 1523 1907 1548 et
1928 1517 2005 1548 novi
2028 1516 2240 1556 Testamenti,

1270 1559 1356 1599 quod
1379 1559 1412 1588 in
1435 1557 1588 1589 Ecclesia
1623 1559 1737 1589 dextre
1770 1557 1905 1600 intelligi
1940 1558 2037 1590 valde
2072 1558 2149 1590 utile
2179 1565 2240 1591 est.

1269 1600 1440 1631 Postremo
1463 1606 1571 1631 autem
1593 1600 1657 1632 hoc
1680 1602 1862 1632 monendus
1885 1607 1937 1632 est
1958 1600 2080 1639 lector,
2101 1606 2138 1632 ut
2160 1601 2240 1642 poli·

1270 1643 1314 1673 tia
1342 1642 1491 1673 Mosaica
1524 1642 1668 1674 funditus
1692 1642 1800 1674 deleta
1823 1649 1884 1681 est,
1917 1645 1960 1674 ita
1984 1643 2188 1675 ceremoniae
2209 1650 2242 1674 et

1269 1684 1420 1716 forenses
1449 1684 1557 1726 leges,
1592 1695 1675 1726 quae
1704 1696 1770 1716 non
1805 1691 1881 1716 sunt
1909 1690 2086 1726 praecepta
2113 1691 2241 1716 natura-

1270 1726 1324 1764 lia,
1347 1726 1489 1758 abolitae
1512 1733 1606 1763 sunt;
1628 1728 1697 1758 Nec
1715 1728 1819 1769 magis
1832 1728 1874 1758 ad
1885 1737 1946 1758 nos
1960 1728 2133 1768 pertinent,
2145 1737 2240 1768 quam

1270 1769 1362 1811 leges
1386 1768 1529 1801 Solonis.
1576 1770 1641 1800 Sed
1674 1776 1709 1800 ut
1741 1775 1857 1800 natura
1878 1769 2017 1801 hominis
2039 1775 2164 1807 manet,
2196 1770 2241 1800 ita

1270 1817 1401 1842 manent
1423 1810 1594 1849 naturalia,
1619 1811 1716 1852 quale
1738 1817 1806 1842 est:
1851 1812 1901 1842 Ne
1926 1812 2054 1853 cognati
2081 1812 2114 1842 in
2136 1812 2240 1852 primo

1271 1860 1303 1885 et
1339 1854 1485 1884 secundo
1520 1855 1625 1895 gradu
1654 1854 1815 1885 connubia
1846 1854 2050 1885 contrahant.
2093 1852 2136 1884 Et
2156 1854 2241 1884 inter

1270 1895 1430 1927 naturalia
1442 1895 1633 1937 Decalogus
1658 1902 1721 1934 est,
1744 1897 1799 1936 qui
1822 1901 1873 1926 est
1896 1897 2072 1936 praecipua
2093 1905 2171 1936 pars
2194 1894 2241 1926 le-

1271 1940 1332 1980 gis,
1366 1944 1499 1979 propter
1533 1948 1628 1978 quam
1664 1944 1773 1968 cetera
1796 1939 1971 1968 constituta
1995 1943 2082 1968 sunt.
2126 1937 2239 1968 Voluit

1271 1982 1353 2011 enim
1377 1980 1469 2011 Deus
1502 1978 1795 2020 promulgationem
1830 1979 1899 2010 fieri
1933 1978 2095 2020 Decalogi
2122 1977 2239 2010 illustri

1270 2023 1467 2059 testimonio,
1500 2027 1536 2052 ut
1570 2027 1694 2052 extaret
1729 2020 1817 2052 clara
1846 2032 1912 2053 vox
1933 2022 2041 2053 iudicii
2064 2022 2162 2052 divini
2185 2021 2240 2052 ad-

1271 2075 1388 2095 versus
1422 2070 1559 2104 peccata
1593 2064 1692 2094 totius
1716 2064 1845 2104 generis
1877 2064 2020 2094 humani.
2065 2063 2142 2094 Ideo
2170 2069 2240 2094 tan-

1271 2108 1311 2137 tis
1335 2106 1499 2137 miraculis
1523 2105 1663 2146 populus
1683 2116 1722 2136 ex
1736 2105 1889 2147 Aegypto
1909 2107 2046 2137 eductus
2063 2110 2126 2143 est,
2149 2110 2181 2136 et
2193 2110 2241 2136 tot

1271 2159 1375 2179 annos
1399 2147 1587 2178 mirabiliter
1610 2150 1640 2178 in
1666 2148 1796 2178 deserto
1821 2147 1994 2185 defensus,
2017 2153 2052 2178 ut
2070 2148 2239 2188 conspice—

1271 2197 1357 2221 retur
1379 2190 1564 2230 praesentia
1588 2190 1665 2227 Dei,
1700 2196 1731 2220 et
1753 2189 1836 2220 haec
1854 2190 2000 2220 miranda
2021 2188 2111 2220 facta
2133 2190 2240 2220 omnia

1270 2233 1452 2263 testimonia
1477 2237 1588 2262 essent
1610 2233 1703 2263 vocis
1725 2230 1896 2272 Decalogi,
1920 2241 2004 2272 quae
2025 2241 2090 2262 non
2114 2237 2165 2262 est
2182 2232 2239 2262 ab·

1271 2274 1358 2311 olita,
1382 2275 1440 2304 sed
1465 2280 1515 2304 est
1537 2281 1705 2305 aeternum
1729 2280 1761 2305 et
1783 2273 1980 2305 immutabile
2002 2274 2153 2304 iudicium
2176 2272 2238 2304 Dei

1269 2319 1430 2348 adversus
1453 2322 1600 2356 peccata.

1355 2358 1450 2393 Quod
1458 2359 1540 2388 enim
1549 2357 1810 2400 confugientibus
1817 2358 1858 2388 ad
1866 2356 2029 2389 Christum
2035 2357 2239 2388 remittuntur

1270 2406 1417 2441 peccata,
1440 2410 1505 2430 non
1529 2406 1702 2441 propterea
1724 2400 1796 2430 Deo
1820 2405 1990 2440 peccatum
2011 2398 2131 2440 placet,
2153 2399 2238 2429 sicut

1269 2442 1378 2483 placet
1411 2451 1488 2472 esus
1529 2443 1638 2474 carnis
1674 2441 1804 2480 suillae,
1838 2442 1890 2473 cui
1924 2447 2002 2473 tunc
2034 2442 2239 2473 interdictum

1271 2491 1350 2515 erat.
1395 2484 1505 2515 Manet
1538 2483 1622 2516 haec
1655 2495 1720 2516 vox
1756 2491 1785 2515 et
1821 2490 1872 2514 est
1894 2490 2027 2515 aeterna
2050 2483 2183 2522 [Psalm.
2206 2482 2238 2520 5,

1269 2527 1327 2565 5.]:
1350 2527 1422 2557 Non
1446 2526 1537 2557 Deus
1560 2525 1676 2558 volens
1700 2527 1894 2567 impietatem
1917 2532 1950 2558 tu
1969 2535 2023 2561 es;
2046 2525 2112 2557 Sed
2124 2526 2237 2566 ingen-
