2358 2933
267 100 329 132 819

267 193 360 223 locis.
394 194 447 224 ubi
470 194 680 233 praecipitur,
714 202 746 224 ut
771 195 811 224 sit
831 195 861 224 in
888 196 1009 225 renatis
1033 195 1152 226 iustitia
1175 197 1231 226 bo—

267 243 327 264 nae
357 236 587 265 conscientiae.
635 235 660 264 l.
690 234 768 265 Tim.
807 236 832 265 1.
859 239 920 273 [VS.
944 236 987 274 5.1
1034 236 1120 267 Finis
1144 248 1232 268 man-

266 275 329 305 dati
364 284 413 306 est
447 275 574 306 dilectio
598 286 636 306 ex
660 278 759 307 corde
782 288 875 317 puro,
911 279 1111 309 conscientia
1135 280 1230 316 bona,

267 316 328 346 fide
349 327 412 346 non
437 317 522 347 iicta.

349 358 438 389 Tunc
463 368 541 399 ergo
566 369 802 401 repugnamus,
832 361 961 401 quando
986 371 1158 399 cavemuS‚
1192 373 1232 393 ne

265 399 405 429 scientes
440 406 470 429 et
505 400 654 432 volentes
688 404 905 433 assentiamur
938 403 1065 433 vitiosis
1090 404 1230 434 motibus

263 449 303 469 ac
336 440 572 481 indulgeamus.
618 443 674 473 Est
709 445 740 474 in
765 445 858 474 nobis
888 445 1023 475 assidua
1046 443 1169 486 caligo,
1201 452 1229 476 et

263 479 348 511 hanc
382 482 600 522 deploremus,
634 492 709 515 sunt
743 487 881 526 impetus
915 486 1005 516 multi
1036 487 1142 517 vitiosi
1178 487 1230 518 vel

262 532 511 564 praecurrentes
534 526 744 564 voluntatem,
767 527 819 558 vel
842 526 936 558 simul
960 538 1030 558 eam
1045 528 1231 569 aliquantis-

263 576 322 606 per
344 568 524 607 rapientes,
558 575 591 598 ut
614 568 735 599 Paulus
759 570 873 610 inquit:
904 570 947 600 Se
971 571 1134 609 captivum
1158 572 1229 601 duci

263 617 282 637 a
300 617 434 648 peccato
458 611 488 640 in
513 611 676 640 membris.
714 611 774 641 Hic
798 613 824 641 si
846 622 1010 652 repugnas
1036 622 1096 642 nec
1117 620 1230 643 contra

265 653 496 683 conscientiam
509 653 724 692 obtemperas,
747 654 866 683 retines
881 655 1017 684 «νι-ειῐίιιιιι
1031 661 1061 684 et
1076 654 1229 695 Spiritum

263 700 420 725 sanctum.
456 694 546 725 Haec
568 694 646 724 nihil
668 694 787 725 habent
807 678 1041 735 perplexitatis,
1066 707 1126 726 nec
1146 707 1229 736 opus

264 742 313 767 est
347 735 509 767 subtiliter
539 744 567 767 et
599 737 709 767 Stoice
743 738 846 767 metiri
880 738 1002 777 gradus
1034 748 1229 768 consensus.

263 776 398 818 Rapitur
421 780 502 808 enim
529 778 654 809 infirma
677 777 844 815 voluntas,
874 780 1064 819 priusquam
1088 780 1230 810 animad-

264 826 378 856 vertat,
402 821 461 850 sed
473 819 552 850 illnd
566 821 778 861 spectandum
791 827 851 857 est,
875 821 961 860 quod
981 820 1076 852 facile
1094 820 1230 862 intelligi

263 868 293 891 et
312 861 445 892 iudicari
469 869 587 902 potest,
623 872 663 892 ne
690 863 799 892 sciens
824 861 1007 902 indulgeas,
1041 864 1099 893 sed
1124 870 1158 893 ut
1182 873 1231 893 re—

262 914 400 946 pugneS‚
429 910 459 935 et
479 904 566 934 addit
585 903 719 940 Paulus,
743 904 874 944 Spiritu,
900 905 930 934 id
950 911 1011 940 est,
1035 905 1122 935 veris
1141 905 1231 935 moti-

262 949 323 978 bus
341 947 568 987 poenitentiae‚
592 947 715 976 timoris
728 956 767 976 ac
787 945 871 983 fidei,
897 953 1096 986 expavescat
1118 946 1232 977 volun·

264 995 314 1019 tas
339 989 536 1029 cogitatione
559 989 626 1018 irae
648 988 720 1024 Dei,
745 987 890 1028 deploret
915 987 1143 1026 infirmitatem,
1166 998 1232 1019 me-

264 1038 329 1060 tuat
354 1031 487 1060 insidias
514 1029 661 1067 Diaboli,
693 1030 965 1061 condonationem
989 1036 1074 1070 petat
1099 1037 1232 1070 propter

265 1071 440 1108 Christum,
468 1078 556 1111 petat
576 1078 607 1102 et
625 1071 776 1102 amilium
796 1071 936 1112 Spiritus
955 1073 1072 1110 sancti,
1097 1073 1232 1112 promis-

266 1114 375 1144 siones
388 1119 517 1144 revocet
534 1114 565 1143 in
585 1115 772 1144 memoriam
796 1120 827 1144 et
849 1121 1003 1155 tanquam
1021 1115 1062 1144 ad
1080 1124 1232 1155 magnum

288 1154 423 1187 raelium
442 1166 478 1186 se
497 1163 679 1196 praeparet,
702 1166 768 1186 uon
791 1156 937 1186 admittat
964 1155 1150 1193 illecebras,
1175 1156 1233 1186 sed

264 1166 393 1229 i'ortiter
415 1208 472 1229 eas
498 1197 651 1239 repellat,
675 1198 871 1228 occasiones
898 1199 985 1228 vitet.
1032 1198 1159 1229 Habent
1184 1208 1232 1228 re-

266 1242 330 1272 nati
355 1241 507 1281 Spiritum
538 1246 704 1277 sanctum,
735 1239 822 1270 hunc
845 1250 909 1270 non
931 1241 1124 1270 conturbent
1145 1239 1232 1270 alen-

267 1283 316 1314 dis
339 1290 367 1313 et
387 1283 604 1314 accendendis
622 1283 731 1321 pravis
750 1282 902 1318 motibus,
926 1283 986 1312 sed
998 1283 1104 1312 sciant
1123 1282 1232 1312 datum

267 1335 353 1362 esse,
384 1332 417 1356 ut
442 1334 503 1355 nos
529 1332 634 1366 regat,
661 1325 715 1365 qui
741 1324 869 1364 quidem
893 1322 963 1354 vult
982 1334 1042 1354 nos
1063 1333 1179 1365 regere
1203 1329 1233 1353 et

266 1368 430 1404 adiuvare,
453 1368 480 1396 si
503 1368 563 1407 ipsi
586 1377 651 1396 non
675 1364 874 1405 expellamus
888 1375 971 1402 eum,
995 1366 1054 1396 sed
1072 1375 1233 1406 repugne-

267 1419 337 1440 mus
363 1410 488 1440 vitiosis
513 1409 664 1439 motibus.
721 1408 796 1438 Ideo
825 1408 945 1437 dictum
969 1414 1019 1438 est
1042 1408 1072 1437 2.
1100 1407 1176 1438 Cor.
1203 1407 1230 1437 6.

266 1454 330 1489 [vs.
353 1451 395 1489 1.]
416 1450 636 1481 Adhortamur
654 1460 726 1485 VOS,
744 1460 785 1480 ne
804 1448 928 1480 frustra
951 1450 1088 1489 gratiam
1100 1449 1161 1479 Dei
1180 1459 1233 1479 ac-

268 1494 428 1533 ceperitis.
464 1493 595 1523 Poterat
615 1492 722 1522 David
746 1493 885 1522 retinere
905 1491 1060 1530 Spiritum
1072 1496 1232 1528 sanctum,

267 1541 298 1565 et
316 1536 357 1565 ab
377 1545 415 1565 eo
438 1536 567 1566 adiutus
587 1534 712 1570 fuisset,
731 1534 792 1564 nisi
808 1532 923 1563 volens
937 1543 1010 1563 eum
1029 1534 1234 1564 excussisset

267 1583 295 1606 et
322 1576 435 1607 volens
458 1576 593 1608 aluisset
611 1577 795 1607 incendium
814 1577 845 1606 in
864 1576 970 1606 animo
990 1581 1105 1606 ortum.

350 1618 491 1649 Plurima
522 1617 668 1658 exempla
698 1627 895 1649 summorum
925 1617 1070 1648 virorum
1085 1618 1129 1657 6Β)
1160 1627 1232 1657 pro-

266 1663 371 1702 posita
392 1668 478 1698 sunt,
503 1663 556 1701 qui
575 1661 752 1691 securitate
769 1659 853 1700 lapsi
873 1665 959 1695 sunt,
982 1666 1013 1690 et
1027 1669 1152 1699 poenas
1172 1660 1233 1689 sibi

267 1710 298 1734 et
315 1705 454 1744 posteris
473 1704 730 1739 accersiverunt,
755 1708 790 1732 ut
808 1701 926 1737 Adam,
945 1701 1026 1738 Eva,
1046 1701 1171 1738 Aaron,
1187 1702 1231 1740 ὃ9)

266 1745 388 1781 David,
413 1744 586 1782 Salomon,
617 1751 647 1775 et
676 1745 715 1774 de
739 1750 806 1774 toto
830 1742 952 1783 populo
976 1743 1108 1773 dicitur:
1143 1743 1234 1774 Sedit

266 1787 407 1829 populus
425 1788 624 1818 manducare
643 1794 673 1817 et
685 1788 729 1826 7⁰)
755 1787 877 1822 bibere,
901 1791 932 1815 et
950 1786 1092 1815 surrexit
1110 1784 1233 1821 ludere,

266 1831 297 1861 id
321 1837 381 1866 est,
408 1840 479 1861 cum
503 1835 616 1860 essent
635 1829 736 1858 saturi
759 1834 789 1857 et
813 1828 932 1864 securi,
952 1825 1043 1857 obliti
1062 1832 1138 1857 sunt
1159 1826 1233 1863 Dei,

266 1879 297 1903 et
315 1871 391 1903 facti
412 1878 487 1902 sunt
505 1870 760 1911 negligentiores
783 1875 813 1900 et
833 1868 1067 1909 petulantiores
1088 1874 1148 1899 etc.
1193 1868 1234 1898 Et

268 1921 377 1944 notum
405 1920 455 1943 est
478 1914 630 1944 usitatum
649 1913 784 1943 dictum:
815 1912 995 1942 Luxuriant
1017 1911 1112 1940 animi
1136 1912 1233 1941 rebus

267 1955 455 1996 plerumque
474 1955 636 1985 secundis.
653 1957 695 1988 71)
733 1954 782 1983 Ac
796 1951 1078 1983 circuitDiabolus
1091 1954 1234 1983 intentus

267 2000 298 2028 in
322 1998 526 2033 occasiones,
549 2003 584 2027 ut
607 1997 755 2026 incautos
779 1995 921 2036 implicet
940 1994 1086 2034 lapsibus
1105 1994 1234 2025 inextri-

268 2038 437 2070 cabilibus.
482 2038 574 2069 Texit
600 2038 682 2068 enim
708 2036 837 2078 longam
857 2036 966 2074 telam,
992 2037 1079 2067 videt
1105 2046 1146 2066 ex
1168 2046 1233 2067 uno

267 2081 361 2121 lapsu
379 2080 478 2111 multa
501 2079 587 2111 mala
611 2086 765 2110 secutura
784 2089 870 2116 esse,
894 2085 928 2109 ut
951 2089 992 2109 ex
1016 2077 1110 2118 lapsu
1130 2078 1233 2115 Adae,

268 2123 423 2159 Davidis,
452 2121 655 2159 Salomonis,
687 2128 809 2162 quanta
836 2120 940 2151 moles
967 2126 1179 2161 peccatorum
1202 2127 1232 2150 et

269 2164 487 2195 calamitatum
521 2170 635 2195 secuta
671 2164 735 2194 est!
781 2162 871 2193 Haec
902 2162 1052 2202 exempla
1076 2168 1107 2192 et
1129 2162 1233 2202 quoti-

269 2207 382 2236 dianae
395 2213 530 2236 naturae
544 2205 743 2236 calamitates
757 2215 885 2244 semper
897 2205 991 2234 nobis
1003 2205 1035 2234 in
1056 2210 1233 2244 conspectu

269 2249 331 2278 sint
353 2258 391 2278 ac
414 2258 475 2278 uos
500 2249 539 2277 de
557 2247 703 2278 horribili
727 2248 773 2277 ira
797 2246 858 2276 Dei
882 2247 1041 2276 adversus
1063 2251 1233 2286 peccatum

269 2323 315 2351 68)
333 2325 440 2348 virorum
461 2325 590 2348 omilium
610 2324 680 2348 Editt.
704 2324 791 2347 ¹·17.
814 2323 852 2345 21.

270 2373 316 2401 69)
335 2376 422 2399 Aaron.
441 2374 573 2398 omittunt
590 2372 661 2398 Editt.
684 2375 704 2396 1.
725 2373 750 2396 3.

887 102 995 134 PHlL.
1018 100 1120 135 MEL.
1140 102 1323 134 SCRJPTA
1346 102 1618 137 DOGMATICA.

2177 108 2240 140 820

1275 197 1482 234 admoneam,
1505 203 1536 227 et
1559 198 1703 236 precatio
1721 196 1823 237 pellat
1844 199 2064 236 securitatem,
2087 199 2172 230 sicut
2193 200 2240 230 in—

1276 240 1343 278 quit
1362 238 1519 269 Salomon
1544 237 1719 276 1P1·‹›v.2s,
1735 239 1816 277 14,J:
1839 238 1964 270 Beatus
1983 241 2038 280 qui
2050 249 2179 280 semper
2191 246 2242 272 est

1276 281 1425 319 pavidus.
1467 280 1545 311 ltem
1575 279 1703 317 [Matth.
1727 279 1779 317 26,
1803 280 1886 319 41.]=
1914 281 2027 318 Orate,
2049 291 2091 316 ne
2115 282 2240 314 intretis

1276 323 1307 352 in
1327 323 1549 352 tentationem.

1360 363 1430 394 Etsi
1461 364 1558 404 igitur
1588 365 1691 394 morbi
1722 363 1896 395 haerentes
1926 364 2033 397 adhuc
2064 367 2094 397 in
2118 369 2240 398 renatis

1276 406 1306 435 in
1340 405 1403 435 hac
1434 406 1501 436 vita
1529 411 1561 435 et
1590 406 1695 435 vitiosi
1725 405 1863 437 affectus
1891 416 1956 437 non
1980 414 2056 439 sunt
2078 407 2164 440 levia
2186 416 2241 440 aut

1275 447 1512 477 contemnenda
1535 446 1630 484 mala,
1652 453 1685 477 ut
1709 446 1866 487 caligines
1887 454 1918 478 et
1931 449 2149 481 dubitationes
2162 450 2241 482 mul·

1275 488 1403 528 tiplices
1427 489 1467 519 de
1490 489 1578 525 Deo,
1610 488 1750 519 carnalis
1773 490 1951 527 securitas,
1981 497 2128 522 errantes
2152 492 2241 523 flam-

1274 540 1345 560 mae
1367 529 1533 561 libidinum
1558 536 1588 561 et
1605 531 1763 567 odiorum,
1789 529 1890 561 multa
1902 541 2019 572 magna
2033 539 2140 564 errata
2152 534 2241 574 igno-

1274 572 1398 601 rantiae
1422 582 1487 602 non
1510 572 1679 603 affectatae
1702 578 1731 602 et
1755 573 1941 603 omissionis
1958 575 2001 613 ⁷²)
2026 584 2090 604 non
2114 574 2242 606 affecta-

1275 619 1346 649 tae,
1377 614 1447 644 Nec
1471 620 1546 644 sunt
1569 620 1691 644 tantum
1721 614 1837 652 ιίταξίαι
1866 620 1996 654 praeter
2024 615 2147 657 Legem
2169 615 2243 653 Dei,

1274 660 1307 684 ut
1322 654 1474 686 Monachi
1499 655 1669 693 finxerunt,
1703 657 1761 686 sed
1786 666 1863 686 vere
1886 662 1961 686 sunt
1985 663 2099 687 contra
2121 657 2243 698 Legem

1274 696 1335 726 Dei
1345 707 1352 726 t
1362 702 1479 733 tamen,
1488 697 1728 728 donecmanent
1738 699 1769 727 in
1778 698 1898 728 renatis
1909 699 1992 728 bona
2002 699 2204 730 conscientia
2212 705 2244 730 et

1275 738 1373 775 fides,
1403 744 1511 768 manet
1534 739 1628 769 etiam
1651 739 1789 778 Spiritus
1809 745 1954 770 sanctus.
1999 740 2113 781 Neque
2136 746 2243 772 tamen

1276 779 1394 810 fiducia
1417 780 1527 811 nititur
1549 783 1680 820 propria
1703 781 1867 820 (lignitate,
1892 782 1950 811 sed
1963 780 2106 820 Christo,
2130 788 2161 812 et
2180 788 2244 813 sta·

1275 822 1393 851 tuimus
1425 832 1465 852 ex
1495 822 1710 861 promissione
1739 832 1800 853 nos
1830 823 1861 852 in
1885 824 1989 863 gratia
2013 833 2089 854 esse
2111 829 2243 864 propter

1276 862 1453 900 Christum,
1476 873 1515 893 ac
1528 873 1745 904 repugnamus
1765 864 1893 894 vitiosis
1909 865 1953 903 ⁷³)
1978 865 2116 896 motibus
2136 871 2168 895 et
2189 875 2243 905 pe-

1276 905 1370 935 timus
1400 905 1683 936 condonationem.
1728 905 1785 936 Sic
1813 907 1967 936 retinetur
1986 906 2148 937 invocatio
2172 906 2244 945 Dei,

1275 952 1308 977 ut
1329 947 1356 976 l.
1380 946 1468 977 loan.
1493 947 1522 977 3.
1548 950 1612 986 [vs.
1632 947 1699 985 QL]
1729 947 1858 977 dicitur:
1894 946 1974 977 Cum
2009 957 2067 978 cor
2097 954 2245 979 nostrum

1275 998 1341 1018 non
1364 989 1559 1019 condemnat
1581 999 1654 1026 nos,
1678 988 1830 1019 fiduciam
1852 988 2010 1019 habemus
2031 999 2111 1030 erga
2126 989 2244 1028 Deum,

1276 1036 1324 1067 et,
1359 1031 1448 1071 quod
1470 1032 1627 1070 petimus,
1662 1031 1874 1070 accipiemus,
1902 1030 1977 1071 quia
1999 1031 2153 1062 mandata
2175 1033 2244 1063 eius

1276 1082 1458 1109 servamus,
1480 1072 1545 1103 hoc
1568 1078 1630 1110 est,
1654 1073 1815 1103 credimus
1830 1074 1861 1103 in
1875 1071 2051 1109 Christum,
2075 1079 2107 1103 et
2131 1074 2244 1105 retine-

1277 1124 1347 1144 mus
1378 1115 1496 1144 bonam
1526 1115 1769 1145 conscientiam.
1819 1115 1967 1146 Necesse
2000 1120 2051 1144 est
2078 1121 2185 1146 autem
2213 1121 2244 1146 et

1276 1155 1340 1186 hoc
1363 1157 1452 1194 sciri,
1477 1156 1710 1187 conscientiam
1734 1162 1886 1196 oportere
1910 1156 1981 1197 regi
2003 1157 2105 1187 verbo
2128 1156 2200 1187 Dei.

1360 1197 1436 1228 Dixi
1471 1197 1511 1228 de
1543 1197 1662 1228 veniali
1695 1204 1843 1238 peccato.
1900 1197 1966 1229 Sed
2001 1208 2072 1229 cum
2106 1197 2154 1236 hi,
2191 1199 2245 1239 qui

1277 1238 1406 1270 fuerunt
1435 1241 1554 1277 renati,
1581 1240 1723 1270 scientes
1752 1246 1783 1270 et
1805 1239 1954 1270 volentes
1977 1238 2099 1271 violant
2121 1239 2244 1283 Legem

1276 1281 1351 1318 Dei,
1374 1287 1409 1311 ut
1433 1291 1506 1312 cum
1524 1281 1763 1321 amplectuntur
1782 1282 1894 1321 impias
1915 1282 2084 1322 opiniones
2106 1288 2162 1312 aut
2179 1287 2244 1312 sta-

1277 1322 1392 1353 biliunt
1422 1333 1479 1353 eas
1511 1333 1571 1353 sua
1600 1324 1837 1363 approbatione
1864 1330 1919 1354 aut
1948 1322 2117 1364 indulgent
2148 1324 2242 1361 odiis,

1276 1365 1453 1401 ambitioni,
1477 1364 1614 1395 flammis
1634 1364 1812 1402 libidinum,
1835 1365 2000 1401 avaritiae,
2023 1371 2079 1395 aut
2100 1366 2243 1396 externis

1276 1405 1371 1437 factis
1395 1412 1492 1437 ruunt
1522 1412 1637 1436 contra
1658 1406 1781 1447 Legem
1807 1406 1885 1442 Dei,
1920 1412 1954 1436 ut
1977 1405 2085 1437 David
2114 1408 2243 1447 rapiens

1277 1447 1415 1478 alienam
1445 1448 1616 1488 coniugem
1645 1454 1676 1477 et
1709 1453 1817 1478 astute
1846 1449 1993 1478 maritum
2026 1447 2242 1480 interficiens:

1277 1489 1348 1520 Hae
1371 1491 1519 1521 actiones
1539 1495 1654 1520 contra
1675 1490 1908 1520 conscientiam
1927 1495 2003 1520 sunt
2014 1495 2149 1529 peccata
2160 1500 2244 1521 mor-

1277 1530 1364 1569 talia,
1388 1542 1471 1572 quae
1494 1532 1666 1562 admittens
1689 1532 1802 1561 amittit
1824 1532 1972 1572 gratiam,
1997 1530 2093 1562 fidem
2116 1537 2148 1562 et
2171 1531 2243 1572 Spi-

1277 1575 1370 1604 ritum
1394 1579 1559 1611 sanctum,
1594 1578 1625 1603 et
1647 1574 1787 1604 accersit
1813 1574 1875 1603 sibi
1897 1574 1975 1603 iram
1998 1572 2078 1610 Dei,
2101 1583 2160 1610 ac,
2183 1574 2243 1604 nisi

1276 1625 1390 1646 rursus
1414 1616 1455 1646 ad
1478 1615 1585 1646 Deum
1613 1620 1838 1652 convertatur,
1868 1615 2016 1646 abiicitur
2037 1616 2069 1645 in
2092 1620 2244 1646 aeternas

1276 1668 1418 1698 poenas,
1453 1664 1500 1695 et,
1534 1658 1610 1698 quia
1640 1657 1841 1687 conscientia
1870 1657 2012 1687 retinens
2040 1656 2244 1697 propositum

1275 1700 1435 1739 peccandi
1468 1699 1643 1730 contemnit
1677 1705 1729 1729 aut
1764 1697 1846 1740 fugit
1880 1698 2005 1735 Deum,
2039 1708 2106 1729 non
2137 1704 2244 1738 potest

1276 1741 1382 1773 Deum
1403 1743 1569 1773 invocare.

1361 1783 1558 1814 Testimonia
1576 1781 1747 1813 manifesta
1769 1782 1852 1814 haec
1876 1788 1959 1813 sunt.
1982 1782 2064 1822 Eph.
2077 1782 2108 1812 5.
2125 1785 2185 1819 [VS.
2198 1781 2242 1819 5.]

1277 1825 1347 1856 Hoc
1371 1826 1498 1861 scitote,
1522 1826 1610 1866 quod
1627 1826 1731 1856 omnis
1745 1830 1908 1856 scortator
1920 1830 1974 1855 aut
1987 1824 2168 1864 impudicus
2182 1829 2242 1854 etc.

1276 1877 1342 1897 non
1367 1867 1466 1898 habet
1493 1867 1724 1898 haereditatem
1752 1868 1783 1897 in
1811 1877 1913 1908 regno
1935 1866 2008 1896 Dei.
2054 1865 2158 1895 Nemo
2180 1875 2242 1896 vos

1278 1910 1415 1949 decipiat
1444 1911 1536 1940 vanis
1565 1910 1788 1946 sermonibus,
1820 1913 1954 1948 propter
1982 1907 2063 1937 haec
2086 1907 2173 1937 venit
2196 1907 2244 1937 ira

1276 1950 1339 1981 Dei
1358 1952 1520 1982 adversus
1538 1951 1770 1981 inobedientes.
1807 1949 1905 1980 Clare
1919 1950 2039 1980 dictum
2053 1954 2114 1986 est,
2138 1948 2242 1979 Deum

1276 1994 1372 2024 irasci
1385 1993 1515 2030 talibus,
1523 1994 1629 2024 donec
1643 1993 1779 2022 retinent
1790 1991 1989 2022 voluntatem
2001 1990 2079 2021 talia
2092 1988 2241 2021 faciendi-

1361 2035 1480 2066 Ezech.
1506 2035 1557 2065 33.
1589 2037 1651 2071 [vs-
1676 2033 1716 2063 18
1738 2037 1800 2073 sq.]
1835 2032 1916 2063 Cum
1940 2033 2116 2063 recesserit
2137 2032 2242 2062 iustus

1277 2088 1296 2107 a
1314 2078 1435 2108 iustitia
1457 2087 1517 2107 sua
1539 2082 1570 2106 et
1592 2074 1707 2106 fecerit
1728 2076 1939 2115 iniquitatem,
1963 2075 2118 2105 morietur
2135 2074 2168 2104 in
2186 2083 2242 2108 ea;

1277 2125 1309 2149 et
1332 2129 1405 2150 cum
1428 2118 1601 2149 recesserit
1624 2118 1739 2156 impius
1762 2118 1803 2147 ab
1822 2117 1983 2156 impietate
2000 2125 2061 2146 sua
2079 2121 2111 2146 et
2129 2113 2243 2146 fecerit

1275 2161 1428 2192 iudicium
1452 2166 1484 2190 et
1506 2160 1676 2196 iustitiam,
1698 2160 1786 2189 vivet
1807 2159 1840 2188 in
1864 2167 1912 2188 ea.

1361 2203 1484 2233 Eodem
1507 2202 1604 2232 modo
1627 2199 1849 2242 intelligantur
1861 2206 1893 2230 et
1905 2199 1987 2231 haec
2000 2200 2096 2230 dicta.
2122 2199 2150 2229 l.
2164 2197 2241 2230 Cor.

1275 2244 1304 2275 6.
1330 2247 1394 2282 [vs.
1418 2244 1461 2282 9.}
1492 2244 1562 2274 Nec
1585 2249 1786 2273 scortatores
1811 2252 1872 2272 nec
1894 2240 2031 2272 adulteri
2055 2250 2116 2271 nec
2139 2239 2242 2271 idolo-

1275 2285 1378 2316 latrae
1402 2292 1462 2316 etc.
1486 2286 1702 2325 possidebunt
1723 2294 1858 2325 regnum
1882 2283 1954 2313 Dei.

1363 2327 1435 2359 Gal.
1460 2327 1490 2358 5.
1510 2331 1574 2365 [vs.
1596 2327 1662 2365 19.]
1692 2325 1865 2357 Manifesta
1889 2330 1965 2355 sunt
1994 2334 2092 2364 opera
2122 2324 2240 2359 camis,

271 2423 316 2451 70)
337 2424 372 2453 et]
391 2424 461 2448 Editt.
481 2424 520 2446 21.
543 2424 582 2446 22.
601 2424 640 2445 24.
661 2424 700 2446 28,
722 2424 761 2446 29.
781 2423 901 2448 31-—34..
929 2424 999 2452 Coi-p.
1021 2424 1111 2449 2—-8.,
1136 2423 1193 2452 opp.
1216 2423 1235 2446 1.
1276 2421 1321 2449 72)
1340 2420 1494 2451 omissionis]
1520 2420 1591 2445 Editt.
1614 2420 1701 2442 1—12.
1728 2420 1767 2442 28.
1793 2418 1833 2441 29.
1854 2417 1976 2446 31—3a.,
2004 2417 2062 2447 opp.
2081 2418 2103 2438 1.
2122 2417 2145 2440 2,
2164 2416 2238 2440 omis-

338 2458 360 2479 ’2.
380 2463 409 2481 80

271 2507 315 2534 71)
335 2507 402 2531 ovid.
423 2508 453 2531 de
473 2509 526 2531 arte
545 2512 593 2531 am.
613 2507 639 2532 Π.
658 2508 714 2529 437.

1345 2455 1443 2483 siones;
1461 2454 1533 2479 Editt.
1555 2454 1593 2477 18.
1613 2453 1651 2478 22.
1670 2453 1827 2482 amissionis;
1846 2451 1887 2476 Ed.
1906 2451 1944 2475 24.
1963 2450 2114 2475 amissiones

1278 2504 1323 2534 73)
1342 2503 1449 2534 vitiosis]
1470 2504 1542 2528 Editt„
1564 2504 1583 2526 l.
1605 2503 1627 2526 3.
1648 2503 1740 2527 talibus
