2358 2933
223 124 302 155 1003

219 218 411 258 sapientium
452 224 483 248 et
516 216 728 258 petulantiam
763 219 905 249 sciamus
939 218 1126 260 fugiendam
1160 227 1189 251 et

220 260 446 291 detestandam
469 269 555 290 esse.

303 303 464 332 Obiicitur
504 309 533 332 et
568 301 647 339 hoc,
678 302 765 342 quod
788 311 888 342 saepe
910 303 1045 343 imperia
1064 305 1191 343 rapiant

219 352 247 374 et
283 350 414 375 teneant
448 345 596 383 improbi,
630 344 717 384 quod
750 342 886 375 muitum
919 346 962 375 sit
984 346 1136 377 vitiorum
1159 352 1189 376 et

219 385 446 417 confusionum
481 387 511 416 in
547 386 700 426 imperiis.
746 385 795 416 Ex
819 385 880 418 hac
904 394 997 427 parte
1019 398 1190 429 argumen-

219 436 326 459 tantur
359 427 490 459 fanatici
525 429 675 469 spiritus,
711 429 844 469 imperia
869 430 899 459 in
923 430 1112 461 universum
1135 440 1189 461 res

219 470 321 501 malas
341 478 370 500 et
395 481 414 500 a
438 470 510 501 Deo
535 472 705 501 damnatas
729 480 814 501 esse.

305 512 521 552 Respondeas
555 520 662 543 autem
686 523 751 543 non
775 522 851 543 csse
875 523 986 544 veram
1011 521 1042 544 et
1066 513 1189 544 firmam

219 556 496 585 ratiocinationem
530 566 547 585 a
583 556 668 585 dicto
703 556 880 585 secundum
905 557 981 596 quid
1004 557 1045 586 ad
1070 556 1190 587 dictum

219 596 416 638 simpliciter.
462 597 495 627 ln
530 598 741 638 generatione
772 598 931 628 accedunt
957 597 1075 629 multae
1098 599 1190 627 vitio-

219 649 275 670 sae
299 638 507 680 cupiditates3
529 639 618 681 Ergo
644 641 810 682 generatio
834 640 865 670 in
885 641 1072 671 universum
1085 650 1103 670 a
1116 639 1190 670 Deo

219 682 371 712 damnata
394 687 455 712 est.
502 681 609 723 Supra
632 682 740 712 monui
765 683 912 713 ordinem
934 681 1101 723 politicum
1125 682 1189 712 dis-

219 724 416 755 cernendum
447 734 521 754 esse
545 736 565 755 a
588 723 848 762 confusionibus,
873 735 958 765 quae
985 723 1115 755 aliunde
1135 724 1189 754 ad-

217 767 405 804 miscentur,
438 767 555 806 partim
586 777 605 798 a
627 765 789 804 Diabolo,
823 767 939 807 partim
961 767 1002 797 ab
1025 766 1189 797 hominum

218 807 347 846 malitia,
382 810 496 849 partim
519 820 538 840 a
562 810 724 840 communi
748 809 931 839 infirmitate
953 807 1132 846 hominum,
1153 814 1189 838 ut

217 850 250 881 fit
286 851 316 882 in
351 850 423 881 aliis
458 852 542 882 vitae
576 851 752 892 generibus
786 861 825 881 ac
855 851 1147 892 gubernationibus
1171 861 1190 881 a

218 892 289 923 Deo
314 893 480 924 ordinatis

302 935 406 966 Nemo
437 936 560 966 dubitat
582 934 850 966 Ecclesiasticam
880 936 1147 977 gubernationem
1171 945 1190 966 a

218 978 290 1010 Deo
312 979 491 1008 institutam
515 988 605 1015 esse,
640 984 671 1008 at
696 984 850 1019 quantum
874 978 1000 1008 accedit
1024 977 1189 1008 confusio-

218 1031 292 1052 num
327 1019 473 1051 aliunde!
518 1020 557 1051 Et
586 1028 692 1051 tamen
716 1031 780 1051 vox
803 1019 974 1062 Evangelii
997 1025 1047 1049 est
1071 1019 1188 1050 efficax

218 1071 247 1094 et
272 1062 344 1094 Deo
367 1070 533 1094 aeternam
555 1062 740 1094 Ecclesiam
765 1061 888 1104 colligit
913 1068 943 1092 et
966 1062 1126 1093 audienda
1149 1072 1188 1092 ac

218 1106 404 1137 veneranda
439 1112 497 1136 est.
542 1105 638 1136 Adde
673 1103 856 1146 exemplum
881 1103 1031 1146 Coniugii
1061 1111 1091 1135 et
1115 1115 1188 1144 pro-

218 1149 404 1179 creationis.
452 1148 575 1178 Omnes
599 1148 670 1178 sani
693 1146 835 1178 fatentur
859 1146 1055 1188 Coniugium
1078 1157 1097 1177 a
1115 1146 1187 1177 Deo

218 1191 394 1222 institutum
429 1200 505 1221 esse
527 1191 620 1230 eique
643 1188 774 1230 placere
797 1200 836 1220 ac
861 1190 963 1220 iuvari
987 1190 1027 1219 ab
1052 1199 1091 1219 eo
1114 1199 1188 1228 pro-

219 1234 431 1270 creationem,
461 1238 494 1263 ut
517 1233 673 1273 scriptum
697 1238 763 1262 est:
809 1231 843 1262 ln
867 1232 937 1271 ipso
962 1241 1086 1268 sumus,
1109 1232 1188 1261 vivi-

217 1286 288 1306 mus
323 1282 351 1306 et
387 1285 568 1306 movemur.
611 1274 651 1305 At
689 1284 785 1315 quam
818 1273 911 1304 multi
935 1280 1011 1304 sunt
1035 1272 1186 1304 crudeles

218 1318 341 1354 mariti,
380 1325 493 1358 patres
528 1316 732 1358 negligentes
767 1315 944 1347 liberorum
978 1322 1007 1346 et
1042 1315 1188 1355 ἄστοργοι,

218 1371 282 1390 non
316 1366 470 1390 curantes
505 1360 627 1390 institui
660 1358 783 1389 liberos
816 1359 858 1389 ad
887 1358 1084 1398 agnitionem
1108 1357 1187 1388 Dei!

217 1402 305 1434 llaec
329 1403 422 1439 vitia,
445 1412 529 1443 quae
551 1401 682 1431 alimide
705 1401 876 1438 accedunt,
898 1410 917 1430 a
941 1400 1081 1440 coniugii
1105 1400 1189 1430 ordi-

218 1456 257 1475 ne
281 1451 311 1475 et
334 1456 352 1474 a
375 1445 603 1485 procreatione
627 1444 864 1474 discernantur.
921 1442 1098 1483 Fugiamus
1121 1441 1189 1471 Ma-

218 1486 373 1517 nichaeos
408 1493 438 1517 et
466 1486 734 1525 Anabaptisticos
768 1483 917 1521 furores,
951 1494 990 1514 ac
1024 1484 1189 1514 discamus

217 1529 290 1559 Deo
326 1530 466 1559 tribuere
496 1538 549 1559 res
571 1529 613 1558 ab
637 1528 708 1568 ipso
731 1537 810 1557 vere
833 1527 984 1557 conditas
1008 1532 1039 1556 et
1061 1526 1189 1556 ordina-

218 1580 283 1608 tas,
318 1582 401 1612 quae
425 1578 518 1602 erunt
540 1571 716 1611 gratiores,
751 1579 823 1600 cum
857 1569 934 1599 w'tia
957 1573 1188 1609 segregantur,

218 1625 302 1655 quae
326 1624 391 1644 non
415 1625 432 1644 a
456 1613 541 1649 Deo,
565 1613 623 1643 sed
649 1622 668 1642 a
690 1609 832 1642 Diabolo
857 1617 886 1641 et
910 1610 1077 1641 hominum
1099 1608 1188 1640 mali-

218 1659 260 1687 tia
295 1656 346 1687 vel
380 1656 563 1686 infirmitate
596 1656 753 1685 oriuntur.
799 1653 839 1683 Et
873 1653 913 1683 de
946 1651 997 1682 his
1027 1653 1188 1682 tenendae

218 1706 291 1729 sunt
327 1697 572 1729 consolationes
607 1707 625 1727 a
649 1697 721 1727 Deo
744 1696 902 1732 traditae,
932 1701 967 1725 ut
989 1705 1075 1725 nunc
1099 1700 1188 1725 certe

216 1743 289 1782 pios
313 1750 494 1781 oppressos
526 1738 579 1770 x-el
602 1739 742 1770 Tureica
765 1738 937 1779 tyrannide
961 1735 1014 1767 vel
1036 1735 1108 1767 aliis
1131 1737 1187 1766 im-

217 1784 315 1824 periis
351 1783 594 1814 discedentibus
623 1792 642 1812 a
676 1780 820 1822 legitima
854 1780 1077 1810 moderatione
1101 1788 1187 1809 com-

216 1825 426 1856 monefacere
449 1833 587 1856 necesse
615 1830 683 1861 est,
717 1833 801 1864 quae
822 1822 988 1859 miseriae,
1022 1821 1187 1862 quomodo

217 1868 371 1899 ferendae
395 1869 470 1904 sint,
497 1874 529 1898 et
552 1876 636 1908 quae
657 1867 809 1896 mandata
836 1864 1059 1895 detrectanda.

302 1911 351 1940 Ac
381 1910 557 1950 praecipue
589 1919 675 1939 nunc
698 1914 845 1948 tempora
866 1905 1036 1947 postulant
1065 1905 1187 1935 moneri

217 1955 321 1984 bonas
345 1958 483 1989 mentes,
516 1958 549 1982 ut
572 1956 757 1992 agnoscant
781 1951 813 1980 in
836 1949 899 1980 hac
921 1954 1057 1979 senecta
1079 1947 1188 1977 mundi

217 1996 350 2036 imperia
373 1994 473 2025 multo
497 1993 570 2034 plus
588 1993 740 2024 habitura
753 2002 827 2022 esse
838 1990 1079 2027 confusionum,
1091 1999 1187 2030 quam

218 2039 305 2068 initio
337 2037 538 2074 habuerunt,
571 2042 607 2067 ut
629 2041 737 2066 statua
761 2035 847 2075 apud
870 2032 1042 2064 Danielem
1065 2030 1187 2072 signifi-

218 2087 284 2116 cat,
318 2082 348 2110 in
379 2090 443 2120 qua
466 2078 607 2109 Primum
629 2078 797 2118 imperium
821 2082 871 2116 est
894 2085 1040 2111 aureum,
1063 2074 1187 2105 Secun-

219 2124 293 2153 dum
317 2120 673 2164 argenteun1‚Tertium
692 2129 839 2156 aeneum,
863 2117 1021 2152 Quartum
1035 2115 1185 2147 ferreum.

219 2163 332 2195 Planta
355 2165 471 2204 partim
493 2163 600 2194 ferrea
622 2168 683 2199 est,
706 2162 822 2202 partim
845 2166 1002 2191 testacea.
1037 2158 1107 2189 Erit
1129 2158 1187 2198 igi—

217 2215 269 2237 tur
292 2206 474 2247 languidior
496 2207 610 2236 virtus.
640 2204 681 2234 Et
704 2203 903 2243 experientia
927 2200 1098 2232 Platonem
1121 2210 1187 2230 mo-

218 2251 274 2286 w't,
299 2256 329 2279 ut
354 2249 476 2279 diceret
499 2254 621 2278 certam
645 2257 721 2277 esse
743 2246 910 2287 periodum
935 2245 1092 2284 cuiusque
1110 2243 1187 2273 civi-

219 2293 293 2322 tatis
329 2297 359 2322 et
384 2292 540 2331 cuiusque
564 2291 673 2331 regni,
709 2298 772 2330 qua
807 2288 1007 2317 circumacta
1031 2286 1073 2315 ait
1096 2290 1187 2314 natu-

221 2345 285 2364 ram
312 2344 375 2364 non
399 2334 550 2373 progredi
576 2331 728 2367 alterium
773 2337 818 2367 ut,
841 2340 912 2360 cum
935 2327 1053 2369 planus
1077 2336 1186 2357 nume-

219 2387 273 2406 rus
298 2376 331 2406 fit
356 2374 492 2412 solidus,
517 2381 646 2405 ventum
671 2381 718 2403 est
739 2374 780 2403 ad
802 2378 932 2408 metam,
956 2380 1017 2400 nec
1046 2378 1187 2409 sequun-

219 2426 271 2449 tur
294 2418 411 2454 cubici,
434 2423 469 2447 ut
492 2427 563 2447 cum
587 2417 700 2457 positis
724 2415 754 2445 6.
778 2415 814 2444 fit
833 2413 959 2444 solidus
984 2412 1033 2442 18.
1054 2421 1118 2441 non
1137 2420 1187 2440 se-

220 2466 362 2501 quuntur
385 2460 500 2490 cubici.

304 2502 342 2532 Et
367 2502 494 2542 quidem
518 2500 604 2532 hunc
626 2509 810 2530 sermonem
833 2497 976 2528 attribuit
1000 2495 1094 2526 Plato
1117 2493 1187 2524 Mu-

221 2546 283 2574 sis.
314 2545 387 2583 quia
417 2553 568 2573 caussam
593 2552 667 2573 esse
690 2541 877 2572 mutationis
901 2548 1076 2580 regnorum
1095 2546 1188 2577 prae-

852 125 959 156 PHIL.
984 125 1084 157 MEL.
1108 125 1293 159 SCRIPTA
1314 125 1589 160 DOGMA'rtcA.

1210 1402 1214 1641 ι

2124 133 2205 165 10⁰4

1236 221 1363 261 cipuam
1398 231 1464 251 non
1485 219 1652 252 hominum
1674 220 1814 260 scelera,
1847 223 1906 254 sed
1928 231 2085 255 arcanum
2106 235 2147 256 ac
2160 227 2204 259 ⁶⁹)

1235 261 1368 293 fatalem
1391 270 1527 294 naturae
1549 263 1697 295 ordinem
1719 264 1814 295 varie
1829 266 2020 296 miscentem
2037 268 2204 298 materiam

1236 305 1409 336 existimat.
1454 304 1521 336 Sed
1554 305 1703 336 doctrina
1735 305 1889 337 coelestis
1923 317 2025 348 saepe
2051 307 2204 345 clamitat,

1236 347 1347 377 ruinas
1380 348 1590 387 imperiorum
1622 349 1754 379 accersi*
1784 348 1932 380 humanis
1965 348 2132 386 furoribus
2165 360 2204 380 ac

1235 389 1394 419 atrocium
1417 389 1612 430 flagitiorum
1635 400 1760 430 poenas
1783 400 1869 428 esse,
1891 392 1975 422 sicut
1986 392 2143 432 scriptum
2154 399 2203 422 est

1235 429 1465 462 Ecclesiastic.
1492 431 1541 461 10.
1566 434 1629 468 [vs.
1652 431 1696 471 8.]
1732 432 1882 473 Regnum
1904 443 1924 464 a
1946 440 2044 475 gente
2067 434 2108 464 ad
2127 443 2205 476 gen-

1235 478 1300 502 tem
1324 471 1520 503 transfertur
1543 480 1677 514 propter
1699 474 1865 505 hominum
1886 475 2205 507 iniustitiam‘et-do-

1236 512 1298 544 los.
1339 514 1427 545 Haec
1450 516 1492 546 ad
1515 517 1740 553 obtectionem,
1763 527 1860 557 quam
1883 518 2045 554 recensui,
2064 519 2205 548 breviter

1236 557 1402 596 respondi,
1425 563 1459 587 ut
1482 558 1637 588 admoniti
1659 559 1702 598 pii
1727 559 1913 589 discernant
1933 560 2077 590 ordinem
2101 559 2204 590 aDeo

1235 599 1414 629 institutum
1436 609 1457 629 a
1479 599 1743 636 confusionihuS,
1776 610 1860 640 quae
1881 600 2013 631 aliunde
2035 602 2206 638 accedunt,

1236 646 1269 670 et
1301 640 1430 671 discant
1461 641 1626 680 sapienter
1648 641 1735 672 serre
1757 643 1963 679 servitutem,
1993 653 2078 683 quae
2099 653 2206 684 poena

1233 688 1287 712 est
1309 681 1398 713 velut
1421 692 1536 713 carcer
1558 682 1772 714 humanorum
1797 684 2000 716 delictorum.
2104 695 2106 698 ’

1322 724 1476 754 Secunda
1509 723 1635 765 regula.
1679 725 1721 755 Et
1753 736 1950 757 concessum
1975 733 2025 757 est
2049 726 2205 758 Christia-

1235 766 1286 796 nis
1309 765 1419 797 facere
1442 767 1655 797 oeconomica
1676 774 1709 797 et
1730 767 1864 807 politica
1881 778 1994 808 opera,
2017 775 2050 800 et
2065 779 2204 800 necesse

1235 814 1285 838 est
1308 818 1366 839 eos
1388 809 1477 839 iuxta
1497 809 1705 839 vocationem
1726 810 1758 839 in
1777 811 1818 843 ⁷⁰)
1851 809 1915 840 illis
1941 809 2056 841 officiis
2080 811 2205 842 servire

1236 849 1322 881 ciw'li
1345 851 1442 881 vitae.
1471 849 1513 880 Et
1536 861 1610 881 cum
1632 851 1676 890 pii
1698 857 1867 890 praestant
1888 861 1928 882 ea
1951 851 2071 890 officia,
2087 859 2124 884 ut
2133 853 2204 884 Deo

1235 893 1405 930 obediant,
1439 891 1573 933 placent
1606 892 1663 924 illa
1684 893 1759 924 Deo
1792 900 1825 924 et
1858 900 1933 924 sunt
1955 893 2064 925 cultus
2084 894 2151 926 Dei
2172 902 2204 926 et

1235 934 1496 975 complectuntur
1527 934 1646 966 multas
1674 945 1814 977 magnas
1832 936 1978 967 virtutes.
2021 937 2205 978 Recteigt-

1234 983 1286 1007 tur
1308 984 1339 1007 et
1362 978 1415 1017 pie
1437 976 1515 1008 facit
1538 976 1763 1015 Christianus,
1797 988 1869 1009 cum
1891 979 1980 1009 iuxta
1996 980 2204 1011 *vocationem

1235 1020 1317 1060 gerit
1332 1021 1608 1061 magistratus,⁷¹)
1632 1026 1764 1051 exercet
1786 1021 1916 1059 iudicia,
1927 1020 2052 1059 militat,
2069 1028 2206 1053 accusat

1234 1067 1407 1092 nocentem
1429 1062 1461 1092 in
1484 1061 1568 1099 foro,
1592 1063 1668 1093 dicit
1687 1072 1852 1100 caussam,
1875 1062 2019 1104 legitimo
2042 1062 2204 1104 supplicio

1233 1103 1334 1134 afficit
1367 1105 1451 1135 iuste
1483 1105 1728 1136 condemnatos.
1774 1104 1864 1135 Haec
1897 1104 2079 1147 intelligere
2105 1107 2205 1147 magi-

1234 1152 1356 1177 stratus
1380 1153 1412 1177 et
1435 1147 1575 1184 iudices,
1605 1148 1658 1188 qui
1681 1147 1787 1178 Deum
1809 1157 1876 1177 non
1899 1153 2127 1185 contemnunt,
2149 1157 2205 1178 ne-

1235 1198 1331 1219 cesse
1355 1195 1415 1219 est.

1319 1231 1369 1261 Ac
1392 1232 1529 1271 primum
1549 1232 1589 1262 de
1612 1231 1809 1262 necessitate
1827 1232 2014 1262 testimonia
2031 1233 2206 1273 perspicua

1235 1279 1322 1309 sunt,
1358 1273 1445 1313 quod
1480 1273 1634 1303 videlicet
1667 1283 1807 1304 necesse
1830 1274 1874 1303 sit
1903 1274 1992 1304 cives
2016 1274 2111 1304 etiam
2134 1283 2204 1311 eoS‚

1234 1316 1289 1355 qui
1312 1324 1390 1344 vere
1421 1315 1556 1345 credunt
1579 1314 1778 1356 Evangelio,
1810 1314 1921 1345 facere
1943 1314 2078 1356 politica
2095 1313 2205 1347 officia

1233 1358 1321 1387 iuxta
1345 1358 1563 1387 vocationem.
1608 1357 1703 1387 Rom.
1733 1357 1780 1387 13.
1806 1360 1870 1395 [VS.
1893 1357 1938 1394 5.]
1984 1357 2131 1388 Necesse
2153 1365 2204 1388 est

1235 1399 1367 1429 obedire
1389 1408 1455 1428 non
1477 1398 1585 1429 solum
1607 1404 1740 1438 propter
1762 1399 1855 1434 iram,
1878 1399 1939 1428 sed
1962 1399 2059 1429 etiam
2070 1405 2205 1439 propter

1236 1440 1479 1471 conscientiam.
1532 1440 1614 1470 Luc.
1645 1439 1675 1470 3.
1699 1442 1763 1477 [vs.
1789 1440 1850 1477 144
1895 1440 2063 1471 Neminem
2085 1450 2204 1472 concu-

1235 1483 1332 1519 tiatis,
1356 1492 1462 1523 neque
1486 1481 1787 1520 calumnieniini,⁷²)
1807 1487 1838 1512 et
1860 1483 2004 1513 contenti
2023 1483 2204 1514 estutesti-

1235 1525 1360 1565 pendiis
1383 1525 1513 1555 vestris-
1558 1524 1621 1554 les.
1647 1524 1675 1554 1.
1699 1527 1765 1562 [vs.
1779 1524 1842 1562 17.]
1866 1524 2022 1559 Quaerite
2042 1525 2204 1562 iudicium,

1233 1567 1374 1598 iudicate
1396 1566 1531 1606 pupillo,
1555 1565 1717 1597 defendite
1739 1567 1877 1597 viduam.
1911 1566 1963 1597 Ac
1986 1567 2147 1598 observet
2161 1567 2204 1597 si-

1233 1608 1319 1639 milia
1353 1609 1439 1639 dicta
1471 1609 1640 1640 stndiosus
1672 1607 1779 1639 lector
1810 1610 1843 1639 in
1875 1607 1947 1639 aliis
1969 1607 2072 1646 loeiS,
2105 1618 2204 1649 saepe

1234 1652 1319 1682 enim
1341 1651 1424 1681 haec
1447 1657 1625 1691 praecepta
1646 1656 1848 1691 repetuntur.

1320 1693 1416 1727 Quod
1448 1699 1556 1723 autem
1589 1694 1653 1723 sint
1687 1691 1794 1723 cultus
1824 1692 1902 1730 Dei,
1937 1702 2039 1733 saepe
2070 1699 2204 1723 monent

1233 1734 1428 1776 Prophetae.
1473 1734 1601 1765 Taxant
1635 1735 1719 1766 enim
1742 1735 2018 1775 superstitionem,
2051 1744 2136 1776 quae
2156 1735 2203 1765 iu-

1233 1778 1321 1808 dicat
1354 1776 1446 1808 solas
1482 1777 1684 1808 ceremonias
1719 1787 1795 1808 esse
1830 1776 1939 1808 cultus
1962 1777 2027 1807 Dei
2049 1784 2081 1808 et
2101 1775 2202 1817 negli-

1234 1821 1376 1860 gentiam
1409 1819 1494 1859 parit
1526 1820 1558 1849 in
1593 1818 1711 1849 officiis
1746 1818 1906 1850 civilibus.
1952 1819 2021 1849 Imo
2052 1818 2201 1850 monachi

1233 1863 1333 1892 vitam
1367 1862 1609 1892 oeconomicam
1643 1867 1674 1891 et
1706 1860 1872 1902 politicam
1899 1861 1954 1892 vix
1976 1860 2049 1891 Deo
2071 1859 2202 1900 plaeere

1233 1913 1333 1945 posse
1362 1905 1528 1943 putabant.
1574 1902 1770 1934 Anteferunt
1803 1912 1884 1944 ergo
1907 1901 2092 1943 Prophetae
2113 1912 2202 1933 cert>

1232 1947 1348 1977 moniis
1393 1945 1502 1976 officia
1544 1944 1677 1985 politica
1712 1951 1744 1975 et
1782 1943 1833 1974 his
1866 1943 2030 1975 affirmant
2061 1945 2201 1984 promitti

1232 1989 1383 2028 praemia.
1431 1987 1493 2018 les.
1521 1987 1550 2017 l.>
1573 1990 1637 2025 [vs.
1663 1987 1725 2024 17.]
1753 1985 1955 2016 Holocausta
1977 1992 2090 2016 vestra
2110 1985 2200 2022 nolo,

1232 2031 1378 2072 quaerite
1399 2029 1562 2065 iudicium,
1595 2029 1735 2060 iudicate
1768 2026 1892 2068 pupillo
1923 2034 1985 2058 etc.
2051 2027 2114 2058 les.
2134 2027 2199 2059 58.

1232 2076 1295 2110 {vs.
1321 2073 1365 2111 7.]
1389 2072 1518 2112 Frange
1540 2071 1696 2101 esurienti
1717 2080 1846 2110 panem.
1891 2068 1989 2100 Mich.
2012 2069 2043 2099 6.
2067 2071 2121 2107 [vs
2154 2070 2199 2107 7ss]

1230 2115 1394 2156 Numquid
1416 2113 1541 2154 placari
1565 2118 1674 2152 potest
1695 2111 1856 2143 Dominus
1878 2111 2023 2142 millibus
2044 2111 2200 2142 arietum?

1232 2157 1386 2187 Indicabo
1409 2156 1482 2192 tibi,
1516 2154 1632 2192 homo,
1663 2155 1740 2195 quid
1763 2155 1805 2184 sit
1828 2155 1967 2191 bonum,
1988 2151 2100 2184 facere
2119 2153 2199 2184 iudi-

1234 2200 1328 2236 cium,
1352 2198 1488 2239 diligere
1510 2197 1764 2227 misericordiam
1789 2202 1820 2226 et
1842 2196 1873 2226 in
1897 2197 2012 2226 timore
2032 2194 2200 2226 ambulare

1232 2251 1342 2272 coram
1365 2240 1438 2271 Deo
1462 2244 1529 2270 tuo.
1557 2238 1656 2269 Zach.
1680 2239 1710 2268 7.
1735 2241 1794 2275 [νε4
1809 2237 1854 2276 6.]
1877 2237 1994 2268 Nonne
2017 2247 2091 2268 cum
2114 2246 2199 2267 com-

1232 2359 1277 2388 69)
1297 2359 1337 2390 ac]
1356 2358 1398 2383 Ed.
1417 2358 1465 2386 25..
1486 2359 1556 2388 corp.
1575 2358 1648 2382 1-8.
1667 2362 1692 2382 ει

1232 2410 1276 2439 70)
1296 2410 1320 2434 in
1340 2409 1418 2434 abest
1437 2409 1470 2433 ab
1491 2409 1564 2433 Editt.
1588 2410 1608 2430 1.
1627 2410 1650 2432 3.

1232 2460 1276 2490 71)
1295 2460 1359 2489 gerit
1378 2459 1562 2488 magistratus]
1582 2458 1653 2483 Editt.
1675 2459 1780 2482 18-20.
1799 2458 1917 2483 22—34.,
1937 2457 2007 2486 Corp.
2028 2457 2110 2483 1—8.,
2138 2455 2197 2486 opp.

1302 2495 1322 2518 1.
1341 2494 1362 2517 2.
1381 2493 1546 2522 magistratus
1565 2493 1637 2521 gerit,

1233 2545 1275 2573 72)
1294 2542 1499 2573 calum11²emini,]
1522 2543 1593 2567 Editt.
1616 2544 1689 2564 1—4.
1711 2543 1733 2566 6.
1753 2541 1776 2565 7.
1795 2541 1819 2564 9.
1843 2541 1879 2563 12.
1901 2539 2097 2567 calumniamini,

2320 1965 2328 2192 Q-e-*s-
2322 1742 2331 1956 »ιη-,φφ-
2325 1651 2331 1732 *vt
2326 1527 2332 1642 mum-u*
