2358 2933
250 116 313 146 ⁴2²3

250 209 431 238 credendus
451 216 498 237 cst
520 207 569 237 hic
588 207 756 238 articulus.
777 208 1073 249 1101111551011011153)
1098 220 1214 249 pecca-

250 257 364 279 torum.
413 250 448 279 Et
486 250 694 289 huprobanda
729 258 776 279 est
808 249 941 290 vulgata
969 251 1095 290 opinio,
1131 260 1214 291 quae

249 292 329 321 iubet
357 292 519 321 dubitare.
550 301 590 320 an
617 292 792 321 haheamus
817 293 1040 322 remissionem
1063 299 1214 332 peccato-

249 343 326 362 rum.
375 333 468 363 Fides
498 333 593 372 igitur
623 332 717 362 habet
748 343 784 362 se
809 332 1004 363 correlative
1027 334 1069 363 ad
1090 335 1213 364 miseri-

248 375 388 403 ‹·ordi·nn
413 383 565 413 tanquam
588 375 629 403 ad
654 375 824 403 obiectum.
859 374 967 408 Quare
991 385 1062 405 culn
1087 376 1213 412 dicitur,

249 416 310 445 lide
334 416 561 445 institit-amur.
585 417 627 445 ita
653 422 740 445 recte
764 415 898 457 intelligi
924 416 1005 447 haee
1031 417 1135 458 figura
1159 428 1213 457 po-

248 458 336 487 terit.
363 469 435 487 rnm
459 456 743 487 transsormabitur
766 458 794 487 in
820 457 1064 489 correlativamz
1100 459 1214 489 11151111-

247 509 356 528 camur
384 510 442 539 per
470 499 724 529 miscricordiam
748 500 942 539 promissam
964 507 1099 540 propter
1122 500 1214 531 Clu-i-

246 549 344 570 stum:
379 542 437 571 sed
472 540 551 571 hacc
587 542 807 571 misericordia
844 541 906 572 tide
940 541 1213 582 apprehendenda

245 591 305 613 cst.
352 583 422 613 lloc
447 584 530 613 enim
553 584 617 623 agit
645 583 766 613 Paulus
792 583 896 619 1110111.
921 584 983 621 3.Ι,
1008 583 1213 615 reconciliari

245 625 390 654 homines
405 625 498 656 fiduci
510 636 519 655 1
533 624 627 655 alieni
643 625 801 655 beneficii.
827 636 889 655 non
903 633 1036 666 propter
1048 628 1213 667 propriam

244 668 430 707 dignitatem
461 678 519 698 seu
573 667 738 697 ualitatum
771 678 830 697 seu
858 678 1002 707 operum.
1048 668 1138 699 Haec
1161 674 1211 698 051

244 720 395 749 germana
421 717 449 739 et
475 678 610 749 51101305
637 707 726 739 l'anli
751 711 922 740 sententia.

327 750 396 781 Etsi
427 759 532 782 autem
566 750 649 781 hanc
684 751 833 781 fiduciam
869 751 1054 782 obedientia
1086 758 1211 789 nostra,

245 802 273 824 ιιι
300 802 415 833 postea
438 794 554 823 dicam.
579 801 607 823 ct
628 792 803 833 pleraequz¹
828 794 963 823 virtutes
989 794 1134 823 comitari
1158 794 1212 824 de-

244 837 335 865 iwnt.
372 844 476 865 tamen
513 846 576 865 non
605 834 711 874 placet
742 834 815 864 mihi
847 835 983 865 istorum
1012 836 1211 876 imaginatio,

243 878 293 917 qni
319 887 419 906 nunc.
453 885 482 907 nt
509 877 679 906 videantur
703 877 863 907 connnodi
887 877 1099 916 interpreteS,
1129 877 1211 917 peri-

243 917 388 949 culosam
423 919 599 958 κιιιιὶχρησιι·
635 917 798 948 adhibent.
844 918 1115 958 Interpretalttut·,
1149 919 1212 949 fide

243 961 462 997 iustificantur,
487 961 518 991 id
542 969 603 997 est,
628 967 695 990 tota
719 961 865 990 1100111113
890 959 1071 1002 religionis,
1094 961 1125 991 id
1149 966 1211 998 est,

243 1002 326 1045 lege.
373 1002 461 1033 llaec
492 1003 714 1043 interpretatio
744 1010 774 1033 et
804 1003 979 1042 impropria
1003 1010 1070 1039 est,
1101 1010 1131 1033 et.
1156 1003 1212 1033 ob-

243 1053 351 1075 scurat
378 1043 468 1075 Pauli
492 1045 694 1075 sententiam.
729 1045 842 1074 Aristo
856 1043 956 1074 Chius
980 1045 1095 1075 (licitur
1118 1045 1213 1075 etiam

243 1086 357 1117 ¹solitus
383 1087 565 1126 disputare,
599 1087 738 1116 virtutes
767 1097 898 1123 omnes,
931 1096 1027 1117 unam
1051 1087 1213 1127 quandam

243 1131 390 1160 virtutem
415 1140 501 1159 esse.
525 1140 620 1170 quam
640 1129 767 1169 quidem
791 1129 860 1168 ipse
883 1129 1069 1158 nominabat
1094 1128 1211 1166 ὑγίειαν.

242 1172 289 1202 113
323 1172 375 1201 isti
411 1172 627 1212 imaginantur
660 1171 723 1201 fide
756 1171 842 1210 apud
872 1169 1007 1200 Paulum
1035 1170 1213 1211 significari

243 1220 343 1243 totum
368 1212 503 1243 chorum
528 1214 687 1243 virtutum.
734 1211 876 1249 Deinde,
899 1214 1020 1242 amissa
1043 1211 1213 1252 principali

243 1256 403 1286 sententia
429 1254 537 1292 Pauli.
562 1256 697 1285 redeunt
721 1255 762 1284 ad
785 1253 870 1295 legis
895 1255 1092 1291 doctrinam,
1117 1261 1147 1284 et
1171 1254 1212 1284 de

242 1298 305 1328 hac
329 1297 502 1338 magnifice
532 1296 756 1333 declamitant,
791 1302 822 1326 et
851 1297 1035 1326 existimant
1063 1295 1210 1326 homines

242 1346 374 1380 propter
403 1340 566 1380 propriam
596 1340 801 1379 dignitatem,
834 1345 967 1378 propter
994 1337 1211 1378 impletionem

243 1382 326 1423 legis
350 1382 453 1412 iustos
482 1391 567 1411 esse.
613 1381 683 1411 Nec
712 1381 822 1411 vident
852 1381 924 1410 ideo
948 1379 1084 1411 Paulum
1108 1386 1212 1410 tanto—

243 1434 319 1465 pere
343 1424 539 1454 contendere
563 1423 602 1453 de
626 1423 743 1452 fiducia
765 1423 1017 1459 misericordiae,
1041 1423 1115 1462 quia
1138 1431 1211 1462 pro—

244 1465 297 1497 cul
321 1467 437 1496 absunt
462 1476 479 1495 a
502 1464 702 1505 perfectione
726 1465 821 1494 etiam
850 1465 971 1504 optimi.
1016 1464 1107 1494 Haec
1130 1464 1211 1494 satis

244 1510 283 1538 sit
307 1508 472 1538 monuisse
496 1509 535 1537 de
558 1506 667 1547 phrasi
692 1506 769 1536 Fide
792 1506 1014 1536 iustificamur.

329 1551 440 1580 Gratia
463 1550 625 1591 significat
650 1549 822 1589 gratuitam
845 1549 1123 1587 acceptationem,
1153 1557 1212 1578 seu

244 1593 509 1624 misericordiam.
535 1597 668 1632 propter
691 1590 856 1620 Christum
879 1591 1083 1630 promissam.
1128 1589 1211 1620 Pau-

245 1636 295 1666 1115
325 1636 410 1665 addit
447 1634 551 1671 {Rom-
576 1633 607 1670 5,
640 1633 677 1663 15
701 1636 783 1673 Sq-i,
818 1633 937 1662 donum
969 1642 1029 1672 per
1064 1632 1210 1673 gratiam.

245 1679 278 1708 ld
302 1684 398 1708 vocat
421 1677 629 1707 donationem
653 1676 792 1715 Spiritus
817 1675 921 1704 sancti
944 1680 975 1704 et
999 1675 1083 1704 vitae
1106 1680 1211 1703 aeter-

245 1730 312 1750 nae.
360 1719 429 1749 Etsi
453 1726 558 1748 autem
583 1718 743 1747 interdum
769 1718 872 1757 gratia
896 1726 1026 1756 quoque
1049 1715 1211 1757 significat

245 1760 394 1793 auxilium
428 1760 566 1800 Spiritus
600 1760 722 1796 sancti,
761 1769 820 1789 seu
859 1760 1021 1789 actionem
1061 1759 1211 1795 divinam,

246 1803 512 1844 quemadmodum
526 1802 729 1843 Augustinus
754 1801 892 1842 gratiam
908 1800 1098 1840 plerumque
1115 1800 1210 1830 inter-

246 1852 407 1885 pretatur.
436 1851 543 1874 tamen
567 1850 595 1873 et
621 1843 671 1873 hic
696 1843 875 1874 cavendum
898 1848 965 1879 est,
1000 1852 1055 1878 ne,
1091 1842 1211 1871 amissa

246 1888 406 1918 sententia
431 1885 537 1916 Pauli.
567 1885 755 1915 delabantur
777 1886 808 1914 in
833 1885 1013 1914 doctrinam
1034 1882 1130 1925 legis.
1177 1883 1211 1913 111

246 1931 329 1970 quod
350 1929 467 1960 accidit
480 1927 709 1964 Scholasticis,
733 1927 797 1967 qui,
821 1937 893 1956 cum
907 1927 1027 1962 dicunt,
1051 1925 1211 1955 hominem

246 1983 304 2012 per
332 1972 468 2012 gratiam
496 1970 680 2005 iustificati,
710 1968 789 1999 nihil
818 1969 860 1999 ibi
892 1969 999 1998 dicunt
1030 1969 1070 1998 de
1093 1968 1211 1998 fiducia

247 2013 506 2044 misericordiae-
538 2013 595 2042 sed
620 2012 779 2042 somniant
798 2010 960 2041 hominem
981 2017 1115 2051 propter
1137 2019 1211 2049 pro-

248 2057 349 2097 priam
373 2056 561 2096 dignitatem
585 2060 615 2084 et
640 2055 817 2084 novitatem
840 2052 943 2090 illam,
967 2062 1027 2083 5011
1048 2052 1213 2092 propriam

247 2098 445 2133 munditiem,
478 2097 549 2127 sine
578 2096 695 2127 fiducia
719 2096 978 2132 misericordiae,
1012 2094 1213 2135 pronuntiari

246 2142 373 2171 iustum.
738 2152 740 2155 ·

331 2182 419 2211 Inest
442 2187 547 2210 autem
569 2181 600 2210 in
623 2179 785 2210 vocabulo
802 2180 927 2220 gratiae
950 2178 1118 2209 exclusiva
1141 2188 1213 2218 par-

249 2223 355 2259 ticula,
380 2222 540 2258 videlicet,
563 2223 649 2262 quod
674 2223 776 2263 gratis
795 2223 957 2252 donentur
976 2221 1121 2251 remissio
1138 2230 1212 2261 pec-

250 2273 394 2297 catorum
424 2271 453 2294 et
478 2263 710 2295 reconciliatio.
757 2264 844 2295 Haec
867 2262 1023 2304 particula
1047 2261 1214 2294 exclusiva

250 2318 314 2339 non
343 2306 482 2337 excludit
514 2314 658 2337 nostram
688 2307 917 2347 poenitentiam
939 2313 969 2337 et
994 2307 1080 2336 110113
1103 2315 1213 2345 opera,

249 2351 306 2380 5011
335 2355 458 2379 tantum
488 2349 703 2379 conditionem
727 2349 892 2390 dignitatis
917 2348 1076 2385 excludit,
1111 2353 1143 2377 et
1165 2352 1213 2377 to-

250 2400 316 2422 tam
351 2400 482 2421 03115310
518 2390 665 2420 beneficii
697 2390 816 2420 Christi
847 2389 1001 2422 transfert
1031 2391 1062 2420 111
1090 2389 1213 2419 miseri—

252 2494 296 2519 53)
322 2490 513 2521 amissionem]
541 2491 606 2514 hunc
624 2491 795 2514 Accusatirum
823 2496 911 2514 onmes
937 2490 1007 2514 Editt.
1033 2489 1150 2513 exhibent
1169 2494 1214 2518 pro

318 2525 484 2549 Nominativo:
504 2524 632 2548 Remizsio.

858 117 966 148 PmL.
991 118 1091 148 MEL.
1115 118 1299 150 SCRIPTA
1323 119 1596 152 DOGMATlCA.

2162 125 2225 157 424

1259 211 1415 248 cordiam,
1437 218 1470 242 nt
1497 211 1646 243 videlicet
1669 214 1712 242 sit
1730 219 1863 244 certum.
1900 215 1934 245 ln
1952 214 2063 252 Petro,
2087 215 2224 254 Davide,

1259 252 1354 282 debet
1383 253 1524 284 existere
1555 255 1724 291 contritio,
1757 256 1816 285 sed
1844 262 1877 285 ut
1905 257 2033 296 possint
2056 257 2224 298 1011111113-

1259 300 1351 324 catae
1374 294 1518 334 ipsorum
1541 297 1779 333 conscientiae,
1802 303 1948 328 statuere
1971 298 2109 335 debent,
2132 306 2223 330 certo

1257 335 1338 375 ipsis
1366 337 1482 366 remitti
1511 344 1662 376 peccata,
1690 347 1756 367 non
1778 344 1911 377 propter
1934 339 2124 380 dignitatem
2147 351 2224 371 con-

1258 377 1395 406 tritionis
1418 384 1471 408 aut
1496 377 1632 408 aliorum
1656 388 1800 419 operum,
1823 379 1882 409 sed
1905 381 2008 420 gratis
2025 391 2084 420 per
2103 382 2224 413 miseri-

1259 419 1403 449 cordiam
1432 426 1566 459 propter
1589 419 1764 451 Clu-istum.
1810 420 1899 451 Haec
1926 422 2147 462 interpretatio
2170 434 2224 454 ex-

1259 458 1383 490 clusive
1417 460 1494 490 nihil
1528 461 1623 492 habet
1658 463 1807 498 absurdi,
1841 463 1905 492 imo
1939 465 2128 495 necessaria
2161 471 2222 496 est.

1257 501 1340 531 Nam
1362 503 1393 531 in
1417 503 1502 533 veris
1526 504 1707 533 terroribus
1731 514 1794 534 non
1818 504 1946 544 ignorat
1979 514 2089 541 1110115,
2117 505 2224 537 Deum

1259 544 1388 581 bonum,
1405 544 1649 575 misericordem
1668 555 1754 576 esse.
1785 545 1851 576 Sed
1868 544 1946 576 illud
1964 548 2099 587 quaerit,
2116 553 2223 578 utrum

1258 586 1396 615 remittat
1426 586 1583 627 indignis,
1617 594 1722 617 utrum
1753 588 1855 628 gratis
1890 588 2050 618 remittat?
2092 587 2222 620 Nullum

1256 627 1376 657 invenit
1409 638 1507 667 opas,
1537 629 1623 668 quod
1645 630 1751 668 possit
1774 638 1938 668 opponere
1960 630 2027 660 irae
2050 629 2130 669 Dei,
2158 640 2223 671 quo

1255 669 1359 708 possit
1393 667 1525 708 placare
1558 671 1638 700 iram
1672 670 1744 700 Dei.
1800 670 1961 711 Agnoscit
2001 671 2065 700 indi
2091 672 2223 702 nitatem

1256 720 1359 747 suam,
1380 711 1531 751 agnoscit
1543 721 1580 741 se
1598 714 1738 749 1·eam³⁴)
1751 721 1835 742 esse.
1864 711 1954 743 Haec
1966 713 2065 753 igitur
2105 713 2222 753 pitasis

1256 759 1307 781 est
1337 753 1536 789 certaminis,
1566 760 1673 783 utrum
1701 760 1825 784 certum
1847 755 1889 784 sit
1912 756 2015 795 gratis
2039 755 2153 785 donari
2175 764 2223 785 re-

1256 794 1443 824 missionem
1474 800 1684 833 peccatorum
1713 795 1864 835 indignis.
1910 795 1985 826 ldeo
2009 795 2224 837 Evangelitun

1256 835 1465 866 conscientiis
1488 836 1520 865 in
1544 835 1608 865 hoe
1628 837 1802 867 certamine
1820 838 1944 868 firmam
1963 837 2224 869 consolationem

1255 877 1424 918 proponit,
1458 884 1489 907 et
1523 877 1618 908 docet
1651 879 1898 917 promissionem
1933 880 2108 920 gratuitam
2135 889 2222 917 esse,

1256 925 1395 949 testatur
1428 920 1530 960 gratis
1565 920 1682 950 remitti
1715 927 1851 960 peccata
1884 927 2019 959 propter
2046 920 2224 960 Christum,

1255 967 1353 1000 atque
1392 961 1435 990 ita
1474 970 1552 991 vere
1585 962 1682 992 docet.
1714 962 1758 992 uti
1794 961 1972 992 mediatore
2005 968 2038 991 et
2069 961 2224 1002 pontifice

1257 1001 1401 1032 Clu-isto.
1446 1002 1537 1033 lubet
1566 1002 1653 1033 hunc
1682 1003 1894 1034 mediatorem
1917 1004 2038 1044 opponi
2059 1003 2223 1041 iraeDei,

1256 1045 1345 1074 iubet
1369 1050 1524 1081 statuere,
1547 1045 1635 1086 quod
1656 1052 1791 1085 propter
1813 1044 1899 1076 hunc
1915 1044 2102 1085 pontificem
2124 1044 2224 1076 Pater

1257 1087 1351 1117 nobis
1373 1085 1522 1126 placatus
1547 1093 1577 1117 et
1595 1087 1754 1127 propitius
1772 1087 1824 1117 sit.
1859 1086 1950 1117 Hanc
1967 1086 2223 1118 consolationem

1257 1129 1435 1159 obruerunt
1459 1127 1621 1165 monachi,
1645 1129 1699 1169 qui
1719 1135 1750 1159 et
1769 1129 1916 1159 dubitare
1933 1129 2056 1166 iubent,
2081 1140 2122 1160 an
2146 1139 2224 1160 con-

1256 1170 1360 1211 tingat
1383 1170 1533 1200 remissio
1556 1177 1783 1210 peccatorum,
1812 1177 1842 1201 et
1866 1169 2102 1202 transtulerunt
2125 1171 2223 1202 bene-

1256 1211 1363 1242 ficium
1384 1210 1505 1241 Clu'isti
1523 1212 1555 1242 in
1577 1222 1675 1253 opera
1695 1211 1870 1249 hominum,
1894 1212 2076 1243 docuerunt
2090 1218 2224 1253 propter

1257 1254 1444 1295 dignitatem
1469 1263 1602 1294 operum
1622 1255 1812 1295 contingere
1830 1254 2056 1285 remissionem
2071 1260 2223 1295 peccato-

1257 1306 1337 1326 rum.
1383 1295 1429 1325 lta
1459 1294 1555 1326 simul
1587 1297 1845 1327 obscuraverunt
1877 1295 2072 1327 beneficimn
2101 1295 2223 1327 Christi

1257 1343 1288 1368 et
1311 1338 1541 1370 excruciat-unt
1564 1339 1635 1378 pias
1658 1344 1795 1368 mentes.
1829 1338 1870 1368 Et
1892 1337 1956 1368 hac
1975 1338 2128 1378 opinione
2146 1339 2224 1370 sub-

1256 1380 1332 1410 inde
1352 1390 1459 1410 novos
1483 1378 1590 1410 cultus
1614 1387 1644 1411 et
1667 1379 1882 1410 monachatus
1905 1380 2198 1421 excogitaverunt..

1341 1421 1489 1453 Necesse
1513 1428 1562 1452 est
1585 1422 1684 1463 igitur
1706 1422 1739 1452 in
1751 1421 1904 1452 Ecclesia
1920 1421 2004 1452 hanc
2027 1420 2224 1453 consolatio-

1256 1474 1330 1494 nem
1359 1470 1487 1501 extare,
1522 1470 1553 1494 et
1576 1470 1610 1494 ut
1635 1464 1741 1505 gloria
1766 1463 1886 1494 Christi
1909 1463 1964 1494 fiat
1986 1462 2160 1502 iliustrior,
2192 1469 2225 1494 et

1256 1511 1290 1536 ut
1312 1506 1384 1546 piae
1407 1513 1531 1536 mentes
1555 1506 1741 1536 muniantur
1759 1512 1873 1536 contra
1897 1506 2168 1546 desperationem,
2192 1511 2225 1536 et

1255 1553 1291 1578 ut
1314 1548 1382 1578 veri
1406 1547 1513 1578 cultus
1538 1546 1598 1577 Dei
1626 1546 1861 1588 intelligantur.
1906 1547 1972 1578 Sed
1995 1548 2113 1578 addam
2135 1547 2224 1578 testi-

1256 1590 1380 1626 monia,
1415 1600 1454 1620 ex
1484 1589 1603 1630 quibus
1633 1595 1703 1620 tota
1732 1599 1785 1620 res
1815 1590 1920 1631 magis
1949 1590 2124 1630 perspicua
2157 1588 2224 1619 fiet.

1255 1631 1360 1662 Porro
1390 1632 1422 1661 in
1453 1631 1645 1662 testimoniis
1680 1630 1852 1672 diligenter
1885 1631 1949 1661 hoc
1983 1630 2225 1662 observandum

1256 1680 1324 1710 est,
1358 1674 1462 1713 quod,
1498 1683 1571 1704 cum
1598 1672 1787 1703 iustificatio
1816 1673 2018 1710 nominatur,
2050 1679 2225 1713 utrumque

1256 1714 1558 1756 comprehenditur,
1581 1715 1731 1745 remissio
1754 1721 1963 1755 peccatorum
1986 1722 2018 1745 et
2038 1714 2223 1754 acceptatio

1255 1767 1435 1798 personae,
1470 1767 1529 1788 seu
1564 1756 1799 1787 reconciliatio.
1851 1756 1991 1787 Prodest
2023 1762 2132 1787 autem
2163 1754 2224 1786 has

1256 1801 1436 1830 sententias
1459 1800 1491 1829 in
1516 1805 1697 1839 conspectu
1720 1798 1852 1836 habere,
1875 1799 1959 1829 utin
1982 1803 2072 1828 tanta
2093 1797 2224 1828 infirmi-

1256 1848 1322 1872 tate
1345 1848 1461 1871 nostra
1483 1851 1610 1881 semper
1633 1841 1664 1870 in
1684 1850 1740 1870 eas
1763 1841 1961 1878 intueamur,
1990 1845 2022 1870 et
2045 1839 2141 1870 fidem
2163 1840 2224 1870 eri-

1257 1893 1371 1925 gamus
1411 1889 1441 1913 et
1476 1885 1657 1915 muniamus
1690 1881 1811 1913 talibus
1845 1882 2038 1913 testimoniis
2070 1882 2104 1912 in
2138 1881 2223 1912 omni

1256 1926 1340 1963 vita,
1380 1926 1411 1955 in
1446 1926 1596 1956 omnibus
1629 1923 1786 1964 periculis
1820 1930 1851 1954 et
1884 1925 1971 1954 omni
2003 1924 2223 1954 invocatione.

1256 1968 1351 1998 Hunc
1383 1966 1520 2004 cultum,
1553 1966 1617 1997 hoc
1648 1975 1729 2005 opus
1758 1966 1934 2006 praecipue
1961 1965 2097 2006 requirit
2119 1965 2222 1996 Deus.

1256 2009 1317 2040 Hic
1348 2009 1457 2040 cultus
1480 2007 1581 2039 afficit
1605 2007 1770 2038 Christum
1792 2018 1871 2039 vero
1894 2007 2037 2044 honore,
2067 2017 2142 2038 cum
2162 2007 2224 2037 uti-

1257 2062 1328 2082 mur
1363 2050 1494 2081 Christo
1528 2051 1706 2081 mediatore
1740 2060 1779 2080 30
1813 2049 1977 2090 pontifice.
2026 2049 2106 2084 Non
2139 2049 2224 2080 enim

1256 2100 1390 2124 utuntur
1413 2092 1544 2123 Christo
1567 2093 1763 2128 mediatore,
1787 2093 1839 2132 qui
1863 2090 1947 2121 hanc
1970 2091 2067 2122 fidem
2088 2100 2154 2122 non
2175 2091 2223 2121 in-

1256 2134 1425 2177 telligunt3
1456 2141 1486 2165 et
1509 2140 1563 2165 aut
1587 2134 1749 2165 sonuliant.
1771 2143 1808 2163 se
1830 2133 1896 2174 legi
1919 2131 2130 2170 satisfacere,
2161 2143 2222 2164 nec

1232 2177 1234 2182 ⁸
1256 2177 1473 2208 infirmitatem
1499 2187 1591 2207 suam
1619 2182 1822 2217 agnoscunt,
1852 2181 1907 2206 aut
1930 2185 2004 2206 cum
2026 2181 2222 2217 agnoscunt,

1256 2226 1431 2251 versantur
1458 2219 1489 2248 in
1520 2219 1737 2254 dubitatione,
1768 2227 1852 2258 quae
1879 2223 1934 2248 aut
1963 2217 2222 2256 desperationem

1257 2268 1312 2292 aut
1336 2267 1555 2300 contemptum
1575 2260 1637 2291 Dei
1657 2260 1750 2300 parit.
1779 2259 1805 2289 Τ
1807 2258 1868 2290 3115
1886 2259 1969 2290 enim
1986 2260 2052 2289 vita
2071 2259 2142 2289 sine
2158 2257 2221 2289 hac

1256 2304 1375 2335 fiducia
1398 2303 1641 2333 misericordiae
1670 2312 1734 2331 non
1765 2300 1875 2341 placet
1897 2301 1980 2331 Deo.
2025 2300 2067 2330 Et
2095 2300 2148 2341 qui
2171 2301 2221 2331 510

1256 2347 1378 2383 vivunt,
1403 2346 1476 2385 quia
1500 2344 1578 2375 nihil
1602 2354 1620 2374 a
1643 2343 1716 2374 Deo
1740 2349 1913 2383 expectare
1935 2348 1990 2373 aut
2011 2348 2123 2382 petere
2144 2352 2220 2381 pos-

1256 2394 1347 2425 sunt,
1371 2394 1446 2419 sunt
1469 2385 1557 2418 velut
1580 2387 1650 2416 sine
1673 2385 1756 2416 Deo.
1802 2385 1868 2416 Sed
1894 2385 1998 2416 recito
2025 2384 2219 2415 testimonia.

1256 2488 1301 2516 84)
1325 2488 1406 2517 ream]
1426 2489 1463 2513 sic
1481 2489 1551 2513 Editt.
1570 2489 1592 2512 7.
1611 2488 1634 2511 8.
1657 2487 1761 2511 11—14.
1780 2487 1806 2510 et
1824 2486 1900 2516 Opp.:
1924 2485 1996 2509 Editt.
2017 2484 2038 2507 1.
2059 2485 2081 2507 2.
2099 2484 2175 2507 4—6.
2194 2483 2217 2506 9.

1324 2526 1394 2545 reum
