2358 2933
237 135 276 164 79
859 131 968 163 PHlL.
990 131 1092 162 MEL.
1115 130 1301 163 SCRIPTA
1322 129 1596 163 DOGMATICA.
2178 135 2220 167 80

236 226 456 258 lanthonemr)
474 226 531 254 sub
552 226 636 254 tinem
657 225 730 253 haec.
750 225 806 253 ait:
829 224 921 254 ..Vidi
942 225 1015 254 heri.
1035 234 1112 263 quos
1131 225 1188 254 iam
1207 225 1340 254 edidisti.
1359 225 1462 254 Locos
1475 233 1673 257 ·communeS‚
1701 233 1757 253 seu
1776 224 1996 264 Hypotyposes
2021 226 2218 265 theologicas,

236 278 341 297 novum
361 268 448 306 plane
469 267 684 301 Alchoranum,
711 267 761 304 qni
787 270 867 295 tanto
891 268 1038 305 pernicior
1063 267 1120 296 erit
1137 267 1295 306 Babylone
1312 267 1455 301 Lutheri,
1485 268 1511 295 si
1539 277 1595 295 non
1615 266 1716 295 statim
1736 266 1870 296 deleatur
1889 268 1927 297 de
1945 273 2023 297 terra
2046 269 2218 304 viventium,

235 316 344 349 quanto
364 316 411 339 est
429 310 482 338 tibi
502 320 587 348 quam
608 309 649 337 illi
669 314 699 337 et
717 308 808 337 stilus
826 310 947 337 suavior
966 313 997 338 et
1015 309 1166 346 ingenium
1185 309 1326 340 nobilius.
1346 319 1381 338 ac
1400 311 1492 338 maior
1509 310 1685 346 cautiorque
1704 309 1742 337 ad
1760 308 1921 339 fallendum
1941 311 2082 340 citatione
2095 312 2220 350 scriptu-

235 362 328 381 rarum
348 353 510 381 dexteritas
529 357 558 380 et
577 351 708 379 solertia.
755 350 822 379 Heu
841 350 992 380 infelicem
1012 351 1070 379 hoc
1089 361 1166 380 novo
1184 355 1270 390 partu
1289 352 1488 384 Germaniam.
1508 352 1565 380 nisi
1585 360 1654 380 mox
1673 361 1740 379 eum
1759 351 1842 380 velut
1861 356 2024 382 monstrum
2043 354 2220 382 nocentissi-

235 405 312 423 mum
331 394 678 432 perniciosissimamque
696 392 832 421 Sirenem
852 393 890 421 de
909 393 1006 422 medio
1025 393 1192 423 sustulerit.
1236 393 1285 423 De
1304 404 1363 432 quo
1383 395 1540 423 verissime
1559 393 1699 422 dixerim:
1720 392 1833 422 Invidia
1851 393 1972 423 Diaboli
1990 405 2071 424 mors
2089 396 2220 425 introivit

235 438 263 464 in
283 437 382 465 orbem
402 441 552 464 terrarum.
599 434 717 463 [tinam
744 437 775 463 et
799 435 914 464 animae
937 439 1006 464 tuae
1030 439 1059 464 et
1083 437 1241 464 universae
1264 437 1375 474 patriae
1401 440 1520 465 nostrae
1540 435 1750 464 consuluisses
1769 435 1888 465 melius.
1907 436 1974 465 Hoc
1992 441 2091 466 autem
2110 437 2219 466 sactum

235 483 329 507 esset.
349 480 375 506 si
394 478 499 506 librum
519 477 608 505 istum
629 487 685 505 non
705 476 906 514 publicasses,
927 478 984 506 nisi
1002 477 1136 515 legitime
1154 479 1236 516 prius
1256 479 1453 507 examinatura
1489 478 1578 507 Nunc
1595 479 1767 516 priusquam
1787 481 1905 516 paretur
1923 479 2097 513 antidotum,
2117 484 2221 518 serpet

235 520 291 549 hoc
310 530 362 558 per
381 520 477 548 omnia
493 519 624 547 membra
643 529 798 548 venenum.
843 518 910 557 Ego
928 519 1130 548 Alchoranum
1156 521 1245 549 istum
1271 524 1354 549 tuum
1378 521 1437 549 vidi
1464 520 1561 549 solum
1587 520 1666 559 apud
1684 520 1788 553 alium,
1816 530 1873 549 non
1893 520 1990 550 habeo
2010 522 2089 559 ipse:
2108 522 2220 550 utinam

235 572 300 591 eum
321 562 443 591 haberet
462 571 559 590 nemo.
579 561 636 589 nisi
656 571 712 598 ego
731 561 834 590 solus!
861 572 913 600 pro
939 572 1055 590 summa
1079 566 1159 591 certe
1183 562 1277 599 gloria
1296 562 1450 591 habiturus
1471 572 1589 593 essem.
1624 563 1723 600 ipsum
1742 571 1799 592 non
1819 562 1964 596 edidisse,
1984 563 2041 591 sed
2058 573 2127 592 mox
2145 563 2220 592 Vul-

235 615 306 633 cano
327 604 496 634 tradidisse.
516 607 547 631 ut
567 602 623 631 hac
642 608 729 641 peste
748 607 852 637 terras,
873 605 931 633 imo
951 605 1064 633 animas
1084 604 1234 633 hominum
1254 605 1412 633 levarent-'⁵

385 662 451 691 Nec
471 662 573 690 minori
593 661 781 691 vehementia
800 663 828 690 in
847 661 937 690 huius
955 661 1020 691 libri
1040 667 1191 692 auctorem
1210 664 1313 691 inverti
1333 667 1403 692 sunt
1429 662 1503 692 loh.
1524 663 1666 692 Eckius
1685 665 1712 692 in
1732 663 1903 693 Enchiridio
1930 664 2061 693 locorum
2089 674 2220 694 commu-

235 706 312 734 nium
331 705 476 733 adversus
503 704 707 734 Lutheranos.
739 705 824 733 cuius
850 704 940 733 editio
966 706 1104 743 princeps
1127 705 1332 734 Landishutae
1358 715 1383 734 a.
1407 707 1495 735 1525.
1516 707 1552 734 4⁰
1575 706 1724 744 prodiisse
1749 707 1865 736 videtur
1890 706 1963 744 (alia
1979 706 2036 736 Ed.
2056 706 2220 736 Cracoviae

238 748 325 776 1525.
347 753 373 776 a.
394 747 567 785 prodiit)“)
587 751 616 775 et
636 748 663 774 in
682 746 741 775 alio
760 746 862 775 libello
882 745 1056 783 Ingolstadii
1072 750 1159 776 1530.
1180 749 1338 785 impresso,
1357 749 1385 776 in
1405 758 1464 785 quo
1478 750 1538 776 404
1557 748 1700 777 articulos
1717 749 1864 787 proponit,
1885 749 1922 777 de
1937 749 2046 786 quibus
2064 759 2101 778 se
2119 749 2220 787 dispu-

235 795 360 818 taturum
381 789 551 825 offert**‘):
570 793 659 826 atque
679 788 751 817 lob.
777 787 995 826 Campanus
1015 790 1042 817 in
1062 789 1152 817 libro:
1174 789 1345 818 Go'ttlz'cher
1369 789 1428 818 υηιΙ
1446 789 1574 827 heiliyer
1591 790 1965 827 Sclzriffl-—Restitution
1983 791 2044 820 vnd
2059 791 2221 828 bessa-amq

234 838 289 860 etv.
314 834 402 860 1:132.
423 836 449 859 ὃ.

387 889 442 918 His
462 890 592 927 denique
610 890 687 918 addo
711 889 789 917 alius
813 891 970 927 pontificii.
996 888 1175 928 Casparis
1208 889 1474 928 Uleilbergii†)
1498 890 1536 918 de
1562 889 1620 919 hoc
1643 890 1717 919 libro
1742 891 1898 920 iudicium:
1925 891 2096 925 „Plaeuit‚·'‘
2116 892 2219 929 inquit.

235 932 304 961 ..hic
323 931 445 960 libellus
465 933 500 960 iis
520 933 656 960 maxime.
676 932 786 969 quibus
805 931 930 960 Lutheri
950 942 1067 960 summa
1085 933 1278 970 intemperies
1297 936 1327 960 et
1345 931 1531 961 tumultuosa
1547 933 1698 961 scribendi
1718 934 1790 961 ratio
1810 933 1998 971 displicebat.
2042 933 2131 962 Licet
2142 934 2220 962 enim

234 974 406 1003 Melanthon
431 974 554 1003 eandem
574 984 697 1012 prorsus
717 984 782 1002 curn
800 974 935 1003 Luthero
955 975 1133 1003 sententiam
1145 975 1292 1007 tuebatur,
1312 973 1414 1003 stilum
1433 978 1530 1003 tamen
1550 976 1734 1013 temperabat
1748 974 1879 1003 nonnihil
1898 975 1936 1004 ad
1948 975 2135 1009 modestiam,
2154 984 2220 1009 neo,

235 1022 266 1045 ut
285 1017 345 1045 ille.
366 1022 447 1045 tanto
468 1026 533 1045 cum
554 1017 666 1054 impetu
691 1026 750 1045 rem
771 1017 901 1054 gerebat.
923 1016 989 1052 Quo
1009 1017 1118 1045 sactum
1139 1021 1195 1045 est.
1215 1020 1257 1049 ut,
1279 1026 1356 1054 quos
1374 1016 1500 1045 Lutheri
1519 1017 1651 1046 inaudita
1663 1017 1846 1045 conviciandi
1867 1018 1964 1046 rabies
1983 1021 2014 1046 et
2033 1018 2221 1046 caninamor-

235 1060 348 1088 dacitas
368 1069 384 1087 a
404 1063 575 1087 novatorum
596 1060 745 1087 consortio
766 1059 943 1092 deterrebat,
964 1060 991 1087 in
1012 1058 1114 1087 horum
1134 1059 1248 1087 animos
1268 1058 1494 1092 Melancfflhon,
1515 1060 1564 1097 qui
1582 1059 1680 1088 mitior
1698 1059 1853 1088 videbatur
1871 1064 1900 1088 et
1921 1059 2084 1097 benignior,
2104 1058 2221 1097 elegan-

235 1103 317 1129 tioris
337 1101 397 1129 stili
418 1106 446 1130 et
466 1101 738 1139 blandiloquentiae
757 1101 911 1129 cniusdam
931 1100 1082 1129 illecebris
1103 1105 1207 1139 captos
1226 1102 1359 1129 suaviter
1385 1101 1528 1130 influeret.
1574 1101 1640 1130 Nec
1667 1101 1788 1130 dubium
1807 1105 1871 1135 est,
1891 1101 1947 1130 hac
1965 1101 2091 1139 stropha
2107 1100 2220 1130 multos

235 1155 251 1172 e
269 1144 462 1173 litteratorum
488 1154 608 1172 numero
629 1143 698 1172 huic
717 1143 835 1172 factioni
856 1143 1033 1172 conciliavit.
1055 1144 1103 1181 qui
1124 1143 1315 1171 humanitatis
1335 1147 1425 1181 atque
1445 1143 1637 1181 elegantioris
1657 1143 1717 1172 stili
1738 1143 1887 1172 lenocinio
1907 1143 2034 1182 quodam
2054 1143 2146 1172 illecti
2162 1143 2221 1172 Lu-

235 1186 365 1215 theranis
385 1196 419 1214 se
439 1186 572 1224 partibus
591 1185 816 1214 adiunxeruntf·

389 1228 469 1256 Haec
489 1228 526 1256 de
546 1228 656 1266 primae
675 1228 783 1257 aetatis
808 1227 999 1256 Editionibus
1018 1227 1167 1255 Locorum
1187 1228 1414 1266 praemonuisse
1433 1227 1571 1256 sufficiat.
1619 1228 1811 1266 Quantopere
1829 1227 2003 1256 Melanthon
2020 1226 2099 1255 hunc
2115 1225 2220 1255 librum

235 1272 261 1299 in
276 1270 467 1299 Editionibus
487 1270 639 1299 secundae
659 1274 688 1299 et
707 1270 812 1299 tertiae
831 1269 939 1298 aetatis
958 1270 1124 1303 mutaverit,
1145 1280 1182 1298 ex
1201 1270 1248 1298 his
1268 1270 1343 1308 ipsis
1364 1270 1438 1299 insra
1456 1269 1650 1298 recensendis
1676 1273 1883 1307 cognoscetur.
1923 1270 1981 1306 Qui
2007 1272 2106 1298 autem
2132 1268 2221 1298 huius

235 1313 334 1352 operis
354 1314 450 1341 varias
468 1312 558 1342 Editt.
579 1312 736 1349 diligenter
754 1313 829 1342 inter
847 1322 883 1340 se
903 1313 1091 1351 comparavit,
1111 1311 1264 1340 historiam
1284 1312 1455 1350 theologiae
1483 1312 1668 1350 dogmaticae
1694 1312 1955 1341 Melanthonianae
1980 1312 2092 1350 optime
2116 1320 2153 1339 ex
2182 1310 2222 1339 iis

234 1356 406 1394 perspiciet.
434 1355 461 1383 in
482 1365 540 1392 qua
565 1364 596 1383 re
627 1355 735 1383 bonum
755 1354 965 1383 adminiculum
990 1354 1113 1393 praebet
1140 1354 1282 1383 Friedr.
1308 1353 1423 1383 Gallii
1450 1354 1539 1383 liber:
1573 1353 1706 1383 Versuelz
1736 1355 1818 1383 einer
1845 1353 2091 1383 Charakteristc'h·
2109 1351 2223 1383 Melam

235 1397 362 1426 chtlnous
381 1397 427 1425 als
452 1396 619 1436 leeoloyen
639 1397 701 1426 und
720 1398 802 1426 einer
820 1396 1053 1434 Entwiekelmzy
1071 1398 1168 1425 seines
1186 1396 1400 1434 Lelarheyrz'ffs.
1447 1396 1549 1435 (Halle
1572 1399 1660 1425 1840.
1682 1398 1732 1433 3.).

389 1704 471 1732 Hae«-
492 1714 567 1733 nova
585 1703 696 1737 Editio,
717 1714 795 1741 quae
813 1704 934 1742 primam
950 1703 1099 1731 Locorum
1120 1702 1318 1730 communium
1339 1705 1466 1730 aetatem
1488 1700 1620 1734 exhibet,
1641 1711 1678 1729 ex
1695 1700 1753 1729 Ed.
1765 1701 1880 1729 Witeb.
1900 1710 1926 1729 a.
1948 1702 2037 1734 15:21,
2059 1705 2155 1737 octon.
2180 1703 2225 1731 sie,

237 1747 359 1784 repetita
381 1751 436 1774 est.
457 1750 489 1774 ut
507 1747 678 1784 scriptionis
699 1746 874 1784 compendia
893 1746 919 1773 in
940 1745 995 1774 hac
1014 1746 1123 1773 usitata
1143 1746 1170 1773 in
1190 1744 1299 1772 formas
1314 1745 1444 1782 integras
1456 1753 1544 1771 versa
1562 1747 1592 1771 et
1606 1742 1782 1781 typothetae
1801 1752 1916 1771 errores
1936 1743 1963 1771 in
1982 1752 2016 1771 ea
2029 1743 2107 1772 obvii
2127 1753 2225 1773 emen-

235 1788 294 1817 dati
313 1789 382 1817 sint.
412 1788 460 1816 De
479 1788 687 1826 orthographia
709 1788 889 1816 monendum
909 1792 970 1821 est,
999 1788 1026 1815 in
1052 1787 1104 1816 illa
1122 1787 1178 1816 Ed.
1196 1787 1308 1824 ubique
1328 1796 1346 1814 ιι
1365 1786 1505 1819 inveniri,
1529 1785 1579 1813 ubi
1606 1795 1683 1813 nunc
1701 1795 1718 1813 v
1736 1784 1835 1814 littera
1853 1787 1970 1814 utimur.
1997 1795 2023 1814 e.
2043 1795 2068 1814 c.
2089 1786 2223 1819 uerbum,

235 1830 370 1863 diuinum
394 1835 548 1868 praeterea
567 1840 658 1859 voces
678 1831 706 1858 in
726 1832 789 1863 tia,
814 1832 875 1863 tio,
900 1831 987 1861 tium,
1009 1830 1102 1861 cium,
1123 1833 1269 1857 exeuntes
1296 1832 1328 1857 ut
1351 1829 1490 1859 iustitia,
1505 1828 1659 1865 partitio,
1680 1828 1794 1860 vitiam,
1814 1827 1962 1856 iudicium
1981 1827 2055 1856 alias
2074 1828 2130 1862 sic,
2149 1828 2225 1858 alias

236 1874 371 1905 iusticia,
390 1874 542 1910 particio,
561 1874 682 1905 vicium,
705 1872 849 1901 iuditium
873 1881 945 1900 esse
964 1872 1110 1910 scriptas:
1130 1872 1199 1899 item
1220 1880 1255 1898 ae
1268 1874 1298 1899 et
1316 1880 1332 1898 e
1350 1871 1377 1898 in
1398 1869 1576 1907 quibusdam
1596 1869 1695 1897 verbis
1714 1869 1884 1908 promiscue
1903 1870 2051 1908 usurpari,
2072 1880 2099 1898 e.
2121 1880 2146 1898 c.
2166 1870 2224 1899 Iae-

236 1914 308 1943 dere
326 1924 473 1953 persaepe
493 1914 593 1943 ledere
615 1915 715 1943 scribi.
761 1913 792 1943 ln
812 1914 860 1942 his
880 1914 1016 1942 omnibus
1040 1914 1234 1942 recentiorem
1254 1912 1445 1950 scriptionem
1470 1915 1594 1940 secutus
1620 1921 1702 1945 sum,
1727 1911 1867 1945 uerbum,
1892 1911 2010 1940 diuinus
2034 1916 2090 1941 etc.
2116 1912 2145 1940 in
2164 1922 2225 1941 ver-

236 1957 315 1989 bum,
340 1956 456 1985 divinus
475 1961 652 1986 convertens
672 1961 702 1986 et
720 1967 772 1995 pro
792 1957 926 1989 iusticia,
946 1956 1080 1994 particio,
1100 1956 1218 1983 vicium.
1239 1954 1339 1983 ledere
1359 1958 1414 1983 etc.
1437 1957 1606 1983 constanter
1632 1954 1755 1987 iustitia,
1780 1954 1909 1992 partitiO,
1936 1954 2051 1988 vitium,
2070 1954 2221 1984 iudicium.

236 1998 355 2027 laedere
372 1999 519 2028 scribens.

390 2056 419 2085 ln
440 2057 710 2086 Lucubratiuncula
729 2058 894 2096 praemissa
913 2056 1050 2094 singulos
1075 2056 1160 2084 locos
1187 2055 1336 2084 Editionis
1361 2056 1475 2084 Witeb.
1508 2066 1534 2083 a.
1568 2056 1655 2089 1:321,
1685 2059 1781 2083 octon.
1803 2055 1937 2083 foliorum
1963 2060 1993 2084 et
2012 2055 2153 2084 linearum
2174 2066 2223 2084 nu-

237 2101 326 2129 meris
346 2101 513 2129 accuratius
533 2101 708 2128 notavimus.
754 2100 943 2138 Quapropter
962 2109 1091 2127 necesse
1112 2103 1168 2132 est,
1189 2102 1219 2126 ut
1240 2099 1266 2126 in
1288 2098 1341 2126 hat·
1357 2098 1437 2126 illins
1457 2097 1513 2126 Ed.
1529 2097 1654 2126 Witteh.
1675 2098 1854 2135 repetitione
1873 2098 1990 2136 utrique
2015 2098 2138 2130 muneri,
2163 2098 2224 2136 qui-

238 2143 293 2171 bus
313 2142 406 2170 lector
424 2142 509 2171 locos
534 2142 594 2171 illic
612 2142 750 2171 laudatos
770 2143 798 2170 in
818 2152 853 2170 ea
873 2142 1010 2180 reperiat,
1035 2142 1062 2170 in
1082 2141 1213 2179 margine
1233 2140 1453 2169 adscribantur:
1472 2149 1509 2168 ne
1528 2150 1598 2168 vero
1622 2149 1809 2168 numerorum
1834 2139 1992 2169 multitudo
2012 2141 2100 2168 nimis
2118 2150 2224 2177 magna

396 2303 422 2332 Ἴ
444 2303 561 2341 Comme}
580 2303 721 2329 confutatio
740 2304 887 2343 abbreu'ata
908 2304 1030 2329 adversus
1055 2304 1186 2333 Didi-mum
1210 2303 1372 2342 Ferentinum
1388 2301 1666 2342 PhihMelanehthon-is
1695 2302 1753 2327 olim
1773 2302 1880 2340 scripta,
1899 2307 1966 2341 nunc
1982 2300 2179 2360 muham-egini
2198 2302 2223 2325 in

441 2337 647 2396 ἓὲἓῃῖῗὲὲὲέίξῗη
657 2337 1304 2401 ἶῇἳῗὲἑξυξὸὲῖἒὶὶέἓῗωωῃῗὲ“ῗυῗέἑῖὲ“ῐηὲὲῗ,ῗεῗ
1316 2337 1790 2401 ..effrfflssrssfftidfftfffuss{gaft-01.
1807 2337 1872 2400 {¹⁰33
1889 2336 2036 2400 ‘333¹'ssqu
2056 2341 2105 2364 ”¹¹¹

383 2420 424 2451 ”J
445 2421 515 2445 Conf.
536 2421 694 2446 Riederer
711 2420 916 2446 Nachriclzeen
936 2429 987 2446 :nr
1005 2421 1317 2447 Kircheu-Gelelzrten-
1338 2420 1396 2445 und
1416 2419 1552 2446 Boecker-
1564 2419 1665 2446 Gesclz.
1685 2421 1710 2446 T.
1730 2421 1768 2446 111.
1786 2427 1810 2451 p.
1830 2421 1879 2446 432
1899 2426 1962 2451 sqq.,
1981 2419 2023 2445 ubi
2041 2419 2127 2449 plures
2146 2419 2222 2444 huius

441 2455 497 2479 libri
515 2455 640 2479 Editiones
658 2458 831 2480 recensentur.

367 2504 421 2533 ²³)
441 2505 501 2529 Vide
521 2505 683 2530 Riederer
700 2507 716 2530 l.
736 2506 752 2530 1.
772 2507 796 2530 Τ.
817 2506 855 2531 ΠΙ.
874 2513 897 2536 p.
916 2507 966 2532 440
985 2512 1038 2538 sqq.

397 2555 424 2583 τ)
444 2555 471 2580 In
489 2556 564 2581 libro:
583 2556 690 2581 Historia
709 2556 740 2580 de
759 2556 808 2581 vita
828 2558 853 2581 et
871 2557 982 2582 moribus
1000 2557 1110 2585 Lutheri,
1128 2557 1325 2583 xtelanchthonls
1344 2559 1368 2582 et
1387 2558 1419 2582 al.
1440 2557 1571 2587 (Coloniae
1593 2557 1664 2582 1622.
1684 2556 1723 2585 8.)
1740 2562 1763 2586 ῃ.
1785 2557 1823 2580 12.
