2358 2933
249 124 308 155 337

250 226 325 246 ram.
354 216 403 245 De
425 226 530 255 poena
552 216 679 255 periurii
699 215 772 244 dicit
799 215 830 244 in
854 216 1000 245 secundo
1020 222 1211 255 praecepto:

248 257 320 287 Non
353 256 479 287 habebit
508 257 597 287 Deus
627 257 804 292 insontem,
836 257 889 296 qni
918 258 1123 297 usurpaverit
1153 256 1213 287 Dei

248 308 362 328 nomen
383 299 413 328 in
434 308 560 328 vanum.
607 298 683 328 ltcm
703 297 743 327 de
766 299 879 337 poenis
899 299 1006 336 docet,
1026 300 1153 339 quoties
1174 300 1214 329 de

247 342 435 380 magistratu
454 338 612 380 loquitur:
637 339 724 369 hunc
749 340 832 369 enim
856 342 1021 371 constituit
1047 340 1157 378 Deus,
1181 347 1213 371 ut

246 381 444 421 disciplinam
468 383 549 411 inter
572 381 719 411 homines
743 382 877 411 retineat
902 390 930 412 et
959 393 1018 422 per
1041 392 1099 413 eos
1124 384 1211 424 punit

246 424 376 464 flagitia.
402 422 494 453 l’unit
517 424 611 453 etiam
631 424 701 453 sine
720 433 831 453 eornm
851 434 966 464 opera,
992 423 1064 455 aliis
1083 425 1213 455 calami-

245 466 379 496 tatibus:
409 466 490 495 sicut
519 464 764 496 maledictiones
790 466 820 495 in
845 463 918 507 lege
938 473 1109 498 testantur.
1154 467 1213 498 Te-

244 515 370 537 stantur
400 507 482 537 idem
508 515 537 537 et
562 507 631 537 Lex
656 515 792 538 naturae
820 514 849 538 et
876 510 1084 548 experientia.
1130 509 1213 540 Nam

243 549 323 579 haec
353 550 423 589 ipsa
448 551 555 589 opinio
586 557 632 579 est
664 550 823 590 quaedam
858 548 909 580 lex
943 556 1094 587 naturae,
1126 550 1212 580 scili-

245 600 306 621 cet.
325 592 446 621 sentire
465 592 551 631 quod
575 590 668 621 Deus
692 602 751 632 pro
778 590 959 622 benefactis
979 593 1121 631 praemia
1140 593 1211 622 red-

242 633 306 664 dat.
329 643 387 672 pro
411 632 592 663 malefactis
616 644 749 673 poenas.
785 634 860 664 ldeo
880 635 997 664 mansit
1020 633 1083 665 hoc
1103 634 1212 664 iudici-

243 685 294 705 tun
317 675 402 714 apud
433 685 544 705 omnes
575 683 701 716 gentes.
758 675 796 705 Et
828 675 903 705 hinc
938 677 1110 706 extiterunt
1137 674 1211 706 illae

241 718 455 757 gravissimae
480 719 660 748 sententiae
686 718 771 758 apud
796 717 973 748 llesiodum
1000 724 1031 748 et
1062 718 1146 748 alios
1171 718 1211 747 de

240 759 353 798 poenis
375 758 576 790 delictorum.

325 801 451 832 Deinde
475 808 603 831 constat
623 801 686 831 hoc
710 812 856 842 quoque,
886 800 960 831 illas
987 802 1077 841 ipsas
1104 800 1210 831 heroi-

241 854 296 874 cas
328 845 464 874 virtutes
496 845 525 873 in
557 845 690 874 summis
714 844 852 884 ingeniis
874 853 950 873 vere
969 853 1044 873 esse
1067 843 1210 883 peculia-

241 888 286 916 ria
304 887 389 916 dona
409 894 436 916 et
459 896 560 926 opera
579 885 651 922 Dei,
671 885 776 926 qualis
800 884 854 915 suit
876 886 907 915 in
928 884 1145 926 Xenophonte
1165 886 1210 915 in-

240 929 368 968 quisitio
388 928 468 958 Dei:
493 929 523 958 in
542 926 773 965 Themistocle,
792 927 905 963 Fabio,
918 928 1070 967 Scipione
1087 928 1210 969 magni-

241 971 316 1000 tudo
343 972 437 1001 animi
460 977 556 1010 utque
583 969 711 1000 consilii
737 971 767 1000 in
794 968 998 1000 defendenda
1021 970 1141 1010 patria3
1178 971 1209 1000 in

242 1011 363 1050 Laelio,
384 1013 512 1049 Attico,
530 1013 711 1043 moderatio
731 1019 759 1042 ct
782 1013 873 1042 fides.
920 1012 1001 1042 Cum
1020 1018 1126 1042 autem
1146 1013 1209 1042 sint

241 1055 410 1085 verissime
437 1064 537 1094 opera
563 1054 642 1091 Dei,
669 1055 750 1085 sicut
776 1055 836 1094 ipsi
861 1053 948 1084 oculi
975 1055 1096 1091 nostri,
1120 1059 1209 1084 certe

240 1107 303 1127 zzon
322 1104 395 1127 sunt
417 1107 470 1127 res
490 1095 602 1127 malae.
615 1098 659 1136 ⁷⁷)
706 1096 815 1131 Quare
834 1097 953 1127 iustitia
973 1097 1081 1127 carnis
1110 1096 1210 1126 habet

240 1140 334 1169 etiam
354 1149 446 1169 suam
469 1137 608 1176 laudem,
633 1145 664 1169 et
687 1139 825 1169 docendi
844 1145 918 1169 sunt
942 1138 1102 1175 homines,
1121 1139 1209 1178 quod

241 1180 329 1211 Deus
351 1191 421 1211 eam
444 1182 585 1221 requirat
605 1191 643 1212 ac
663 1182 812 1221 praemiis
831 1187 935 1211 ornet.

324 1225 418 1260 Quod
442 1231 549 1255 autem
571 1224 735 1254 obiicitur:
755 1223 846 1253 lianc
868 1223 1020 1254 iustitiam
1039 1229 1209 1262 peccatum

239 1279 323 1305 esse,
343 1267 433 1298 Deus
457 1274 563 1297 autem
582 1276 647 1296 non
671 1266 801 1306 requirit
827 1271 982 1305 peccata;
1005 1265 1207 1304 respondeo:

242 1311 330 1341 Deus
349 1310 479 1350 requirit
501 1318 584 1348 opus
608 1309 723 1348 ipsum.
748 1307 885 1345 Deinde,
909 1308 997 1347 quod
1019 1308 1106 1337 istud
1126 1316 1209 1346 opus

241 1353 271 1383 fit
292 1359 473 1393 peccatum,
492 1352 523 1381 id
543 1352 576 1381 tit
595 1360 654 1391 per
672 1350 838 1386 accidens,
858 1348 994 1386 scilicet,
1014 1354 1148 1389 propter
1164 1349 1207 1378 vi-

240 1396 355 1425 tiosam
383 1404 566 1434 personam.
612 1392 655 1422 Ut
678 1392 865 1432 magnitudo
892 1392 988 1421 animi
1018 1392 1049 1421 in
1078 1388 1207 1421 Achille

240 1444 286 1467 est
315 1437 447 1477 egregia
472 1437 575 1465 virtus
598 1445 656 1474 pcr
682 1444 757 1464 sese
777 1441 806 1464 et
827 1443 904 1464 vere
923 1444 1005 1474 opus
1025 1432 1106 1468 Dei3
1148 1433 1207 1462 sed

239 1479 269 1509 fit
298 1480 432 1509 w‘tiosa,
463 1478 535 1518 qnia
562 1487 704 1517 persona
727 1482 777 1506 est
801 1476 936 1513 vitiosa,
961 1485 1044 1516 quae
1071 1475 1206 1511 dubitat,

240 1530 343 1552 utrum
369 1520 459 1550 Dens
491 1520 641 1559 respiciat
671 1518 836 1554 homines,
863 1524 912 1547 est
939 1518 1010 1547 sine
1038 1518 1153 1547 timore
1177 1522 1205 1546 et

239 1565 307 1593 sine
331 1562 447 1592 fiducia
472 1561 551 1591 Dei:
575 1562 647 1591 ideo
668 1571 749 1599 opus
769 1561 875 1600 ipsum
893 1569 959 1589 non
985 1565 1035 1589 est
1055 1560 1208 1589 obedien-

239 1607 281 1635 tia
305 1615 383 1645 erga
408 1603 522 1633 Deum.
569 1602 625 1633 llle
650 1608 755 1632 antem
780 1608 828 1632 est.
848 1602 952 1632 iustus
976 1601 1048 1631 finis
1075 1611 1207 1641 operum

240 1657 315 1677 vere
335 1648 504 1681 bonorum,
528 1652 560 1675 ut
586 1646 647 1674 sint
669 1644 852 1674 obedientia
876 1654 955 1684 erga
973 1643 1091 1674 Deum.
1117 1642 1207 1672 Deus

239 1690 335 1727 igitur
355 1698 420 1718 rem
440 1688 566 1728 quidem
587 1689 704 1717 bonam
723 1686 867 1726 requirit,
886 1686 945 1716 sed
963 1690 1079 1715 natura
1091 1686 1208 1715 vitiosa

239 1724 315 1762 issud
336 1732 450 1770 ipsum,
470 1730 557 1770 quod
580 1729 672 1759 Deus
695 1728 838 1769 requirit,
864 1728 1071 1758 contaminat.

323 1772 461 1812 Reliqua
486 1779 534 1802 est
559 1772 723 1801 distinctio
747 1771 872 1809 peccati
892 1768 1038 1800 mortalis
1061 1779 1100 1800 ac
1120 1769 1207 1799 veni-

239 1815 308 1845 alis.
355 1814 419 1844 Sed
449 1815 489 1843 de
523 1813 584 1844 hae
615 1813 822 1843 distinctione
851 1811 934 1842 infra
954 1813 1117 1846 dicemus:
1142 1822 1207 1841 non

238 1858 319 1887 enim
340 1863 445 1896 potest
471 1855 624 1895 intelligi5
644 1855 718 1895 quid
739 1855 780 1884 sit
800 1853 942 1891 veniale,
973 1855 1035 1884 nisi
1053 1854 1144 1894 prius
1169 1853 1207 1883 de

239 1900 300 1929 tide
323 1898 507 1929 dixerimus.
554 1898 635 1927 Nam
661 1897 732 1926 sinc
751 1896 814 1926 fide
838 1897 1039 1927 conscientia
1060 1906 1126 1926 non
1151 1905 1208 1935 po-

238 1949 298 1971 test
329 1941 510 1970 consistere
540 1941 571 1969 in
594 1939 711 1969 iudicio
738 1938 822 1973 Dei3
853 1940 925 1969 ideo
954 1938 1033 1968 fiunt
1057 1937 1208 1968 mortalia

239 1984 359 2019 omnia,
385 1992 467 2022 quae
495 1982 728 2012 conscientiam
755 1988 922 2011 accusant.
969 1981 1059 2010 Sicut
1084 1978 1206 2010 Paulus

238 2026 338 2065 inquit
357 2023 461 2061 [Rom.
482 2024 512 2061 4,
533 2023 613 2060 15.1:
634 2023 702 2053 Lex
726 2024 805 2053 iram
825 2022 934 2053 efficit.
966 2022 1044 2053 ltem
1064 2022 1106 2059 [l.
1130 2021 1206 2052 Cor.

242 2067 289 2103 15,
307 2067 388 2105 56.]:
409 2066 555 2096 Aculeus
574 2066 686 2094 mortis
707 2072 875 2105 peccatum
895 2071 956 2102 est,
976 2065 1122 2105 potentia
1133 2074 1206 2103 pec-

239 2111 300 2138 cati
329 2109 403 2138 Lex.
449 2109 516 2138 Nec
546 2113 682 2147 possunt
713 2108 831 2147 opponi
862 2108 980 2138 iudicio
1002 2107 1066 2137 Dei
1097 2116 1206 2146 quam-

239 2151 312 2180 libet
341 2155 474 2180 honesta
494 2160 605 2190 opera,
626 2150 700 2189 quia
718 2160 783 2179 non
803 2160 979 2189 possumus
1000 2150 1069 2178 sine
1088 2148 1206 2178 media-

240 2203 309 2222 tore
333 2192 462 2222 Christo
483 2193 642 2223 accedere
665 2192 704 2221 ad
731 2191 846 2221 Deum.
892 2191 968 2222 Ideo
996 2192 1097 2231 inquit
1123 2190 1206 2220 Pau-

239 2234 289 2265 lus
315 2233 420 2270 [Rom.
444 2233 478 2269 8,
503 2235 563 2271 ῦ.Ιῑ
600 2234 663 2264 Sei.
678 2245 725 2263 *us
753 2235 859 2264 carnis
883 2245 970 2264 mors
1001 2240 1062 2270 est,
1086 2233 1117 2263 id
1137 2238 1204 2263 est:

239 2277 362 2307 etiamsi
387 2275 484 2305 habet
504 2275 599 2306 homo
623 2277 693 2305 sine
719 2277 781 2305 tide
803 2275 942 2316 aliquam
970 2276 1009 2306 de
1031 2275 1105 2305 Deo
1125 2275 1206 2304 noti-

240 2321 331 2354 tiam,
359 2319 480 2348 etiamsi
509 2317 606 2347 habet
630 2319 781 2359 egregias
806 2319 959 2355 virtutes,
980 2324 1086 2348 tamen
1106 2318 1137 2347 in
1161 2317 1206 2346 iu-

240 2361 322 2390 dicio
354 2359 414 2389 Dei
440 2370 503 2389 non
530 2359 702 2389 vivificant.
748 2360 857 2394 Quare
877 2361 936 2391 etsi
956 2360 1049 2390 Deus
1074 2359 1207 2399 requirit

240 2403 321 2432 hanc
348 2401 582 2442 paedagogium
610 2412 667 2431 seu
695 2403 844 2432 iustitiam
869 2403 989 2437 carnis,
1009 2403 1070 2433 etsi
1092 2411 1205 2440 corpo—

242 2538 284 2562 Τι’)
304 2536 397 2564 malac]
417 2536 447 2559 Ed
482 2538 529 2558 11:
550 2536 614 2560 matr:

871 124 977 155 Ptin„
1001 122 1102 153 MEL.
1125 121 1310 154 SCRu‘TA
1332 123 1605 156 DOGMATtCA.

2165 128 2228 160 388

1258 215 1380 246 ralibus
1406 218 1556 256 praemiis
1576 226 1646 247 eam
1670 224 1782 253 ornat;
1823 224 1930 249 tamen
1954 219 2015 249 ista
2034 226 2110 250 sunt
2132 217 2226 258 salsa,

1258 268 1342 298 quae
1372 257 1533 290 affirmant
1560 260 1663 289 nostri
1689 260 1885 290 adversarii:
1913 261 2000 301 quod
2028 261 2105 292 talia
2127 271 2228 302 opera

1258 306 1442 331 mereantur
1477 301 1702 332 remissionem
1732 307 1951 340 peccatorum,
1980 303 2050 333 sive
2083 304 2123 334 de
2150 313 2226 334 con-

1258 352 1358 382 gruo,
1384 343 1454 373 sive
1484 344 1523 373 de
1551 343 1724 384 condigno.
1769 342 1810 374 Et
1835 345 1963 384 quidem
1982 345 2101 375 docent
2119 344 2227 376 huius-

1257 384 1344 414 modi
1378 394 1478 426 opera
1509 386 1624 416 mereri
1654 386 1877 415 remissionem
1914 393 2122 425 peccatorum
2157 388 2227 417 sine

1258 426 1375 456 fiducia
1395 426 1526 458 Christi.
1572 427 1618 457 lta
1648 428 1811 457 somniant
1834 426 1958 467 placari
1976 428 2056 457 iram
2074 428 2137 458 Dei
2156 429 2227 458 sine

1258 467 1398 498 Christo.
1445 469 1511 499 Sed
1532 467 1685 499 reclamat
1705 468 1843 503 Paulus,
1863 468 1915 507 qui
1939 468 2033 498 docet
2056 470 2157 509 gratis
2176 479 2227 500 re-

1258 511 1336 539 mitti
1357 517 1501 548 peccata,
1522 511 1584 539 fide
1605 515 1738 548 propter
1757 507 1939 543 Christum:
1964 516 1997 540 ut.
2021 509 2110 540 clare
2128 518 2225 542 testa-

1257 557 1309 580 tur
1327 548 1449 589 Ephcs.
1469 551 1498 580 2.
1520 554 1583 589 [vs.
1596 551 1661 588 S-:l
1682 550 1794 581 (iratis
1818 549 1936 581 salvati
1955 552 2034 582 estis
2054 558 2116 583 etc.
2136 552 2226 583 Haec

1257 593 1287 621 in
1311 593 1497 632 praesentia
1522 594 1603 623 satis
1627 594 1668 623 sit
1693 593 1875 629 monuisse,
1899 592 1984 623 infra
2007 595 2091 624 enim
2116 596 2227 635 copio-

1256 635 1324 663 sius
1349 635 1389 664 de
1419 635 1610 665 remissione
1636 641 1845 674 peccatorum
1872 641 1902 665 et
1927 636 2154 667 iustificatione
2181 637 2227 667 ‹li-¹

1257 677 1394 706 cendum
1414 677 1484 706 erit.

1341 718 1374 747 ln
1399 717 1462 748 hoc
1494 717 1568 749 loco
1600 720 1639 749 de
1666 727 1802 759 peccato
1823 730 1960 751 necesse
1980 727 2029 751 est
2049 723 2224 752 admonere

1256 758 1413 790 lectorem
1446 761 1486 790 de
1516 760 1699 791 affectibus.
1751 761 1910 800 Duplices
1940 768 2016 793 sunt
2045 764 2075 793 in
2110 769 2225 794 natura

1254 801 1393 831 hominis
1417 802 1564 833 affectus.
1610 803 1747 837 Quidam
1772 802 1960 843 simpliciter
1984 810 2131 845 pugnant
2150 815 2224 836 cum

1255 842 1329 884 lege
1348 843 1428 879 Dei;
1452 850 1503 882 ut,
1534 851 1688 884 appetere
1711 843 1844 875 alterius
1870 856 1924 875 rcs
1949 852 2003 876 aut
2040 847 2222 887 coniugem,

1255 886 1399 916 invidere
1425 885 1496 916 aliis
1515 885 1577 916 Dei
1604 886 1761 917 beneficia
1769 909 1778 923 ,
1804 893 1957 926 appetere
1975 886 2114 928 gloriam
2136 889 2223 919 inde·

1256 928 1354 958 bitam
1373 934 1402 958 et
1423 928 1538 959 efferre
1557 939 1633 959 sese
1652 939 1753 968 supra
1771 928 1867 965 alios,
1887 928 2036 960 diffidere
2056 930 2138 967 Deo,
2158 936 2223 960 sto-

1254 969 1397 1000 machari
1411 971 1571 1001 adversus
1586 971 1736 1001 iudicium
1751 969 1824 1008 Dei,
1841 971 1953 1002 odisse
1970 971 2088 1002 Deum.
2120 971 2161 1003 Et
2177 978 2224 1003 ta-

1254 1011 1304 1042 les
1331 1012 1467 1043 affectus
1493 1018 1568 1043 sunt
1585 1013 1717 1053 proprie
1737 1011 1862 1043 fructus
1879 1014 2006 1054 peccati
2029 1014 2175 1055 originis,
2193 1020 2224 1044 et

1254 1060 1329 1084 sunt
1347 1054 1536 1095 simpliciter
1554 1054 1629 1086 mali
1649 1065 1688 1085 ac
1708 1055 1827 1092 vitiosi,
1847 1056 2038 1086 eteiiciendi
2057 1065 2096 1086 ex
2107 1062 2224 1086 natura

1253 1096 1410 1132 hominis3
1433 1108 1492 1128 nec
1512 1103 1603 1128 erant
1622 1096 1719 1127 futuri
1739 1097 1771 1127 in
1784 1097 1911 1138 integra
1924 1102 1955 1127 et
1967 1099 2157 1138 incorrupta
2167 1107 2223 1128 na-

1254 1145 1336 1169 tura.
1373 1138 1439 1170 Alii
1461 1145 1536 1171 sunt
1559 1138 1707 1175 affectus,
1731 1139 1784 1179 qui
1805 1148 1869 1168 non
1889 1145 2035 1179 pugnant
2058 1150 2131 1170 cum
2149 1138 2223 1180 lege

1256 1180 1335 1216 Dei;
1370 1187 1414 1218 ut,
1444 1191 1553 1212 amare
1582 1180 1716 1218 liberos,
1752 1181 1932 1221 coniugem,
1962 1182 2046 1211 bene
2079 1181 2222 1218 meritos,

1254 1223 1351 1253 irasci
1390 1224 1486 1253 vitiis.
1554 1223 1679 1253 Nauna
1711 1223 1795 1252 enim
1835 1223 2024 1263 incorrupta
2058 1233 2129 1253 non*
2154 1229 2224 1253 erat

1254 1263 1362 1294 futura
1387 1266 1456 1295 sine
1486 1265 1634 1294 omnibus
1666 1265 1926 1303 appetitionibus.
1990 1264 2073 1295 Nam
2102 1265 2223 1304 appeti-

1254 1307 1360 1336 tiones
1389 1316 1429 1336 ex
1458 1312 1574 1336 natura
1603 1304 1719 1336 tollere
1749 1312 1800 1335 est
1826 1304 1943 1335 tollere
1972 1311 2093 1335 motum
2122 1312 2154 1337 et
2178 1307 2223 1337 vi-

1254 1355 1328 1379 tam.
1370 1348 1446 1379 Ideo
1467 1349 1527 1378 etsi
1546 1347 1579 1378 hi
1597 1347 1734 1378 affectus
1754 1348 1848 1377 etiam
1868 1347 2127 1378 contaminantur
2145 1349 2223 1378 vitio

1254 1392 1409 1431 originis3
1440 1397 1548 1421 tamen
1572 1390 1740 1420 sciendum
1759 1395 1809 1419 est
1834 1399 1893 1419 eos
1912 1398 1970 1429 per
1993 1398 2068 1419 sese
2087 1399 2153 1420 non
2172 1399 2223 1420 cs-

1253 1443 1289 1463 se
1308 1432 1414 1463 malos
1437 1438 1468 1463 ct
1491 1433 1641 1469 vitiosos,
1666 1432 1727 1461 sed
1745 1432 1775 1461 in
1795 1436 1911 1461 natura
1929 1431 2115 1461 retinendos
2135 1441 2222 1468 esse,

1253 1482 1284 1505 et
1307 1473 1531 1512 efficiendum,
1558 1479 1592 1504 ut
1615 1474 1693 1504 fiant
1717 1474 1877 1513 puriores.
1922 1472 2089 1503 Vocantur
2114 1479 2224 1504 autem

1253 1528 1272 1548 a
1291 1518 1422 1558 graecis
1442 1519 1563 1557 στοργαὶ
1581 1519 1713 1555 φυσικαί.
1758 1515 1828 1545 Hoc
1852 1514 2026 1545 discrimen
2046 1515 2224 1546 observan-

1253 1560 1328 1590 dum
1348 1565 1415 1596 est,
1434 1569 1475 1589 ne
1494 1559 1693 1597 decipiamur
1712 1558 1753 1588 ab
1775 1557 1978 1598 hypocritis,
1997 1558 2052 1598 qui
2070 1557 2140 1587 sine
2159 1557 2223 1587 dis-

1255 1602 1386 1631 crimine
1406 1610 1518 1631 onmes
1544 1599 1680 1631 affectus
1701 1606 1854 1640 tanquam
1883 1609 1942 1640 per
1968 1609 2004 1629 se
2030 1599 2167 1630 vitiosos
2193 1605 2224 1630 et

1255 1642 1358 1673 malos
1378 1643 1540 1674 damnant.

1550 1743 1609 1774 DE
1633 1743 1747 1774 LEGE
1766 1743 1931 1774 DlVlNA.

1340 1820 1409 1850 Lex
1438 1820 1499 1849 Dei
1535 1826 1585 1849 est
1615 1819 1764 1849 doctrina
1798 1825 1914 1850 divinitus
1939 1827 2050 1856 ostensa,
2063 1825 2097 1857 ⁷⁸)
2131 1831 2224 1860 prae-

1254 1863 1388 1902 cipierm,
1419 1862 1534 1902 quales
1559 1871 1619 1891 nos
1648 1871 1732 1896 esse,
1762 1870 1846 1900 quae
1868 1859 1995 1898 facere,
2026 1871 2110 1901 quae
2132 1863 2223 1893 omit-

1254 1911 1323 1935 tere
1357 1910 1501 1944 oportet,
1536 1910 1568 1933 et
1596 1904 1766 1943 requirens
1796 1901 1973 1942 perfectam
2008 1904 2223 1934 obedientiam

1254 1956 1334 1987 erga
1356 1946 1474 1983 Deum,
1499 1956 1538 1976 ac
1557 1946 1715 1976 damnans
1734 1953 1803 1981 eOS,
1822 1945 1876 1984 qui
1892 1945 1935 1984 79)
1970 1955 2036 1974 non
2054 1951 2223 1984 praestant

1253 1989 1338 2019 hanc
1367 1986 1546 2028 perfectam
1576 1987 1799 2017 obedientiam.
1852 1986 1943 2017 Sicut
1965 1987 2009 2017 ait
2033 1985 2086 2017 lex
2113 1987 2222 2024 [Deut.

1251 2031 1304 2068 ⁶27,
1323 2030 1407 2068 264:
1427 2029 1623 2060 Maledictus
1643 2029 1697 2069 qui
1716 2038 1782 2058 non
1802 2030 2013 2067 permanserit
2028 2030 2060 2059 in
2073 2030 2222 2060 omnibus

1252 2072 1321 2110 his,
1354 2082 1437 2113 quae
1462 2072 1585 2112 scripta
1609 2077 1684 2101 sunt
1711 2072 1742 2100 in
1766 2069 1849 2100 libro
1868 2069 1962 2111 legis.
2008 2070 2069 2101 Hic
2086 2072 2222 2110 primum

1252 2125 1385 2145 monere
1409 2123 1546 2144 necesse
1569 2119 1630 2150 est,
1651 2113 1726 2153 quid
1744 2113 1871 2142 intersit
1894 2113 1978 2143 inter
2000 2112 2093 2154 leges
2111 2112 2222 2144 huma-

1252 2167 1311 2187 nas
1336 2162 1367 2187 et
1392 2156 1497 2197 legem
1523 2155 1593 2185 Dei*
1648 2155 1754 2195 Leges
1779 2154 1939 2185 humanae
1968 2160 2092 2185 tantum
2118 2155 2223 2196 requi—

1252 2205 1325 2229 runt
1350 2205 1405 2229 aut
1429 2197 1601 2238 prohibent
1628 2204 1763 2227 externa
1786 2195 1884 2226 facta.
1937 2195 2148 2237 Philosophia
2173 2207 2222 2227 re-

1251 2242 1348 2282 quirit
1366 2239 1503 2280 amplius
1523 2240 1686 2280 quiddam,
1706 2238 1856 2269 videlicet
1875 2238 2073 2279 diligentiam
2091 2248 2156 2269 non
2170 2249 2222 2269 so-

1252 2283 1316 2314 lum
1344 2284 1375 2313 in
1402 2283 1544 2313 externis
1571 2282 1722 2312 membris
1743 2280 1966 2318 continendis,
1993 2281 2052 2310 sed
2071 2281 2167 2311 etiam
2190 2282 2220 2310 in

1228 2410 1229 2427 ³
1251 2418 1296 2447 78)
1316 2417 1434 2442 divinitus
1454 2421 1566 2445 ostensa,
1586 2415 1698 2440 addunt
1718 2416 1790 2440 Editt.
1812 2417 1908 2438 11-13
1927 2419 1952 2439 et
1971 2417 2025 2445 opp.

1227 2470 1229 2501 ’,
1251 2469 1296 2497 79)
1317 2474 1345 2492 nc
1370 2467 1494 2492 damnans
1513 2473 1571 2493 eos.
1590 2467 1642 2497 qui]
1660 2466 1730 2491 Editt.
1751 2466 1778 2488 11
1800 2479 1831 2482 -
1853 2465 1890 2488 13.
1921 2468 1946 2489 et
1969 2466 2042 2495 opp:
2078 2471 2107 2489 ac
2126 2464 2220 2489 denun-

1319 2501 1384 2526 tians
1412 2501 1472 2525 iram
1505 2501 1559 2528 dei,
1590 2502 1695 2524 mortem
1724 2503 1748 2523 et
1776 2501 1925 2528 perpetuam
1958 2504 2065 2528 poenam
2096 2499 2218 2525 omnihus.

1319 2535 1358 2564 qui
