2358 2933
93 111 157 142 953

92 203 280 240 affectibus,
309 212 375 233 non
403 202 646 242 praetexendae
669 199 820 240 publicae
844 207 986 228 caussae
1009 198 1072 237 pri-

92 246 178 276 vatis
198 246 280 275 odiis
304 250 335 274 et
358 243 472 280 livori,
503 244 563 274 sed
586 253 684 273 verae
708 247 740 272 et
772 241 982 271 necessariae
1016 240 1072 269 do-

93 288 219 318 ctrinae
242 288 365 327 puritas
386 286 532 326 graviter
551 291 584 316 et
596 285 718 315 sedatis
738 283 852 314 animis
866 280 1071 312 defendenda

93 335 156 360 est.

181 372 225 411 7¹³)
248 370 317 400 Etsi
352 369 544 409 Pisilosphia
577 369 701 409 quaerit
735 369 767 398 in
801 368 936 397 materia
959 372 990 396 et
1013 376 1070 396 vo-

92 412 272 444 luntatibus
296 412 461 443 hominum
485 412 686 452 propinquas
712 409 936 441 calamitatum
959 408 1069 438 huma-

91 465 208 485 narum
232 464 390 492 caussas,
413 460 524 484 tamen
547 453 630 483 aliae
653 450 852 492 principales
866 451 896 480 in
911 449 1065 481 Ecclesia

91 496 155 527 Dei
188 495 375 537 patefactae
398 502 489 533 sunt,
512 494 664 526 videlicet
692 499 865 534 peccatum
892 493 924 523 in
954 498 1069 522 natura

90 538 232 569 hominis
255 545 288 569 et
310 537 439 569 furores
463 536 606 574 Diaboli,
629 536 694 577 qui,
719 541 754 566 ut
772 535 878 566 Deum
903 540 1069 566 contume-

91 580 135 611 lia
168 580 310 618 afficiat,
343 581 541 621 praesertim
574 580 606 609 in
635 577 820 608 Ecclesiam
845 576 1011 608 hostiliter
1023 578 1068 609 ⁶⁰)

93 629 275 665 grassatur.

176 665 248 695 Etsi
271 670 380 695 autem
407 664 482 694 inde
500 664 604 703 prima
634 663 722 693 initia
751 668 827 693 sunt
855 662 997 692 omnium
1016 671 1069 691 ca-

90 706 286 743 lamitatum,
327 712 435 736 tamen
470 706 657 736 discrimina
690 705 850 745 quaedam
885 709 968 734 sunt.
1026 702 1069 733 Ut

91 748 155 779 alia
189 758 312 779 caussa
346 748 531 788 propinqua
564 753 635 786 cst,
670 758 728 777 cur
762 747 869 777 David
893 745 1070 786 affligatur,

91 801 166 821 cum
186 800 226 820 ex
249 800 353 831 regno
377 796 512 830 propter
524 789 718 820 adulterium
742 795 772 819 et
785 789 991 819 homicidium
1015 788 1069 817 eii-

92 833 193 868 citur3
216 831 293 862 Alia
317 843 438 862 caussa
460 833 645 873 propinqua
668 838 719 862 est
738 841 966 861 aerumnarum
985 830 1069 860 lere-

90 875 190 912 miae,
209 875 264 915 qui
287 877 319 904 in
343 873 555 905 confessione
578 875 722 905 veritatis
741 872 945 903 interficitur.
990 873 1069 902 Pro-

90 922 163 957 pter
175 916 262 947 hanc
277 926 469 947 caussarum
483 917 703 947 diversitatem
718 925 839 957 genera
851 914 1069 946 calamitatum

91 959 222 989 diversa
244 959 403 989 nominari
427 965 582 998 possunt,
604 968 688 999 quae
712 959 786 989 ideo
806 956 989 988 illustribus
1012 966 1069 987 vo-

91 1000 217 1031 cabulis
242 1001 407 1038 discerno,
429 1006 464 1031 ut
487 1002 635 1031 doctiina
658 1001 698 1031 de
721 1000 910 1031 diversitate
934 1009 1068 1029 caussa-

90 1053 161 1072 rum
186 1041 317 1082 planius
356 1042 494 1083 intelligi
530 1049 561 1073 et
595 1042 723 1073 facilius
757 1041 917 1082 explicari
950 1041 1067 1081 possit,

90 1094 186 1124 quam
210 1085 339 1125 quidem
362 1084 499 1126 intelligi
522 1095 664 1116 necesse
688 1091 737 1115 est
766 1090 798 1115 et
825 1090 961 1124 propter
991 1094 1068 1113 con-

89 1125 269 1156 solationes
294 1133 327 1157 et
355 1128 397 1157 ad
420 1128 611 1158 iudicandas
631 1128 870 1168 disputationes
900 1126 940 1156 de
964 1125 1068 1155 Satis-

88 1166 289 1199 factionibus
312 1174 342 1199 et
366 1168 459 1200 alias.

176 1210 226 1241 Sit
256 1211 353 1251 igitur
385 1212 522 1251 primum
557 1221 663 1251 genus
690 1215 844 1251 τιμωρίαι,
877 1219 962 1250 quae
991 1215 1068 1240 sunt

88 1262 214 1292 poenae
239 1258 402 1283 certorum
420 1252 624 1290 delictorum,
648 1263 732 1293 quae
750 1262 816 1282 non
840 1252 968 1292 quidem
991 1256 1068 1282 sunt

89 1295 377 1333 compensationes
401 1304 460 1325 seu
483 1294 750 1331 satisfactiones,
774 1303 858 1334 quae
880 1299 1067 1324 mereantur

87 1337 315 1367 remissionem
340 1335 457 1376 culpae
480 1343 536 1367 aut
558 1347 687 1376 poenae
709 1342 880 1373 aeternae,
907 1336 966 1366 sed
990 1341 1066 1366 sunt

89 1388 192 1419 opera
214 1379 357 1409 iustitiae
381 1379 527 1416 divinae,
550 1389 609 1418 per
632 1389 717 1419 quae
730 1378 800 1409 vult
818 1378 911 1408 Deus
925 1388 1066 1408 commo-

88 1420 204 1450 nefieri
228 1425 259 1450 et
288 1430 350 1450 nos
379 1427 410 1450 et
429 1420 512 1450 alios
537 1422 576 1451 de
600 1431 660 1451 sua
682 1421 820 1457 iustitia,
849 1426 884 1450 ut
907 1421 1064 1457 sciamus,

89 1469 119 1493 et
144 1472 228 1503 quae
252 1463 316 1492 sint
338 1469 488 1502 peccata,
508 1468 539 1493 et
562 1473 640 1493 vere
663 1463 762 1493 irasci
785 1462 893 1493 Deum
916 1462 1063 1502 peccatis

88 1510 121 1535 et
145 1514 218 1534 cum
247 1505 280 1534 in
308 1504 371 1534 hac
400 1505 467 1535 vita
496 1504 623 1535 mortali
658 1511 724 1536 tum
746 1505 779 1535 in
804 1503 915 1535 futura
937 1505 1065 1544 punire,

87 1547 151 1577 nisi
173 1556 289 1576 rursus
319 1547 360 1577 ad
383 1546 489 1577 Deum
517 1552 755 1578 convertamur.
800 1546 855 1577 Ad
872 1545 936 1576 hoc
960 1556 1064 1587 genus

86 1589 250 1629 pertinent
272 1588 431 1628 plurimae
450 1588 649 1619 calamitates
673 1590 705 1619 in
727 1594 797 1619 toto
821 1598 943 1630 genere
954 1588 1066 1618 huma-

87 1641 149 1667 no,
179 1632 254 1671 quia
282 1629 429 1671 plerique
455 1630 606 1662 homines
630 1632 725 1661 etiam
749 1632 916 1661 atrocibus
940 1629 1065 1661 delictis

87 1673 216 1703 irritant
238 1674 318 1703 iram
331 1672 403 1703 Deir
429 1673 623 1713 Quanquam
646 1679 752 1704 autem
776 1673 837 1704 hae
850 1684 978 1714 poenae
990 1679 1065 1703 sunt

90 1725 192 1756 opera
216 1715 415 1746 iustissimae
431 1716 499 1746 irae
511 1715 586 1752 Dei,
610 1726 693 1756 quae
706 1722 868 1755 vagantur
880 1726 939 1755 per
951 1725 1065 1745 omnes

89 1757 232 1794 Gentes,
271 1763 379 1787 tamen
424 1758 455 1788 in
490 1757 643 1788 Ecclesia
677 1763 787 1788 extant
826 1759 1066 1798 promissiones

87 1799 200 1830 firmae
224 1805 256 1829 et
277 1800 440 1838 immotae,
464 1810 546 1840 quas
560 1800 652 1831 Deus
665 1801 822 1831 immensa
844 1800 1067 1831 misericordia

86 1842 183 1872 nobis
207 1842 340 1872 tradidit
365 1848 396 1872 et
417 1841 585 1883 patefecit,
605 1853 688 1884 quae
702 1841 864 1873 affirmant
876 1844 909 1873 in
922 1842 983 1873 hac
995 1844 1067 1882 ipsa

86 1884 134 1914 ira
168 1883 274 1914 Deum
307 1890 415 1915 tamen
448 1884 547 1921 velle,
581 1891 617 1915 ut
649 1886 691 1915 ad
714 1884 827 1915 Filium
852 1884 1066 1916 Mediatorem

87 1924 314 1967 confugiamus
333 1932 364 1956 et
387 1936 556 1957 servemur
578 1937 618 1958 ac
630 1926 737 1957 salute
751 1933 885 1958 aeterna
897 1928 1064 1964 donemur,

86 1978 187 2008 saepe
205 1969 301 1998 etiam
326 1975 357 1999 et
379 1970 412 1999 in
434 1969 498 2000 hac
522 1969 589 1999 vita
611 1968 740 2000 mortali
754 1969 913 2000 tollantur
932 1976 987 2000 aut
1010 1971 1065 1999 mi-

85 2011 231 2051 tigentur
261 2009 474 2042 calamitates.
521 2011 596 2041 Ideo
625 2012 710 2052 apud
744 2011 907 2043 Micheam
938 2023 1009 2053 cap.
1034 2012 1063 2042 7.

87 2055 152 2090 [vs.
175 2052 220 2089 9.]
247 2053 404 2092 scriptum
427 2059 493 2084 est:
540 2054 623 2084 Iram
647 2054 776 2085 Domini
799 2056 956 2095 portabo,
989 2055 1065 2095 quia

84 2095 223 2135 peccavi
258 2095 294 2125 ei.
360 2095 420 2126 Hic
454 2102 566 2135 aperte
601 2097 642 2127 de
675 2107 784 2136 poena
815 2096 966 2138 loquitur.
1023 2096 1064 2127 Et

84 2141 195 2167 tamen
231 2136 491 2168 consolationem
525 2139 614 2169 addit
638 2141 700 2176 [vs.
727 2139 789 2177 84:
824 2139 907 2170 Cum
938 2140 1062 2170 sedebo

84 2179 115 2209 in
140 2180 305 2216 tenebris,
329 2179 491 2211 Dominus
516 2180 573 2211 lux
598 2192 670 2212 mea
693 2188 754 2213 est.
799 2182 851 2213 Ac
882 2181 983 2213 multa
1017 2183 1063 2213 di-

85 2304 130 2334 79)
148 2308 227 2336 Seqq.
264 2307 315 2332 Etsi
334 2320 364 2323 —
384 2321 416 2324 —
437 2321 468 2325 —-
488 2309 685 2338 disputationum
705 2311 907 2340 explicationem.
944 2311 1061 2341 (quibus

151 2340 242 2365 verbis
259 2341 304 2366 lzz‘c
321 2342 400 2366 locus
416 2341 532 2371 sinitur)
550 2342 673 2368 noudum
690 2346 756 2369 sunt
773 2345 801 2369 itt
821 2345 893 2369 Editt.
915 2346 986 2368 1-9,
1008 2346 1060 2375 12.;

151 2374 180 2399 in
199 2375 271 2399 Editt.
292 2376 332 2398 10.
354 2377 392 2399 11.
423 2376 451 2400 m
478 2376 536 2406 sine
560 2378 649 2402 [otius
671 2378 818 2403 voluminis
836 2379 877 2408 (le.
897 2385 918 2404 e.
934 2381 1004 2409 post
1021 2378 1061 2411 [03

152 2413 218 2433 cum
237 2408 271 2434 de
288 2409 417 2435 libertate
430 2411 608 2441 Christiana)
627 2412 813 2437 subiit-matur
832 2413 933 2443 quippe
950 2419 1002 2438 suo
1021 2414 1059 2438 lo-

152 2448 185 2500 ἷο
204 2443 353 2468 inserenda
366 2453 377 2473 ,-
409 2445 437 2469 m
455 2445 546 2469 ceteris
564 2445 637 2470 Editt.
656 2446 709 2471 Ιισι·
727 2446 787 2471 loco
807 2447 915 2472 inserta
932 2448 1059 2472 emilien-

164 2482 208 2502 ur.

83 2527 129 2557 80)
149 2527 287 2558 hostiliter]
305 2528 348 2552 Ed.
369 2529 418 2559 25„
439 2529 510 2559 corp.
534 2531 605 2554 1—8.
626 2531 779 2556 horribiliter

564 109 587 139 1.
610 107 713 139 LOCI
734 104 1014 137 THEOLOGICI:
1037 105 1079 135 D.
1102 103 1261 135 TERTIA
1283 102 1439 134 EORUM
1462 101 1618 133 AETAS.

2028 101 2092 131 954

1116 198 1179 228 scit
1202 196 1355 227 Ecclesia
1377 197 1409 226 in
1433 195 1483 225 his
1507 195 1633 235 poenis.
1657 193 1782 231 Discit,
1814 204 1897 233 quae
1926 194 1991 223 siut
2015 204 2090 234 pec-

1116 246 1200 277 cata,
1224 240 1377 280 agnoscit
1399 239 1520 268 iustum
1538 236 1600 267 Dei
1632 237 1785 267 iudicium
1806 242 1837 266 et
1859 236 1940 265 iram
1975 237 2091 266 adver-

1116 291 1173 312 sus
1199 287 1356 321 peccata,
1390 286 1422 310 et
1449 280 1560 310 tribuit
1590 279 1663 309 Deo
1693 278 1824 309 laudem
1862 278 2016 313 iustitiae,
2056 284 2091 308 ut

1114 323 1234 354 Daniel
1260 323 1304 360 [9,
1328 324 1370 360 7.]
1396 323 1516 362 inquit:
1541 321 1624 358 Tibi,
1648 320 1799 358 Domine,
1825 321 1957 351 iustitia.
1988 319 2091 351 Simul

1115 367 1210 396 etiam
1233 367 1276 396 ibi
1300 366 1491 395 accenditur
1514 364 1567 393 lux
1580 362 1763 403 Evangelii,
1789 373 1874 403 quae
1897 363 1995 393 docet
2017 373 2091 403 gra-

1114 409 1190 438 tiam
1222 409 1405 438 exuberare
1439 417 1540 446 supra
1569 412 1758 446 peccatum,
1788 411 1823 435 ut
1852 405 1892 435 ad
1922 405 2090 435 Romanos

1115 451 1272 490 scriptum
1296 455 1355 479 est.
1401 448 1543 479 Discunt
1574 449 1646 488 piae
1669 452 1794 477 mentes
1818 449 1976 477 immensa
2001 448 2090 477 boni-

1114 498 1181 523 tate
1200 498 1231 522 et
1254 491 1481 522 misericordia
1503 490 1610 520 Deum
1633 489 1737 520 lenire
1761 500 1854 519 suam
1877 490 1956 519 iram
1980 490 2090 519 iustis-

1114 535 1229 564 simam
1263 540 1294 565 et
1328 532 1493 564 anteferre
1522 538 1669 562 nostram
1700 530 1841 561 salutem
1876 532 2090 572 indignationi

1114 586 1213 613 suae,
1243 576 1284 606 Et
1313 581 1439 612 tamen,
1477 580 1512 605 ut
1540 574 1683 604 iustitiae
1718 573 1874 610 satisfiat,
1912 574 2092 604 derivatam

1115 629 1190 649 esse
1212 619 1293 648 iram
1315 619 1347 648 in
1372 616 1494 647 Filium.
1542 616 1664 646 Harum
1688 614 1916 652 collationum,
1950 617 2091 646 iustitiae

1115 667 1146 691 et
1169 660 1425 696 misericordiae,
1451 659 1672 689 consideratio
1697 658 1837 688 studium
1863 658 1921 688 erit
1936 658 2091 688 coelestis

1114 703 1292 743 sapientiae
1319 703 1351 732 in
1381 702 1448 732 vita
1475 707 1611 731 aeterna
1666 701 1732 731 Sed
1761 706 1868 730 tamen
1893 711 1979 730 nunc
2001 707 2036 730 ut
2059 701 2090 730 in

1113 745 1261 776 tirocinio
1285 745 1375 775 initia
1396 744 1450 784 pie
1474 743 1649 784 cogitanda
1672 748 1758 772 Sll'lt.

1200 787 1387 818 Secundum
1413 796 1518 827 genus
1543 786 1583 815 sit
1609 785 1793 823 dommi->fan
1828 795 1902 815 cum
1927 795 1994 815 non
2018 795 2093 825 pro-

1113 836 1185 870 pter
1219 835 1312 860 certa
1346 827 1482 865 delicta,
1523 828 1582 857 sed
1611 828 1787 857 exercendi
1812 834 1843 857 et
1879 826 2092 857 confirmandi

1115 881 1236 902 caussa
1265 869 1455 911 affliguntur
1489 870 1638 900 homines
1666 869 1739 900 Deo
1762 868 1949 909 placente-5,
1978 876 2010 900 et
2038 870 2092 910 qui

1113 924 1179 944 non
1202 913 1324 944 habent
1347 914 1479 943 saucias
1502 912 1741 949 conscientias,
1769 918 1805 942 ut
1824 921 1941 942 carcer
1960 911 2090 952 loseph,

1113 956 1251 987 Davidis
1275 965 1467 990 aerumnae,
1499 965 1571 985 cum
1596 953 1675 985 Saul
1707 955 1734 984 ei
1764 955 1882 984 iniuste
1905 954 2090 991 insidiatur,

1115 997 1316 1029 calamitates
1340 998 1409 1028 lob.
1455 997 1527 1027 Etsi
1556 998 1640 1027 enim
1668 998 1699 1026 in
1729 997 1880 1027 omnibus
1911 999 2035 1026 sanctis
2058 997 2091 1026 in

1113 1040 1176 1071 hac
1199 1042 1266 1071 vita
1290 1046 1366 1070 sunt
1388 1046 1540 1079 peccata,
1563 1045 1671 1069 tamen
1695 1038 1759 1069 alia
1773 1049 1894 1069 caussa
1907 1040 2091 1079 propinqua

1114 1089 1182 1120 est,
1210 1088 1345 1122 propter
1375 1092 1472 1122 quam
1494 1081 1586 1111 Deus
1614 1087 1680 1111 tam
1705 1081 1826 1111 duriter
1849 1081 1931 1111 haec
1955 1092 2016 1111 sua
2040 1091 2090 1111 or-

1114 1135 1199 1165 gana
1229 1130 1371 1155 exercet.
1416 1124 1490 1153 Non
1519 1122 1587 1154 vult
1615 1124 1646 1153 in
1671 1124 1736 1153 otio
1767 1129 1798 1153 et
1821 1122 1900 1153 lium
1922 1123 2034 1153 Fidem
2059 1128 2091 1153 et

1112 1166 1357 1197 invocationem
1380 1166 1542 1206 extingui,
1574 1164 1641 1195 vult
1671 1166 1703 1195 in
1726 1166 1807 1205 ipsis
1831 1166 1995 1195 aerumnis
2020 1175 2090 1195 cre-

1112 1218 1206 1238 scere
1229 1209 1379 1245 virtutes,
1404 1214 1439 1238 ut
1461 1209 1493 1238 in
1516 1208 1753 1248 gubernatione
1777 1208 1842 1237 sint
1865 1207 2089 1248 vigilantiores

1111 1257 1143 1281 et
1165 1249 1342 1280 feliciores.

1196 1292 1340 1323 Tertium
1363 1302 1468 1333 genus
1492 1298 1542 1322 est
1564 1292 1734 1332 μαρτύριον,
1759 1302 1832 1322 cum
1855 1297 1989 1331 propter
2012 1302 2088 1322 con-

1110 1334 1289 1365 fessionem
1312 1345 1411 1365 verae
1434 1335 1602 1365 doctrinae
1625 1333 1774 1363 homines
1798 1333 1907 1364 Deum
1930 1344 2010 1365 vere
2034 1345 2087 1365 co—

1109 1377 1217 1408 lentes
1245 1376 1438 1418 afssiguntur
1461 1382 1517 1407 aut
1538 1376 1793 1414 interficiuntur,
1817 1383 1851 1406 ut
1875 1386 1964 1406 mors
1988 1376 2086 1413 Abel,

1109 1418 1269 1460 supplicia
1296 1419 1469 1456 Ieremiae,
1501 1417 1593 1449 Pauli
1623 1424 1654 1448 et
1681 1417 1838 1454 aliorum,
1867 1419 1920 1458 qui
1949 1420 1980 1449 in
2010 1429 2087 1449 con-

1109 1462 1256 1492 sessione
1286 1463 1434 1492 veritatis
1463 1460 1625 1491 interfecti
1657 1467 1750 1498 sunt,
1780 1471 1987 1501 nequaquam
2011 1466 2088 1492 sunt

1108 1513 1234 1544 poenae
1256 1509 1421 1534 certorum
1445 1503 1649 1539 delictorum,
1672 1504 1732 1533 sed
1756 1504 1951 1540 testimonia,
1963 1504 1995 1533 in
2019 1504 2087 1544 qui-

1108 1548 1170 1577 bus
1194 1547 1371 1577 ostendunt
1394 1556 1446 1583 se,
1478 1557 1551 1576 cum
1580 1546 1750 1576 veritatem
1781 1546 1866 1576 vitae
1888 1545 2086 1582 anteferunt,

1109 1590 1196 1619 serio
1227 1589 1276 1619 sic
1300 1589 1422 1619 sentire
1446 1589 1486 1618 de
1509 1588 1599 1625 Deo,
1631 1594 1666 1619 ut
1690 1588 1825 1624 (locent,
1849 1598 1888 1618 ac
1913 1599 1991 1619 vere
2022 1594 2087 1618 sta-

1110 1637 1202 1662 tuere
1225 1641 1431 1671 nequaquam
1454 1630 1641 1661 fabulosam
1665 1640 1741 1661 esse
1775 1631 1957 1661 doctrinam
1980 1630 2086 1661 Evan-

1111 1672 1211 1715 gelii,
1233 1673 1409 1704 Testantur
1438 1675 1513 1704 item
1543 1680 1668 1703 restare
1695 1672 1793 1703 aliam
1824 1674 1922 1703 vitam
1946 1679 1977 1703 et
1999 1672 2087 1704 aliud

1110 1716 1263 1747 iudicium
1303 1722 1380 1755 post
1421 1715 1506 1746 hanc
1544 1717 1655 1745 vitam.
1712 1714 1835 1745 Paulus
1869 1722 2085 1746 revocaverat

1110 1764 1258 1789 mortuos
1290 1759 1323 1788 in
1357 1759 1534 1797 vitam,⁸¹)
1576 1768 1640 1798 quo
1682 1757 1832 1798 exemplo
1868 1758 2086 1788 testimonium

1112 1801 1266 1831 divinitus
1314 1807 1484 1831 ostensum
1524 1806 1596 1837 est,
1648 1800 1720 1830 Deo
1756 1799 1893 1830 Paulum
1937 1799 2086 1839 placere3

1110 1843 1180 1873 Nec
1204 1849 1379 1882 propterea
1402 1843 1511 1873 abiicit
1523 1845 1571 1883 82)
1596 1853 1680 1879 eum,
1704 1843 1829 1873 etiamsi
1853 1853 1872 1873 a
1895 1843 2084 1882 turpissimo

1109 1885 1265 1926 Tyranno
1296 1885 1497 1916 interficitur.
1542 1885 1656 1916 Restat
1685 1885 1782 1926 igitur
1810 1884 1897 1915 aliud
1922 1886 2085 1923 iudicium,

1108 1928 1140 1958 in
1171 1938 1235 1968 quo
1259 1927 1352 1958 Deus
1382 1927 1485 1958 Paulo
1519 1927 1701 1959 benefaciet
1724 1934 1754 1957 et
1779 1928 1820 1958 de
1842 1928 1974 1958 Nerone
2005 1938 2084 1967 ope-

1109 1981 1183 2000 nam
1213 1976 1329 2000 sumet.
1374 1970 1415 2000 Et
1443 1971 1528 2001 sicut
1550 1970 1651 2001 Filius
1670 1970 1733 2000 Dei
1760 1980 1907 2001 summos
1938 1977 1969 2000 et
1993 1980 2084 2000 acer-

1110 2013 1264 2043 bissimos
1295 2014 1461 2044 cruciatus
1485 2014 1655 2050 sustinuit,
1683 2014 1727 2043 ita
1757 2013 1936 2053 praecipua
1963 2011 2084 2043 lumina

1108 2054 1281 2086 Ecclesiae
1303 2057 1500 2096 praecipuas
1523 2066 1697 2086 aerumnas
1721 2056 1902 2091 sustinent,
1926 2061 1961 2085 ut
1984 2056 2083 2096 degu-

1108 2104 1195 2128 stent
1216 2099 1404 2138 passionem
1429 2097 1499 2128 Filii
1523 2098 1584 2130 Dei
1608 2104 1639 2128 et
1663 2098 1792 2138 quidem
1812 2096 1909 2134 Abel,
1934 2097 2028 2128 Isaac
2052 2103 2079 2127 et

1106 2139 1160 2170 alii
1184 2147 1294 2180 patres
1323 2146 1356 2171 et
1379 2140 1565 2182 Prophetae
1597 2142 1665 2182 typi
1694 2139 1825 2171 fuerunt
1856 2140 2082 2180 significantes

1107 2189 1243 2213 mortem
1267 2182 1396 2214 Christi.

1191 2225 1352 2259 Quartum
1383 2236 1488 2267 genus
1517 2233 1568 2256 est
1598 2226 1708 2266 λύτρον.
1754 2224 1813 2255 Est
1840 2231 1949 2255 autem
1978 2223 2082 2255 solius

1105 2267 1176 2298 Filii
1200 2267 1263 2299 Dei
1287 2268 1472 2299 obedientia
1494 2269 1526 2299 in
1547 2269 1696 2299 omnibus
1719 2268 1822 2307 ipsius
1845 2266 2081 2299 afflictionibus

1104 2413 1263 2471 801ἰὲ111115
1293 2417 1457 2438 revocaverat
1481 2415 1594 2438 mortuos
1621 2414 1644 2437 in
1673 2414 1757 2438 vitam.
1784 2413 1919 2438 omittunt
1947 2412 2019 2437 Editt.
2043 2413 2080 2436 14.

1103 2499 1148 2527 82)
1169 2498 1262 2556 abtiicit]
1282 2498 1353 2524 Editt.
1375 2500 1413 2524 10.
1435 2500 1472 2522 11.
1496 2498 1601 2523 13—20.
1621 2498 1661 2521 23.
1681 2498 1797 2523 25—27..
1826 2498 1896 2528 (Ὧι-ρ.
1919 2498 1990 2520 1-8,
2011 2497 2078 2521 abie—

1172 2539 1192 2556 ri
