2358 2933
246 138 309 169 523

247 228 369 268 politio.
393 227 558 257 dissimilis
583 225 654 256 aliis
678 223 798 264 politiis
822 223 1003 253 humaniter
1020 222 1214 251 constitutis.

248 271 291 299 lto
322 269 532 299 confuderunt
571 267 748 296 discrimen
782 266 866 295 vitae
895 263 1071 303 spiritualis
1102 269 1132 293 et
1161 273 1217 302 po-

247 311 361 341 liticae.

332 353 500 381 Adversus
539 349 719 380 huiusmodi
760 358 890 378 errores
938 347 1101 377 muniendi
1141 352 1215 376 sunt

249 394 360 422 animi.
384 401 412 421 et
435 402 513 421 vera
539 392 685 421 doctrina
710 391 749 420 de
773 390 960 420 discrimine
983 387 1161 427 spiritualis
1185 394 1215 418 et

247 433 398 472 politione
422 435 506 463 vitae
530 433 689 463 tenenda.
713 438 743 461 et
769 432 909 471 dignitas
934 440 1041 460 rerum
1071 429 1215 469 politica-

247 485 314 503 rum
339 473 532 503 illustranda
555 481 615 503 est.
661 474 695 503 ld
719 474 849 513 prodest
875 473 917 502 ad
939 473 1092 512 pietatem
1116 478 1144 502 et
1175 472 1217 502 ad

246 515 407 555 publicam
432 515 704 555 tranquillitatem.
740 514 861 554 Magna
886 520 936 543 est
960 514 1043 543 enim
1067 512 1216 543 consola-

248 558 289 586 tio
315 558 373 596 piis
402 556 601 597 intelligere,
631 558 717 597 quod
748 556 821 586 Deo
849 555 977 596 placeat
1003 555 1083 585 haec
1112 554 1215 585 civilis

246 601 321 629 vitu.
346 599 430 638 quod
462 600 500 628 sit
527 599 645 628 donum
670 598 747 635 Dei,
776 599 863 638 quod
882 597 973 628 Deus
1001 598 1216 637 praeceperit,

246 649 276 670 ut
303 650 382 670 suae
405 641 566 670 vocationi
598 641 694 670 etiam
725 642 756 670 in
786 641 853 670 vita
883 638 970 669 civili
998 640 1136 679 (uisque
1159 640 1215 669 ob-

245 690 419 722 temperet.
450 683 537 722 quod
568 684 672 712 onmia
700 681 806 711 officia
831 682 918 711 vitae
949 651 1070 717 civilis,
1099 690 1216 721 regere

246 724 460 766 respublicas.
484 735 638 756 exercere
656 724 784 760 iudicia,
811 722 894 753 bella
919 732 1045 763 gerere,
1068 721 1216 758 militare,

246 769 491 809 magistratibus
515 769 760 805 obtemperare,
785 765 985 805 coniugimn.
1009 770 1121 794 tenere
1144 774 1216 803 pro-

247 812 360 850 prium.
384 809 551 839 laboribus
582 815 611 837 et
638 807 787 847 legitimis
813 807 1034 836 contractibus
1058 814 1218 845 quaerere

247 860 274 881 et
300 852 381 881 tueri
407 862 472 880 rem
498 849 705 885 familiarem,
730 857 850 878 ornare
877 854 965 877 artes
996 846 1092 877 utiles
1120 848 1218 883 vitae,

248 900 334 923 recte
354 894 473 922 docere
496 893 694 921 iuventutem
718 897 749 920 et
772 888 898 926 similia,
922 896 998 919 suut
1021 889 1051 918 in
1077 890 1137 928 piis
1150 889 1219 918 veri

247 934 353 965 cultus
389 934 460 964 Dei.
517 933 672 973 Magnum
712 933 786 961 item
830 930 996 962 vinculum
1029 931 1121 970 pacis
1156 936 1218 967 est,

245 980 346 1013 scire,
375 976 461 1016 quod
485 974 576 1005 Deus
595 974 816 1013 praeceperit,
841 979 875 1003 ut
898 974 1126 1014 praesentibus
1149 972 1218 1002 Ma-

247 1019 435 1056 gistratibus
471 1018 748 1055 obtemperemus,
790 1025 829 1044 ne
871 1015 1044 1054 eripiamus
1083 1014 1219 1053 imperia

246 1052 473 1099 praesentibus
498 1059 755 1098 Magistratibus,
779 1057 866 1096 quod
890 1056 982 1087 Deus
1004 1055 1161 1096 postulet,
1184 1061 1218 1086 ut

247 1103 344 1132 vitam
368 1100 495 1131 civilem
519 1110 637 1139 magno
666 1100 772 1130 studio
804 1108 1039 1129 conservemus
1071 1103 1103 1128 et
1125 1107 1219 1128 orne-

248 1152 329 1173 mus,
376 1143 486 1182 ltaque
505 1140 676 1181 diligenter
698 1141 881 1171 hominihus
906 1139 1120 1170 inculcandae
1144 1145 1220 1170 sunt

248 1185 362 1215 laudes
393 1186 477 1214 vitae
506 1182 674 1222 politicae,
709 1190 737 1212 et
774 1183 964 1221 praesertim
995 1183 1097 1222 prima
1127 1188 1219 1212 aetas

247 1237 362 1266 magna
397 1236 474 1255 cura
506 1232 535 1255 et
566 1232 636 1255 arte
665 1224 914 1255 assuefacienda
944 1230 1008 1261 est,
1045 1230 1078 1253 ut
1117 1224 1220 1253 discat

249 1267 343 1297 valde
365 1274 552 1297 reverenter
574 1268 696 1296 sentire
725 1267 765 1296 (le
795 1267 1061 1306 Magistratibus,
1090 1264 1219 1305 legibus

248 1317 276 1339 et
302 1310 451 1339 omnibus
476 1309 573 1338 rebus
598 1307 751 1348 politicis.
797 1308 886 1338 Haec
911 1308 1094 1338 reverentia
1117 1314 1148 1337 et
1161 1308 1220 1337 rei-

247 1350 396 1391 publicae
431 1349 516 1380 utilis
554 1357 619 1387 est,
653 1357 683 1381 et
719 1351 828 1380 nutrix
857 1356 907 1379 est
945 1350 1158 1380 maximarum
1172 1349 1219 1388 3⁴)

248 1394 407 1423 virtutum.

334 1434 471 1470 Celsus,
508 1433 651 1464 lulianus
682 1441 712 1463 et
746 1433 892 1473 plerique
925 1432 979 1462 alii
1013 1433 1220 1462 criminantur

247 1475 477 1517 Evangelium,
508 1477 595 1516 quod
620 1486 691 1505 cum
715 1475 887 1514 prohibeat
912 1475 1102 1511 vindictam,
1126 1474 1219 1504 dissi-

247 1526 298 1558 pet
314 1517 530 1557 respublicas,
554 1516 645 1547 tollat
659 1519 703 1553 ³³5)
727 1518 795 1547 iura
822 1516 909 1554 belli,
932 1517 1060 1553 iudicia,
1083 1526 1220 1556 poenaS,

248 1560 417 1590 confirmet
442 1558 632 1595 latrocinia,
658 1560 820 1589 concedat
841 1558 1008 1589 licentiam
1031 1564 1061 1588 et
1085 1559 1219 1597 impuni-

248 1608 345 1631 tatem
370 1602 508 1631 omnium
539 1599 709 1630 scelerum.
756 1601 795 1630 Et
825 1600 887 1630 hac
917 1601 1140 1631 criminatione
1162 1600 1218 1630 mi-

248 1653 317 1673 rum
340 1643 372 1672 in
404 1643 532 1672 modum
563 1641 786 1673 ‹leformarunt
815 1641 1041 1682 Evangelium.
1092 1642 1219 1672 Tenere

248 1685 343 1723 igitur
371 1683 575 1714 Christianos
605 1690 750 1724 oportet,
785 1685 860 1724 quid
893 1685 933 1714 de
962 1685 1118 1725 (lignitate
1142 1685 1218 1714 civi-

248 1725 322 1755 lium
347 1736 452 1755 rermn
477 1727 679 1756 sentiendum
702 1727 758 1762 sit,
784 1733 814 1756 et
843 1733 877 1756 ut
906 1724 1042 1756 liberent
1068 1726 1217 1766 Evange-

246 1767 322 1797 limn
346 1766 407 1797 hac
430 1768 641 1797 iniustissima
665 1773 697 1797 et
718 1769 970 1798 venenatissima
993 1767 1164 1805 calumnia,
1188 1774 1218 1798 et

248 1821 276 1840 ui
302 1822 380 1840 suas
404 1811 620 1839 conscientias
645 1810 685 1839 de
709 1808 827 1839 officiis
851 1808 1001 1840 civilibus
1024 1811 1217 1841 recteinsti-

247 1859 346 1881 mant.
382 1850 532 1881 Monachi
557 1862 621 1880 non
647 1850 757 1881 volunt
782 1852 885 1882 videri
904 1862 1041 1891 prorsus
1061 1853 1216 1882 damnare

247 1892 370 1924 cixilem
400 1895 512 1929 vitam,
546 1894 605 1922 sed
634 1899 742 1923 tamen
771 1895 949 1924 obscurant
979 1895 1049 1924 eius
1079 1894 1217 1935 dignita-

247 1943 325 1972 tem,
360 1946 434 1965 cum
465 1935 589 1975 fingunt
617 1934 850 1975 Evangelicam
873 1934 1106 1975 perfectionem
1130 1946 1216 1973 esse,

246 1987 310 2006 non
335 1983 446 2006 tenere
468 1977 650 2016 proprium,
681 1987 744 2006 non
770 1979 895 2007 versari
922 1978 953 2007 in
976 1978 1117 2019 negotiis
1141 1979 1218 2009 civi-

246 2018 330 2048 libus
354 2025 416 2047 etc.
463 2018 520 2048 llis
542 2019 678 2048 somniis
697 2018 871 2049 multorum
895 2021 1115 2050 conscientias
1146 2030 1217 2060 per-

247 2061 467 2090 turbaverunt.
519 2060 594 2089 ldeo
630 2067 744 2090 contra
778 2061 960 2091 huiusmodi
995 2072 1123 2092 errores
1151 2073 1218 2093 mu—

248 2101 363 2131 nienda
400 2111 490 2132 mens
525 2107 575 2132 est
609 2101 731 2142 aliquot
765 2102 905 2144 regulis,
941 2114 1077 2144 quarum
1115 2105 1218 2143 prima

247 2142 327 2173 haec
352 2150 411 2172 est.

333 2183 545 2223 Evangelium
571 2185 668 2215 (locet
692 2186 730 2215 de
759 2187 898 2225 quadam
927 2186 1085 2227 spirituali
1109 2194 1140 2218 et
1163 2198 1218 2218 ae-

247 2233 337 2255 terna
367 2226 487 2255 iustitia
517 2227 546 2255 in
576 2227 693 2263 corde,
729 2237 789 2257 nec
811 2228 920 2259 abolet
945 2230 1070 2259 interim
1097 2231 1128 2260 in
1153 2231 1217 2260 w'ta

248 2266 409 2307 corporali
445 2269 666 2298 oeconomiam
694 2275 745 2299 aut
778 2268 939 2309 politiam,
973 2272 1033 2301 sed
1061 2272 1157 2302 docet
1185 2279 1216 2303 et

247 2309 468 2339 oeconomiam
492 2316 519 2338 et
553 2320 665 2339 omnes
693 2309 823 2350 politias
856 2313 980 2343 ratione
1008 2315 1214 2352 constitutas,

248 2351 350 2379 bonas
375 2351 595 2381 ordinationes
618 2351 681 2382 Dei
704 2362 791 2390 esse,
815 2360 845 2383 et
869 2355 955 2385 dona
974 2354 1037 2385 Dei
1061 2365 1213 2387 necessa-

246 2474 290 2503 34)
310 2475 487 2505 maximarum]
507 2476 578 2499 Editt
599 2477 621 2498 Β.
645 2478 748 2501 11-13.
767 2482 793 2503 et
811 2479 884 2509 Opp.:
903 2485 1051 2509 magnarum

246 2524 290 2550 35)
310 2523 390 2553 tollat]
410 2524 480 2549 Editt.
504 2525 541 2547 12.
563 2524 600 2548 13.
622 2528 669 2556 typ.
688 2534 800 2553 errrore:
819 2530 882 2554 tollit

868 131 978 162 Pffll..
1002 130 1104 161 MEL.
1125 128 1309 161 SCRIPTA
1327 128 1598 160 DOGMAthA.

2166 127 2230 159 544

1260 221 1307 250 ria
1337 221 1368 250 in
1403 219 1465 250 hac
1494 221 1559 250 vita
1589 217 1761 258 corporali.

1261 262 1344 292 dona
1368 261 1429 292 Dei
1455 270 1688 293 conservemus
1713 265 1743 290 et
1766 270 1930 297 ornemus,
1954 266 1986 290 et.
2007 260 2039 290 in
2061 260 2113 291 his
2136 270 2229 291 occa-

1261 305 1409 334 sionibus
1441 304 1536 333 tidem
1565 309 1596 332 et
1623 300 1828 332 dilectionem
1863 312 2088 333 exerceamus.
2140 301 2229 333 Sicut

1261 346 1358 386 igitur
1391 344 1468 375 nihil
1506 350 1628 385 pugnat
1658 354 1729 374 cum
1762 342 1944 384 Evangelio
1977 343 2229 374 architectonica

1261 393 1316 418 aut
1339 387 1482 418 Musica:
1505 388 1547 417 ita
1572 385 1648 416 nihil
1673 392 1795 427 pugnat
1818 385 1931 425 politia
1954 396 2026 416 cum
2037 384 2229 425 Evangelio.

1261 430 1351 460 Sicut
1386 430 1469 459 enim
1500 428 1755 459 architectonica
1782 433 1933 458 versatur
1963 428 1994 457 in
2027 426 2230 458 fabricandis

1261 472 1418 502 aedificiis
1441 472 1483 501 ad
1506 470 1680 510 tegendum
1698 478 1831 508 corpus,
1855 469 1898 499 ita
1916 467 2027 508 politia
2037 468 2230 502 architecta-

1262 519 1313 543 tur
1337 514 1522 543 discrimina
1551 512 1817 552 possessionum,
1847 511 2049 550 negotiorum
2079 521 2231 552 corpora-

1261 554 1349 592 lium,
1375 560 1617 591 contractuum,
1645 563 1843 594 poenarum,
1867 553 1988 593 gradus
2019 563 2232 593 personarum

1261 597 1302 627 ad
1325 597 1609 627 conservationem
1633 596 1802 626 societatis
1826 601 2001 631 externae,
2037 605 2120 636 quae
2147 596 2232 627 vitae

1262 637 1425 679 corporali
1448 638 1639 668 necessaria
1662 644 1722 667 est.
2222 658 2225 661 -

1347 680 1497 710 Secunda
1528 678 1640 719 regula
1666 686 1713 710 est
1730 682 1792 714 ³¹⁵):
1824 681 1933 720 Opera
1962 681 2045 711 vitae
2060 682 2106 721 ⁸⁷)
2137 689 2233 710 oeco—

1261 723 1409 753 nomicae
1433 727 1462 751 et
1486 720 1655 761 politicae,
1685 732 1769 761 quae
1797 723 1935 762 quisque
1963 733 2023 762 pro
2054 732 2114 752 sua
2135 732 2232 753 voca-

1263 765 1351 794 tione
1381 763 1476 799 facit.
1513 769 1588 794 sunt
1618 764 1704 793 bona
1734 773 1834 803 opera
1861 770 1893 794 et
1924 765 1956 794 iu
1983 765 2045 804 piis
2068 769 2143 795 sunt
2164 763 2232 794 veri

1263 805 1373 837 cultus
1390 805 1464 841 Dei,
1488 811 1563 835 sunt
1586 805 1669 835 enim
1694 814 1795 844 opera
1811 805 1915 836 aDeo
1930 812 2115 845 praecepta.
2156 805 2232 836 Ideo

1263 846 1448 887 Prophetae
1472 857 1572 887 saepe
1601 845 1774 877 conferunt
1796 847 1878 877 haec
1908 857 2008 886 opera
2037 858 2111 878 cum
2133 847 2234 878 saeri-

1265 888 1364 925 ficiis,
1388 890 1448 925 ita,
1477 895 1510 919 ut
1542 888 1625 918 alias
1649 887 1748 928 longe
1771 887 1955 919 anteferant
1979 899 2081 929 opera
2102 887 2235 928 politica

1264 930 1457 968 sacrificiis,
1485 929 1566 960 alias
1594 929 1757 960 sacrificia
1783 929 1997 961 humanarum
2028 931 2234 962 traditionum

1264 983 1402 1013 prorsus
1427 973 1588 1002 damnent.
1634 971 1723 1002 Talis
1752 978 1802 1002 est
1826 971 1957 1003 collatio
1977 972 2096 1003 Esaiae
2114 972 2143 1003 l.
2172 975 2233 1009 [vs.

1266 1015 1328 1052 124
1374 1014 1426 1044 De
1455 1014 1625 1044 sacrificiis
1654 1015 1772 1054 inquit:
1805 1013 1887 1048 Quis
1918 1013 2235 1054 requirit<haeqde

1264 1057 1413 1086 manibus
1444 1056 1562 1086 vestris
1593 1056 1678 1086 etc-22
1722 1056 1788 1086 Sed
1822 1056 1863 1086 de
1890 1055 2029 1096 politicis
2062 1057 2234 1096 operibus:

1264 1098 1419 1132 Quaerite
1431 1099 1593 1135 iudicium,
1618 1099 1789 1128 subvenite
1813 1108 1986 1138 oppresso,
2010 1097 2233 1131 ‹lefenditessvni-
2257 1099 2260 1102 ⁴

1265 1141 1371 1170 duam.
1417 1140 1458 1170 Et
1484 1140 1573 1170 addit
1601 1140 1742 1180 ingentia
1771 1141 1929 1180 praemia:
1959 1140 1994 1171 Si
2022 1145 2160 1180 peccata
2182 1150 2235 1173 ve-

1264 1188 1334 1212 stra
1356 1180 1475 1212 fuerint
1503 1182 1588 1212 sicut
1621 1182 1806 1217 coccinum,
1839 1181 1925 1212 velut
1953 1183 2008 1212 nix
2037 1181 2234 1214 dealbabun-

1265 1230 1325 1254 tur.
1370 1223 1411 1254 Et
1437 1223 1536 1254 Zach.
1561 1224 1591 1253 7.
1617 1227 1677 1259 [vs.
1696 1223 1741 1260 9.]
1772 1223 1928 1254 Iudicium
1957 1233 2070 1255 verum
2096 1224 2236 1256 iudicate

1265 1272 1326 1296 etc.
1372 1266 1414 1295 Et
1442 1266 1529 1305 apud
1559 1265 1679 1295 Oseam
1709 1264 1751 1301 16,
1763 1265 1825 1303 6.]:
1860 1266 2119 1296 Misericordiam
2147 1264 2235 1303 volo,

1264 1318 1330 1338 nou
1354 1307 1561 1337 sacrificium.
1607 1306 1659 1336 De
1682 1308 1903 1337 oeconomicis
1927 1307 2044 1338 officiis
2069 1312 2120 1337 est
2142 1317 2235 1348 egre-

1265 1350 1318 1390 gia
1353 1360 1416 1380 vox
1457 1348 1549 1379 Pauli
1590 1349 1632 1385 [l.
1651 1348 1730 1378 Tim.
1760 1349 1791 1385 2,
1822 1348 1902 1386 15.]:
1937 1348 2055 1380 Mulier
2087 1348 2235 1380 salvatur

1263 1402 1322 1431 per
1344 1390 1484 1422 filiorum
1508 1391 1767 1431 generationem,
1794 1391 1822 1420 si
1849 1391 2004 1421 manserit
2032 1391 2064 1421 in
2086 1390 2150 1421 fide
2171 1396 2234 1423 etc.

1263 1435 1324 1464 Hic
1348 1439 1438 1463 tanto
1462 1433 1588 1463 honore
1612 1438 1708 1462 ornat
1733 1431 1841 1462 officia
1865 1432 2075 1473 coniugalia,
2090 1439 2126 1464 ut
2148 1433 2236 1464 (licat

1263 1481 1397 1515 propter
1430 1485 1469 1505 ea
1502 1474 1618 1505 fideles
1653 1472 1853 1512 salva1·i;3=³)
1892 1475 2058 1516 coniungit
2091 1476 2175 1505 enim
2188 1475 2235 1515 39)

1264 1517 1359 1547 fidem
1387 1524 1419 1547 et
1447 1527 1549 1556 opera
1574 1517 1772 1553 vocationis,
1801 1516 1886 1546 sicut
1910 1522 2040 1547 constat
2066 1522 2237 1557 utramque

1262 1560 1416 1590 iustitiam
1450 1558 1675 1589 necessariam
1708 1568 1794 1588 esse.
1839 1558 1948 1589 Docet
1979 1559 2078 1600 igitur
2110 1557 2235 1589 Paulus

1262 1601 1316 1632 hic
1340 1611 1441 1640 opera
1471 1600 1671 1637 vocationis,
1703 1600 1863 1641 coniugii,
1890 1601 2042 1631 iustitiam
2072 1601 2236 1641 quandam

1263 1649 1295 1673 et
1318 1642 1439 1674 cultum
1462 1642 1525 1673 Dei
1549 1652 1640 1679 esse,
1663 1643 1713 1672 cui
1736 1641 1829 1672 Deus
1851 1643 1956 1673 reddit
1979 1643 2133 1683 praemia.
2178 1641 2234 1673 Sic

1262 1685 1378 1716 Petrus
1404 1685 1447 1722 [l.
1462 1695 1511 1725 ep.
1524 1685 1556 1721 ’2,
1571 1684 1635 1721 134
1660 1685 1700 1714 de
1724 1685 1907 1714 obedientia
1929 1695 2010 1726 erga
2020 1684 2234 1725 Magistratus

1262 1728 1492 1758 concionatur:
1517 1727 1653 1757 Obedite
1678 1727 1763 1756 omni
1786 1725 1945 1757 humanae
1969 1727 2165 1757 ordinationi
2177 1728 2232 1762 ⁴⁰).

1261 1769 1302 1799 Et
1325 1770 1428 1799 addit:
1451 1775 1584 1808 propter
1607 1768 1791 1799 Dominum.
1825 1769 1919 1799 Item:
1944 1768 2033 1800 Haec
2047 1775 2097 1800 est
2119 1768 2233 1800 volun-

1262 1817 1311 1841 tas
1334 1811 1407 1841 Dei.
1453 1810 1589 1841 Placent
1612 1812 1711 1852 igitur
1732 1810 1814 1842 haec
1838 1810 1946 1842 officia
1966 1810 2051 1841 Deo.
2096 1811 2138 1843 Et
2149 1811 2232 1842 Pau-

1260 1852 1311 1884 lus
1336 1854 1435 1893 inquit
1468 1853 1573 1889 [Rom.
1596 1853 1645 1890 13,
1665 1853 1726 1891 5.]:
1759 1853 1906 1883 Necesse
1935 1859 1985 1883 est
2015 1853 2148 1884 obedire
2165 1863 2231 1885 non

1260 1894 1365 1926 solum
1394 1902 1529 1934 propter
1558 1896 1655 1931 iram,
1689 1895 1748 1925 sed
1778 1895 1871 1925 etiam
1900 1901 2035 1935 propter
2064 1897 2231 1926 conscien-

1259 1940 1345 1968 tiam.
1390 1937 1497 1967 Docet
1521 1947 1600 1978 ergo
1624 1938 1709 1967 hanc
1731 1937 1946 1968 obedientiam
1970 1937 2103 1969 iudicari
2125 1937 2231 1969 aDeo

1261 1986 1322 2010 etc.
1369 1979 1408 2009 Hi
1438 1978 1502 2010 loci
1531 1986 1563 2010 et
1591 1978 1712 2009 similes
1742 1979 1823 2009 satis
1853 1980 2026 2019 perspicue
2060 1985 2230 2017 testantur,

1262 2023 1367 2052 omnia
1402 2020 1511 2052 officia
1541 2021 1674 2061 politica
1702 2030 1777 2051 esse
1807 2022 1893 2052 bona
1922 2031 2022 2061 opera
2053 2022 2140 2052 etin
2168 2022 2229 2062 piis

1262 2063 1369 2094 cultus
1393 2063 1465 2093 Dei.
2218 2090 2221 2095 .

1349 2106 1442 2135 Hanc
1464 2104 1609 2146 regulam
1636 2112 1747 2135 tenere
1770 2106 1812 2144 pii
1842 2112 1958 2136 contra
1986 2105 2230 2146 hypocritarum

1262 2149 1433 2188 opiniones
1457 2148 1593 2184 debent,
1628 2148 1681 2187 qui
1711 2148 1869 2178 mirantur
1899 2153 1929 2178 et
1959 2146 2094 2179 laudant
2119 2157 2229 2178 mona-

1808 218 1846 248 Et
1875 219 2050 259 praecipit,
2084 224 2117 249 ut
2146 218 2227 250 haec

1258 2299 1303 2329 36)
1323 2301 1363 2323 est
1381 2299 1519 2323 amittunt
1539 2300 1610 2324 Editt.
1630 2301 1652 2323 7.

1257 2349 1303 2379 37)
1322 2349 1398 2380 vitae]
1426 2350 1467 2374 Ed.
1491 2351 1511 2374 t.
1530 2351 1580 2374 uite

1256 2400 1301 2429 38)
1320 2402 1422 2429 propter
1440 2406 1470 2425 ea
1489 2400 1577 2425 fideles
1597 2401 1713 2432 salvam]
1735 2401 1806 2426 Editt.
1826 2403 1848 2425 8.
1873 2402 1982 2425 11—13
2007 2403 2032 2426 et
2051 2402 2123 2431 opu:
2151 2400 2228 2425 homi-

1324 2440 1369 2457 nes
1389 2434 1482 2458 salvari
1500 2434 1550 2458 fide
1569 2435 1592 2459 in
1613 2435 1657 2459 tali
1675 2436 1752 2465 cultu,

1255 2483 1301 2511 39)
1320 2483 1398 2512 enim]
1418 2484 1458 2507 Ed.
1481 2486 1517 2508 11.
1539 2488 1564 2509 et
1582 2485 1655 2515 Opp.:
1673 2487 1757 2509 autem

1255 2532 1300 2561 40)
1320 2533 1479 2563 ordinationi]
1499 2534 1570 2559 Editt.
1592 2536 1630 2559 12.
1654 2536 1691 2559 13.
1711 2535 1844 2559 conditioni

1674 2302 1696 2323 8.
1720 2302 1824 2325 11—14.
1845 2302 1941 2332 etOpp.
