2358 2933
92 98 155 130 829
564 103 586 133 1.
609 103 710 135 LOCI
731 102 1005 135 THEOLOGICI:
1027 102 1069 134 D.
1093 101 1251 135 TERTIA
1274 99 1430 133 EORUM
1452 99 1606 131 AETAS.
2014 101 2077 133 830

92 190 220 231 Reliqui
250 191 326 222 mihi
347 193 479 234 ffseptem
508 193 610 225 millia
633 202 695 226 etc.
740 195 798 226 His
817 195 948 227 admixti
971 202 1063 227 erant

91 230 200 273 aliqui,
237 243 374 274 quorum
395 244 506 266 mores
535 235 689 277 culpandi
717 243 826 275 erant,
862 238 915 278 qui
944 243 1063 276 tamen,

92 275 168 314 quia
186 275 226 306 de
247 285 327 306 vera
349 276 498 308 doctrina
521 280 782 318 consentiebant,
801 285 893 310 erant
916 281 1063 311 membra

91 315 264 353 Ecclesiae
281 317 313 351 in
327 323 462 351 externa
481 323 640 354 societate
653 330 684 354 et
703 321 871 353 functione
884 322 1061 353 ministen'i.

159 465 211 489 cap.
229 459 270 482 59.
289 459 395 484 dicitur:
414 460 465 484 Hoc
484 462 524 483 est
543 458 633 483 foedus
654 463 738 482 meum
758 463 814 481 cnm
836 457 886 483 eis,
905 457 963 481 dicit
980 457 1063 481 Domi-

158 499 214 521 nus,
234 493 340 523 Spiritus
359 499 441 522 meus,
461 493 501 523 qui
520 494 560 517 est
578 493 603 516 in
621 494 655 521 te,
675 494 700 516 et
717 491 795 515 verba
814 496 886 519 mea,
906 496 970 520 quae
990 490 1063 520 posui

157 527 183 551 in
200 532 244 551 ore
262 528 318 556 tuo,
337 532 386 551 non
404 526 525 551 recedent
543 526 574 550 ab
593 531 637 550 ore
656 526 714 553 tuo,
740 530 822 554 neque
842 524 873 548 ab
892 529 935 548 ore
957 525 1062 548 seminis

158 561 202 585 tui.
221 560 280 585 dicit
297 561 426 590 Dominus,
444 565 491 584 nec
509 565 524 583 a
541 559 650 588 posteris
669 559 719 582 tuis
738 564 817 588 usque
834 558 858 582 in
869 558 1061 587 sempiternum.

158 594 209 618 Hoc
227 593 319 618 dictum
339 593 451 617 affirmat
469 598 571 622 semper
594 598 741 616 mansuram
767 597 825 616 esse
850 591 961 621 aliquam
981 591 1062 615 eccle—

158 627 231 657 siam,
251 629 277 652 et
295 627 395 657 quidem
416 627 497 654 docet,
516 626 558 650 ubi
577 626 626 654 sit,
653 625 784 655 videlicet,
813 625 854 649 ubi
873 625 998 649 retinetur
1016 625 1062 648 hoc

156 661 238 690 ipsum
258 661 372 689 verbum,
392 659 458 690 quod
477 660 516 684 est
535 659 559 683 in
579 664 622 683 ore
641 659 781 688 Prophetae
801 659 897 687 Esaiae,
916 658 964 682 boc
982 659 1062 682 Evan-

157 694 252 723 gelium
271 699 318 724 per
334 693 416 723 ipsum
435 693 597 723 promissum,
616 693 651 717 lbi
670 693 746 717 etiam
767 693 814 717 erit
832 693 938 722 Spiritus
958 694 1061 716 sanctus

157 727 255 751 efficax.

226 761 266 785 Sic
284 762 310 784 et
320 760 432 785 Christus
452 760 542 790 inquit:
563 759 613 788 Ego
632 760 761 784 vobiscum
781 765 837 784 sum
856 765 936 789 usque
956 759 988 783 ad
1004 765 1062 783 con-

159 794 354 818 summationem
381 794 472 823 seculi;
500 799 548 817 nec
567 793 655 822 alligat
673 800 701 818 se
721 793 834 818 Christus
853 793 885 817 ad
904 793 989 817 titulos
1008 793 1062 822 Epi-

157 833 299 857 scoporum,
318 828 382 851 sicut
400 828 447 856 ipsi
465 827 671 856 interpretantur,
699 827 744 851 sed
765 827 796 850 ad
815 833 874 851 eum
893 829 1007 853 coetum,
1038 827 1062 850 in

159 866 208 891 quo
235 861 333 886 sincere
361 863 436 885 sonat
460 866 508 884 vox
531 861 671 889 Evangelii,
698 863 726 885 ut
755 861 822 885 clare
849 862 974 885 testantur
1000 860 1063 884 haec

157 894 232 919 dicta.
268 895 335 919 Ioan.
357 896 397 920 10.
418 894 481 919 Oves
500 900 572 918 meae
593 900 679 918 vocem
699 900 782 918 meam
802 894 915 919 audiunt.
942 894 1009 918 loan.
1024 893 1061 916 15.

157 928 184 952 Si
202 928 346 953 manseritis
365 929 390 952 in
409 934 459 958 me,
478 930 504 952 et
522 927 601 952 verba
618 933 677 952 mea
696 928 837 952 manserint
854 929 880 952 in
898 928 977 957 vobis,
996 927 1062 957 quic-

157 961 216 992 quid
234 962 376 991 volueritis,
395 961 495 991 petetis,
515 963 540 985 et
557 960 600 985 fiet
617 961 696 986 vobis.
732 962 786 987 Gal.
809 962 829 986 l.
861 962 886 986 Si
911 961 966 992 quis
993 960 1061 985 aliud

155 995 320 1024 Evangelium
340 995 446 1021 docebit,
466 995 602 1019 anathema
622 995 661 1019 sit.
699 995 758 1025 Eph.
778 995 800 1019 2.
833 995 961 1019 Aedificati
985 1000 1063 1024 super

155 1028 351 1054 fundamentum
370 1030 545 1059 Apostolorum
566 1031 590 1052 et
608 1028 797 1058 Prophetarum,
817 1035 894 1059 super
911 1029 1061 1057 angularem

155 1062 266 1093 lapidem
293 1063 376 1093 ipsum
404 1063 487 1087 Iesum
516 1063 654 1092 Christum,
684 1062 708 1086 in
733 1068 781 1093 quo
809 1065 888 1087 totum
919 1062 1061 1086 aedificium

156 1098 361 1126 coagmentatum
382 1097 471 1121 crescit
490 1097 514 1120 in
532 1096 656 1126 templum
675 1098 790 1120 sanctum
804 1097 863 1121 Deo.
882 1096 906 1120 id
926 1097 972 1124 est,
992 1095 1061 1120 aedi-

154 1130 221 1155 ficati
239 1136 317 1160 super
334 1131 440 1155 verbum
460 1130 580 1154 traditum
599 1136 646 1160 per
663 1130 801 1159 Prophetas
820 1132 846 1153 et
863 1130 1005 1159 Apostolos.
1026 1129 1061 1153 Ad

155 1163 180 1188 id
198 1170 244 1189 nos
268 1165 356 1194 alligat
378 1166 403 1188 et
421 1164 454 1188 ibi
473 1163 587 1188 Christus
612 1165 722 1188 testatur
746 1163 858 1187 exaudiri
876 1164 1005 1188 homines:
1037 1163 1061 1186 Si

154 1198 232 1222 verba
251 1204 309 1222 mea
329 1198 469 1222 manserint
488 1198 512 1221 in
531 1197 611 1225 vobis,
631 1196 747 1227 quicquid
766 1197 865 1226 petens,
885 1197 928 1221 fiet
946 1197 1025 1220 vobis.

223 1232 257 1256 Ex
283 1232 322 1256 his
350 1231 421 1256 dictis
446 1231 605 1261 perspicuum
631 1233 671 1254 est
690 1231 826 1255 Ecclesiam
846 1230 879 1254 ad
897 1230 1060 1259 Evangelium

154 1265 283 1294 alligatam
303 1271 370 1293 esse,
390 1264 455 1294 quod
476 1270 532 1288 cum
551 1270 600 1288 non
619 1264 730 1288 retinent
747 1264 780 1288 hi.
799 1264 841 1294 qui
860 1265 947 1288 tenent
959 1263 1059 1288 titulum

154 1299 347 1329 Episcoporum,
375 1298 505 1322 adversari
531 1297 567 1322 eis
593 1303 700 1321 necesse
727 1300 775 1321 est.
812 1297 870 1322 ldeo
897 1297 1059 1327 praemonuit

153 1338 200 1357 nos
219 1332 331 1357 Christus
350 1332 375 1356 in
394 1332 448 1361 ipso
467 1334 554 1359 coetu,
582 1331 623 1361 qui
647 1330 771 1360 gloriatur
795 1337 822 1355 se
851 1337 909 1356 esse
937 1331 1058 1361 populum

152 1366 196 1391 Dei
214 1372 260 1390 seu
280 1366 424 1395 ecclesiam,
449 1365 503 1390 fore
522 1364 775 1395 pseudoprophetas,
803 1365 844 1395 qui
871 1365 971 1389 dicent:
998 1365 1058 1389 Ecce

153 1400 192 1424 hic
209 1404 250 1424 est
269 1399 391 1427 Christus,
411 1404 469 1423 ecce
488 1398 538 1423 illic
557 1400 602 1423 est.
639 1397 689 1422 Sed
708 1404 797 1422 norma
812 1398 953 1423 diiudicans
971 1404 1057 1423 veram

153 1433 290 1458 Ecclesiam
310 1433 341 1457 ab
360 1433 415 1461 his,
434 1433 475 1462 qui
494 1432 542 1456 sibi
561 1432 626 1457 falso
646 1432 745 1456 titulum
764 1434 902 1462 arrogant,
929 1433 992 1456 haec
1011 1436 1058 1461 est,

151 1466 281 1495 videlicet,
312 1466 475 1495 Evangelium
506 1465 627 1490 traditum
645 1471 691 1495 per
709 1466 860 1496 Prophetas,
889 1465 1014 1491 Christum
1034 1468 1058 1490 et

153 1501 294 1530 Apostolos.
347 1500 415 1524 Sicut
446 1500 540 1524 dictum
570 1502 620 1524 est:
660 1499 724 1523 Oves
754 1505 828 1524 meae
855 1506 943 1524 vocem
974 1505 1056 1524 meam

152 1534 266 1558 audiunt.

219 1569 248 1593 Et
266 1568 306 1592 hic
324 1569 420 1596 coetus,
439 1567 480 1597 qui
499 1572 557 1591 vere
578 1569 617 1591 est
634 1566 743 1596 populus
762 1567 818 1595 Dei,
845 1572 895 1592 non
914 1569 953 1591 est
971 1567 1056 1591 invisi-

152 1601 219 1629 bilis.
238 1601 287 1626 etsi
305 1603 345 1626 est
363 1606 532 1625 aerumnosus
551 1603 577 1624 et
596 1600 735 1630 dispersus,
754 1602 778 1624 et
797 1600 859 1625 alias
879 1601 973 1627 maior,
993 1601 1056 1625 alias

151 1635 240 1664 minor,
259 1634 323 1660 alias
342 1636 448 1659 ornatus
467 1635 562 1659 maiore
581 1634 674 1663 gloria,
701 1634 764 1659 alias
792 1634 897 1658 minore.
935 1635 1055 1664 Tempore

150 1668 238 1693 Esaiae
259 1670 364 1694 ornatus
383 1671 424 1693 est
442 1668 533 1693 illustri
551 1668 711 1697 testimonio,
737 1668 811 1697 pulso
830 1668 941 1692 exercitu
960 1670 1056 1693 Senna-

152 1703 251 1732 cherib,
281 1702 342 1727 item
369 1708 491 1732 regressu
519 1702 592 1726 Solis.
629 1702 750 1731 Tempore
769 1702 907 1731 Ieremiae,
935 1703 983 1727 etsi
1001 1703 1055 1732 ipsa

149 1736 300 1765 gubernatio
318 1737 440 1761 Ieremiae
460 1738 515 1760 erat
532 1741 626 1765 magna
643 1736 732 1765 gloria,
751 1737 835 1760 tamen
854 1741 911 1760 eam
931 1736 1002 1765 pauci
1020 1737 1055 1761 in-

153 1770 316 1799 telligebant,
346 1776 375 1794 ac
393 1770 499 1794 visibilis
518 1772 605 1794 coetus
626 1772 698 1794 erant
717 1769 846 1794 auditores
865 1770 1002 1799 Ieremiae‚
1031 1772 1055 1795 et

153 1803 336 1828 dissentiebant
355 1804 386 1828 ab
405 1804 532 1828 ordinaria
551 1806 686 1833 potestate.

219 1837 315 1862 Dictum
332 1834 382 1865 est,
401 1837 459 1867 quid
479 1838 511 1862 sit
529 1837 646 1866 ecclesia,
665 1839 691 1861 et
709 1837 750 1861 ubi
769 1837 814 1862 sit.
840 1841 864 1863 et
885 1838 950 1868 quod
970 1838 1001 1863 sit
1021 1838 1054 1862 vi-

151 1871 231 1896 sibilis
251 1875 347 1899 coetus,
365 1871 412 1896 sed
431 1873 518 1896 tamen
538 1871 667 1896 dissimilis
681 1871 736 1895 aliis
745 1871 848 1900 politiis,
866 1878 949 1902 neque
968 1874 1054 1896 tamen

151 1908 191 1930 est
208 1906 262 1930 sine
281 1906 370 1935 capite,
390 1905 444 1930 sine
463 1905 559 1934 ordine,
578 1905 632 1929 sine
651 1905 739 1933 gioria.

219 1939 298 1968 Caput
316 1941 356 1963 est
374 1938 440 1963 filius
458 1939 511 1967 Dei,
529 1939 594 1963 sicut
612 1938 701 1963 dicitur
719 1938 777 1968 Eph.
800 1940 820 1961 l.
864 1939 891 1963 Et
909 1939 991 1969 ipsum
1011 1939 1055 1963 de-

152 1972 187 1997 dit
205 1974 280 2003 caput
298 1978 376 2002 super
394 1972 478 1996 omnia
498 1973 636 2001 ecclesiae,
661 1978 725 2002 quae
750 1974 790 1996 est
808 1979 898 2002 corpus
917 1973 971 1997 eius
991 1973 1054 1997 inte—

149 2012 223 2035 grum
253 2006 406 2036 perficientis
435 2006 520 2030 omnia
550 2007 574 2030 in
599 2006 724 2030 omnibus.
761 2007 804 2030 Hic
830 2007 975 2031 nominatim
996 2007 1055 2031 dicit

150 2040 201 2064 tale
221 2042 296 2069 caput
314 2045 381 2064 esse.
408 2040 476 2069 quod
494 2045 545 2064 non
564 2042 604 2064 est
622 2040 739 2067 otiosum,
769 2040 815 2065 sed
834 2046 923 2064 revera
943 2040 1011 2064 fovet
1030 2043 1054 2065 et

149 2073 254 2097 adiuvat
278 2073 394 2097 membra
413 2073 505 2103 Spiritu
533 2075 627 2097 sancto.
671 2073 707 2098 Ne
727 2075 812 2097 autem
831 2074 863 2098 sit
881 2074 994 2103 ignotum
1014 2080 1054 2098 ca-

150 2109 208 2136 put,
235 2106 350 2131 additum
374 2109 415 2131 est
432 2108 528 2131 certum
547 2105 647 2135 signum
666 2108 691 2130 et
709 2108 889 2134 testimonium.
915 2114 961 2137 per
987 2108 1052 2138 quod

150 2140 296 2170 agnoscitur
323 2143 348 2164 et
374 2140 511 2169 invocatur,
539 2140 655 2164 videlicet
672 2141 843 2170 Evangelium.
880 2142 941 2166 Huic
966 2142 1054 2166 creda-

151 2180 217 2201 mus.
235 2175 261 2198 et
278 2179 338 2198 vere
357 2175 500 2198 statuamus
520 2173 646 2198 Christum
673 2180 730 2199 esse
756 2178 830 2205 caput
854 2176 979 2200 ecclesiae
1003 2182 1053 2200 non

150 2208 268 2237 otiosum,
287 2208 335 2232 sed
353 2207 443 2232 fovens
463 2209 489 2232 et
506 2207 648 2232 defendens
666 2209 788 2233 membra.

219 2241 269 2266 Sed
289 2247 364 2266 coeca
384 2242 447 2266 ratio
465 2242 577 2266 humana
596 2243 621 2265 et
639 2241 728 2266 obruta
746 2243 859 2267 tenebris
869 2242 943 2272 fingit
961 2242 1052 2267 abesse

150 2275 277 2300 Christum
296 2278 322 2299 et
340 2275 473 2300 ecclesiam
493 2275 525 2299 ab
545 2281 575 2299 eo
593 2275 696 2304 negligi.
733 2276 775 2300 His
794 2277 877 2306 impiis
895 2277 1053 2306 imaginatio-

150 2308 225 2333 nibus
244 2315 400 2339 opponamus
421 2309 486 2333 dicta
505 2310 575 2333 certa
588 2310 614 2333 et
626 2309 767 2339 perspicua,
785 2316 850 2340 quae
863 2312 990 2335 testantur
1002 2317 1052 2335 non

150 2342 245 2372 negligi
265 2343 296 2367 ab
316 2349 347 2367 eo
366 2343 510 2372 ecclesiam,
529 2342 576 2367 sed
595 2348 654 2367 vere
673 2342 753 2368 foveri
771 2345 796 2368 et
814 2344 892 2368 iurari
911 2350 976 2368 eam.
1002 2345 1052 2369 Sic-

150 2378 177 2400 ut
195 2376 263 2400 clare
282 2376 354 2401 dicit:
382 2377 432 2405 Ego
451 2382 494 2401 ero
514 2377 643 2401 vobiscum
662 2382 742 2406 usque
758 2377 790 2401 ad
806 2379 1052 2402 consummationem

150 2410 238 2434 seculi.
274 2410 352 2435 Item:
379 2410 430 2439 Ego
448 2416 505 2435 sum
524 2410 595 2438 vitis,
620 2416 665 2434 vos
683 2410 815 2441 palmites3
843 2412 900 2436 Sine
926 2418 967 2436 me
992 2412 1053 2436 nihil

150 2444 255 2473 potestis
282 2443 377 2469 facere.
413 2444 491 2468 Item:
521 2444 667 2474 Ubicunque
693 2443 742 2468 duo
767 2447 811 2469 aut
835 2447 886 2470 tres
906 2446 1052 2475 congregati

150 2478 253 2502 suntin
271 2478 374 2502 nomine
393 2483 465 2507 meo,
493 2478 516 2501 ln
543 2477 628 2501 medio
654 2483 740 2501 eorum
761 2484 825 2502 sum.
861 2479 936 2503 Item:
965 2479 1052 2504 Omnia

151 2516 196 2539 per
214 2511 295 2540 ipsum
315 2511 382 2537 tacta
402 2512 474 2539 sunt,
505 2517 569 2543 quae
595 2511 661 2535 facta
681 2514 745 2535 sunt.
781 2512 858 2536 Item:
887 2513 962 2537 Pater
979 2519 1052 2538 meus

1106 196 1235 226 Interim
1253 204 1334 226 vero
1358 194 1553 225 sacerdotes
1572 191 1657 223 Baal
1680 198 1711 223 et
1734 191 1869 230 similes,
1893 192 1948 233 qui
1966 192 2076 224 defen-

1107 238 1226 268 debant
1243 238 1361 278 impios
1385 235 1505 273 cultus,
1527 245 1594 265 non
1618 240 1710 265 erant
1731 235 1878 265 membra
1894 233 2076 265 Ecclesiae.

1106 280 1197 310 Haec
1208 279 1367 310 historica
1380 288 1473 309 exem
1496 276 1530 307 la
1546 278 1620 308 ideo
1640 277 1762 317 scripta
1780 282 1866 314 sunt,
1885 282 1920 307 ut
1939 277 2076 308 doceant

1107 322 1281 352 discrimen
1304 330 1403 351 verae
1426 325 1459 350 et
1491 318 1583 350 alsae
1605 318 1788 349 Ecclesiae.

1177 463 1257 487 usque
1277 455 1352 481 modo
1371 458 1498 485 operatur,
1518 457 1543 479 et
1561 461 1609 484 ego
1629 461 1726 484 operor.
1762 455 1842 480 Item:
1862 457 1987 485 Ascendit,
2011 456 2079 480 dedit

1176 491 1243 515 dona
1261 489 1413 514 hominibus.
1451 489 1514 513 Item
1532 489 1593 518 Eph.
1614 490 1636 511 1.
1671 489 1714 517 Qui
1734 489 1830 518 perficit
1849 490 1932 514 omnia
1957 491 1982 514 in
2001 491 2079 514 onini-

1175 524 1231 548 bus.
1269 524 1310 548 llis
1331 524 1356 547 et
1374 522 1500 547 similibus
1520 522 1592 547 dictis
1612 522 1792 547 confirmemus
1818 523 1908 553 tidem,
1933 526 1958 548 et
1983 526 2079 548 statua-

1174 564 1231 582 mus
1250 563 1296 581 nos
1316 562 1366 581 non
1384 556 1479 580 hahere
1499 556 1700 586 caputotiosum.
1720 557 1766 581 sed
1777 563 1868 581 curans
1884 563 1931 582 nos
1942 556 2079 585 etfovens;

1174 591 1251 621 quue
1276 589 1468 619 agnoscendum
1495 596 1553 615 esse
1573 589 1622 613 fide
1641 596 1686 619 per
1703 590 1875 620 Evangelium,
1903 592 1928 614 et
1956 591 2004 615 hac
2030 590 2079 615 tide

1174 630 1220 649 nos
1240 630 1299 648 vere
1319 624 1374 648 fieri
1392 624 1507 648 membra
1526 624 1600 648 huius
1620 624 1700 652 regni.

1243 658 1310 682 Haec
1328 663 1388 681 vera
1412 659 1479 685 sunt,
1500 658 1601 681 etiamsi
1620 657 1754 686 displicent
1771 657 1822 687 his,
1848 658 1888 688 qui
1908 658 1972 687 capti
1991 658 2079 686 imagi-

1174 692 1318 716 nationibus
1336 691 1441 721 politicis
1461 692 1517 715 sine
1536 691 1585 715 tine
1605 694 1729 721 quaerunt
1749 691 1882 715 ecclesiam
1902 692 2010 716 similem
2031 692 2079 716 im-

1174 726 1250 755 periis
1275 725 1375 754 mundi,
1405 725 1430 748 in
1449 731 1497 755 qua
1518 725 1550 749 sit
1568 725 1674 749 v1sibilis
1699 726 1844 751 monarcha,
1863 725 1982 754 alligatus
2008 726 2079 750 titulo

1175 761 1200 783 et
1219 759 1374 783 successioni
1394 758 1535 783 ordinariae
1555 760 1579 783 et
1599 759 1695 783 habens
1714 760 1866 788 potestatem
1886 760 1984 788 regiam
2003 759 2079 784 inter-

1174 793 1314 822 pretandae
1334 793 1487 822 scripturae.
1512 793 1637 817 condendi
1655 793 1726 821 leges
1746 795 1771 816 et
1789 792 1895 822 cogendi
1914 798 2024 820 ceteros,
2054 796 2081 817 ut

1175 827 1351 851 assentiantur.
1390 826 1528 851 Ridiculum
1554 826 1653 850 videtur
1677 827 1788 856 cogitare
1808 828 1907 851 coetum
1926 827 1981 851 sine
2001 827 2080 856 capite

1176 860 1265 884 visibili
1291 863 1316 884 et
1336 860 1433 884 inermi.
1472 861 1522 885 Nec
1546 861 1608 885 satis
1635 866 1692 884 esse
1718 860 1829 884 iudicant
1857 861 1991 884 monstrari
2019 860 2080 884 illud

1175 896 1250 924 caput
1267 894 1292 918 in
1310 894 1453 923 Evangelio.
1491 894 1540 918 Sed
1559 894 1733 924 relinquamus
1758 894 1806 918 illis
1826 894 1939 924 politicas
1959 894 2080 923 imagina-

1175 927 1257 952 tiones
1282 930 1307 951 et
1332 928 1445 952 sinamus
1470 933 1514 952 eos
1533 928 1617 952 ridere
1637 927 1795 957 sardonium,
1814 934 1860 952 nos
1880 933 1940 952 vero
1959 933 2080 957 agnosca-

1176 967 1233 986 mus
1253 963 1277 986 et
1295 961 1441 986 invocemus
1460 961 1537 986 filium
1558 962 1614 988 Dei,
1634 964 1659 986 et
1676 964 1808 991 petamus.
1835 964 1862 986 ut
1879 967 1925 987 nos
1945 962 2080 991 gubernet,

1176 1001 1232 1019 cum
1252 995 1353 1025 quidem
1372 1001 1419 1019 nos
1437 995 1524 1020 invitet
1548 1002 1598 1020 non
1623 995 1809 1020 contemnenda
1833 1001 1908 1020 voce:
1937 996 2023 1020 Venite
2049 995 2080 1019 ad

1176 1035 1216 1053 me
1245 1035 1348 1058 omnes,
1379 1029 1420 1059 qui
1448 1029 1571 1054 laboratis
1591 1031 1616 1053 et
1634 1029 1732 1054 onerati
1751 1030 1826 1058 estis,
1857 1031 1882 1053 et
1901 1035 1949 1058 ego
1967 1029 2079 1054 reficiam

1176 1068 1234 1093 vos3
1252 1065 1278 1086 et
1296 1063 1472 1092 experiremur
1488 1063 1552 1087 haec
1571 1069 1621 1088 non
1640 1063 1735 1087 frustra
1755 1063 1815 1092 dici,
1834 1063 1855 1088 si
1873 1063 1948 1087 fidem
1968 1063 1993 1088 in
2012 1064 2080 1088 invo-

1176 1097 1273 1121 catione
1293 1102 1480 1121 exerceremus.
1516 1097 1569 1121 Dixi
1589 1097 1620 1121 de
1640 1097 1730 1127 capite.

1245 1130 1309 1155 Ordo
1329 1130 1404 1154 etiam
1425 1133 1463 1155 est
1482 1132 1571 1159 gratus
1590 1131 1644 1160 piis.
1682 1131 1731 1155 Etsi
1758 1131 1823 1155 enim
1844 1131 1949 1160 Spiritus
1976 1134 2078 1156 sanctus

1175 1163 1249 1187 toties
1269 1163 1403 1188 ecclesiam
1423 1164 1481 1188 dicit
1499 1170 1557 1188 esse
1577 1164 1727 1194 dispersam,
1748 1166 1773 1189 et
1790 1165 1855 1188 oculi
1875 1165 2017 1194 sapientum
2037 1171 2079 1195 po-

1175 1197 1298 1221 liticorum
1318 1198 1378 1222 nihil
1397 1198 1481 1222 vident
1501 1198 1548 1222 nisi
1571 1197 1762 1227 dissipationem
1781 1200 1805 1222 et
1825 1198 2016 1225 confusionem.
2043 1201 2078 1223 ta-

1174 1235 1232 1254 men
1252 1231 1275 1254 in
1294 1231 1337 1255 illa
1356 1231 1411 1260 ipsa
1431 1231 1588 1261 dispersione
1607 1234 1693 1256 manet
1712 1232 1788 1256 ordo:
1816 1234 1875 1257 sunt
1892 1233 2008 1261 ministri,
2035 1239 2077 1263 pa-

1175 1265 1256 1288 stores
1283 1266 1307 1288 et
1332 1264 1462 1294 doctores,
1489 1265 1579 1295 quibus
1604 1266 1802 1295 proponentibus
1827 1267 1989 1295 Evangelium
2019 1267 2077 1290 ohe-

1175 1297 1269 1322 dientia
1288 1298 1408 1329 debetur;
1434 1300 1494 1323 sunt
1512 1300 1537 1323 et
1555 1299 1652 1328 gradus
1672 1299 1795 1324 donorum
1816 1302 1841 1324 et
1859 1300 1986 1324 variarum
2005 1306 2077 1325 voca—

1173 1331 1284 1355 tionum:
1315 1332 1373 1356 Erat
1391 1332 1452 1357 ordo
1471 1333 1536 1357 inter
1554 1333 1632 1357 Eliam
1651 1336 1677 1358 et
1694 1333 1802 1358 Eliseum
1823 1336 1848 1358 et
1866 1334 2003 1359 auditores.
2039 1335 2077 1358 Sic

1173 1365 1266 1390 Paulus
1295 1366 1326 1390 de
1357 1366 1404 1390 hoc
1430 1366 1518 1391 ordine
1538 1373 1615 1397 saepe
1634 1367 1758 1397 loquitur:
1795 1367 1899 1392 obedite
1927 1368 2076 1398 praepositis

1173 1400 1273 1423 vestris.
1312 1400 1372 1424 ltem
1393 1401 1415 1423 1.
1436 1401 1490 1425 Cor.
1512 1400 1550 1423 14.
1584 1400 1728 1430 Prophetae
1753 1401 1803 1425 duo
1827 1402 1871 1425 aut
1894 1403 1946 1426 tres
1973 1402 2076 1431 loquan-

1173 1434 1227 1462 tur,
1258 1435 1283 1457 et
1307 1434 1401 1458 caeteri
1428 1434 1570 1458 diiudicent.
1607 1435 1634 1459 Et
1652 1434 1684 1458 ad
1703 1435 1762 1464 Eph.
1782 1435 1875 1465 inquit:
1902 1435 1975 1459 Dedit
2001 1435 2075 1460 dona.

1172 1466 1237 1490 alios
1257 1467 1358 1496 quidem
1378 1468 1523 1497 Apostolos,
1551 1468 1615 1493 alios
1634 1468 1786 1498 Prophetas,
1811 1469 1875 1493 alios
1893 1469 2011 1494 Pastores
2030 1471 2075 1494 etc.

1172 1500 1216 1524 Hic
1235 1501 1301 1525 enim
1321 1501 1445 1530 significat
1465 1501 1601 1527 dissimiles
1620 1501 1691 1527 donis
1710 1503 1896 1532 gubernatores
1916 1504 1941 1527 et
1960 1503 2074 1528 doctores

1171 1539 1239 1558 esse.

1241 1567 1435 1593 concedendum
1454 1571 1493 1594 est
1512 1570 1587 1599 igitur
1606 1570 1630 1594 in
1649 1570 1756 1596 ecclesia
1777 1577 1835 1596 esse
1854 1572 1968 1596 ordinem
1987 1574 2012 1597 et
2030 1573 2074 1596 mi-

1171 1602 1290 1631 nisteria;
1310 1602 1360 1627 Sed
1378 1603 1473 1632 gradus
1492 1609 1542 1628 non
1560 1607 1619 1628 sunt
1637 1604 1734 1634 alligati
1753 1605 1832 1630 titulis
1852 1612 1899 1630 seu
1919 1606 2074 1631 successioni

1171 1635 1323 1665 ordinariae,
1342 1638 1369 1661 ut
1388 1637 1475 1661 volunt
1494 1638 1621 1667 sapientes
1640 1638 1683 1663 illi.
1718 1639 1821 1664 Etiamsi
1839 1640 1928 1669 Ephesi
1947 1640 1994 1664 fuit
2020 1641 2074 1670 Epi-

1171 1675 1262 1699 scopus
1281 1670 1421 1699 Iohannes‚
1441 1673 1527 1695 tamen
1545 1671 1598 1696 fieri
1617 1674 1712 1702 potest,
1741 1675 1767 1697 ut
1792 1679 1954 1698 successores
1972 1675 2072 1699 omnino

1170 1703 1329 1732 degenerent
1347 1706 1372 1729 et
1390 1705 1458 1729 aliud
1476 1711 1557 1734 genus
1577 1706 1706 1730 doctrinae
1725 1707 1917 1736 amplectantur.
1955 1708 2004 1732 Sed
2030 1714 2070 1733 vo<

1168 1740 1209 1761 cat
1226 1738 1293 1762 Deus
1312 1738 1372 1762 alibi
1391 1738 1453 1763 alios
1473 1739 1603 1769 doctores,
1629 1741 1657 1764 ut
1675 1740 1787 1770 disputat
1805 1741 1897 1766 Paulus
1916 1742 1986 1767 Rom.
2004 1742 2027 1766 9.
2046 1743 2070 1766 et

1171 1771 1193 1794 1.
1213 1771 1268 1795 Cor.
1290 1772 1312 1794 l.
1346 1772 1427 1801 Elegit
1445 1773 1522 1797 stulta
1542 1776 1567 1798 et
1585 1773 1683 1798 infirma
1702 1774 1789 1798 mundi
1807 1776 1854 1799 etc.

1238 1805 1300 1834 Quid
1319 1808 1404 1830 autem
1421 1806 1550 1836 pulchrius
1569 1808 1674 1837 cogitari
1691 1810 1776 1837 potest
1792 1809 1891 1837 integro
1909 1809 1997 1833 ordine
2015 1810 2070 1834 uni-

1170 1844 1258 1863 versae
1278 1840 1420 1864 ecclesiae?
1439 1846 1513 1870 quem
1532 1841 1711 1871 spectabimus,
1729 1847 1786 1866 cum
1804 1843 1882 1867 Deum
1902 1849 1987 1868 coram
2001 1843 2070 1881 vide-

1170 1873 1252 1897 bimus
1277 1873 1431 1898 conditorem
1457 1876 1482 1898 et
1505 1874 1583 1899 filium
1603 1875 1769 1900 mediatorem
1789 1882 1817 1900 ac
1835 1876 1925 1901 ducem
1944 1877 2069 1901 Ecclesiae

1168 1906 1265 1931 Deinde
1284 1913 1344 1931 vero
1362 1907 1467 1937 gradus,
1491 1908 1587 1938 Patres,
1613 1909 1700 1939 Adam,
1724 1909 1794 1939 Seth,
1818 1910 1878 1939 Noe,
1903 1911 1970 1940 Sem,
1993 1911 2070 1935 Abra-

1168 1940 1243 1968 ham;
1263 1940 1358 1965 Deinde
1377 1946 1470 1970 agmen
1488 1942 1680 1973 Prophetarum,
1706 1943 1808 1973 Mosen,
1838 1944 1997 1973 Samuelem,
2023 1944 2069 1969 Da-

1168 1974 1261 2002 videm,
1285 1975 1371 2000 Eliam,
1390 1976 1532 2003 Elisaeum;
1556 1977 1647 2001 Postea
1665 1977 1807 2006 apostolos,
1827 1977 1932 2007 deinde,
1958 1978 2069 2008 reliquos

1168 2010 1254 2032 coetus
1275 2008 1346 2033 donis
1366 2008 1526 2039 differente53
1545 2010 1573 2034 Et
1591 2010 1629 2034 his
1649 2011 1765 2035 omnihus
1784 2011 1926 2039 agminibus
1945 2012 2069 2036 admixtos

1168 2044 1269 2066 sanctos
1288 2043 1402 2071 angelos.
1437 2043 1505 2067 Hanc
1524 2046 1601 2068 totam
1620 2044 1699 2068 aciem
1719 2045 1802 2068 animo
1822 2045 1931 2074 cogites,
1950 2051 2007 2069 cum
2025 2052 2070 2070 au-

1168 2074 1206 2099 dis
1225 2081 1318 2100 nomen
1337 2076 1432 2101 ordinis
1451 2077 1608 2101 hierarchici.
1636 2078 1689 2102 Non
1708 2079 1802 2105 cogites
1822 2084 1901 2107 regna
1915 2079 2068 2106 Pontificum,

1169 2109 1348 2138 cardinalium,
1367 2111 1554 2140 Episcoporum,
1574 2111 1709 2140 Abbatum,
1728 2112 1923 2139 canonicorum.
1954 2112 1986 2137 ad
2004 2118 2068 2143 quae

1167 2143 1304 2200 dppenatio
1335 2144 1483 2168 hierarchici
1511 2145 1605 2169 ordinis
1635 2145 1802 2174 transfertur,
1830 2148 1856 2170 ut
1880 2145 1953 2171 fucus
1972 2146 2016 2171 fiat
2032 2148 2069 2172 in·

1185 2177 1255 2201 octis.

1236 2210 1286 2234 Sed
1305 2211 1355 2235 iam
1375 2211 1510 2241 loquamur
1528 2211 1558 2235 de
1578 2212 1686 2236 ecclesia
1705 2212 1730 2236 in
1748 2213 1794 2237 hac
1813 2214 1876 2241 vita,
1895 2214 1919 2238 in
1940 2219 1989 2244 qua
2008 2214 2069 2238 dixi-

1167 2249 1223 2268 mus
1243 2250 1303 2268 esse
1322 2244 1436 2269 ordinem
1457 2245 1575 2269 divinitus
1595 2246 1719 2270 sancitum
1739 2248 1764 2270 et
1782 2247 1958 2276 constitutum,
1978 2250 2004 2272 ut
2022 2249 2068 2272 mi-

1167 2277 1271 2302 nisterio
1291 2278 1420 2307 Evangelii
1445 2278 1574 2303 auditores
1599 2279 1775 2309 obtemperent
1793 2280 1817 2304 in
1837 2280 1879 2309 iis,
1905 2286 1969 2311 quae
1995 2287 2068 2311 prae-

1168 2311 1226 2340 cipit
1243 2312 1416 2340 Evangelium.
1452 2313 1522 2337 Hunc.
1540 2311 1653 2337 ordinem
1672 2313 1713 2343 qui
1731 2314 1889 2344 conturbant,
1917 2314 2036 2340 deficiunt
2053 2322 2067 2340 a

1167 2345 1233 2374 Deo,
1258 2345 1376 2370 videlicet
1393 2346 1435 2376 qui
1452 2346 1528 2376 impia
1547 2346 1667 2375 dogmata
1690 2349 1793 2377 serunt,
1818 2348 1877 2372 item
1897 2349 1938 2378 qui
1956 2354 2007 2373 non
2025 2349 2067 2374 ob-

1168 2381 1325 2408 temperant,
1349 2385 1405 2404 cum
1430 2380 1456 2404 in
1477 2379 1620 2404 manifestis
1639 2380 1735 2405 delictis
1754 2382 1904 2411 reprehensi
1922 2388 1972 2407 non
1990 2385 2068 2412 agunt

1166 2412 1354 2442 poenitentiam.

1238 2446 1341 2471 Politica
1358 2446 1440 2475 gloria
1459 2447 1506 2475 est,
1525 2447 1657 2476 sapientia,
1675 2447 1775 2477 virtute,
1793 2448 1914 2477 victoriis,
1939 2450 2066 2474 successi—

1169 2480 1218 2504 bus
1237 2480 1351 2509 magnis,
1369 2480 1473 2510 opibus,
1491 2480 1600 2510 legibus,
1618 2480 1715 2506 iudiciis
1741 2483 1767 2505 et
1783 2482 1916 2511 praesidiis
1935 2485 2023 2508 ornata
2042 2486 2066 2508 et

1172 2513 1284 2537 stabilita
1303 2519 1361 2538 esse
1380 2518 1469 2544 regna,
1487 2516 1515 2539 ut
1532 2514 1667 2540 videantur
1685 2514 1814 2540 duratura.
1841 2516 1907 2541 Ilaec
1924 2516 1989 2542 bona
2008 2520 2067 2542 sunt
