2358 2933
55 138 98 171 93

98 231 137 261 12,
156 231 178 255 h.

130 649 157 667 10

131 857 159 876 15

94 991 132 1022 (7,
144 991 182 1019 h.)

127 1175 158 1194 20

99 1469 139 1499 13,
157 1474 179 1493 a.

531 132 554 162 Ι.
579 130 679 162 LOCl
702 129 975 162 THEOLOGICI:
999 129 1038 161 Β.
1061 128 1201 160 PRIMA
1223 126 1379 159 EORUM
1401 127 1558 158 AETAS.

213 229 295 259 mias
318 224 478 266 propheta
502 223 568 261 [17‚
591 222 647 261 9.].
674 222 716 252 Et
738 221 864 257 David,
889 220 959 258 [Ps.
980 220 1030 257 18,
1050 232 1052 236 ,

212 267 412 307 13.]Delicta
424 263 660 306 quisintelligit.
672 263 715 294 Et
729 263 797 300 [Ps.
810 262 863 298 211,
875 262 930 299 7.:]
940 262 1031 301 igno-

209 306 332 342 rantias
354 317 446 338 meas
468 317 510 337 ne
533 306 728 336 memineris·
752 304 847 334 Adeo
870 304 912 334 ad
930 302 1032 333 multa

209 351 360 383 adfectus
384 350 469 389 rapit
493 357 614 379 coecos
637 347 804 383 homines,
835 355 920 386 quae
949 345 1031 375 iudi-

210 404 288 425 care
312 391 411 433 plane
439 401 505 422 non
532 398 720 430 possumus
766 387 909 418 Proinde
940 386 1031 416 Chri-

211 435 363 468 stianaml
373 439 515 464 mentem
526 437 656 472 oportet
678 435 842 470 spectare,
855 440 922 459 non
935 427 1033 469 quale

213 480 255 510 sit
278 487 362 518 opus
385 477 416 506 in
440 475 603 515 speciem,
633 473 693 502 sed
717 471 823 512 qualis
856 471 943 511 apud
966 471 1033 500 ani-

212 531 300 552 mum
323 518 473 549 adfectus
496 516 547 546 sit.
592 514 667 544 Non
691 513 797 554 qualis
822 519 872 543 est
897 522 1034 552 operum

212 562 362 598 libertas,
386 560 445 590 sed
467 569 544 589 num
553 559 598 593 22)
627 566 691 596 qua
714 556 755 585 sit
784 553 974 585 adfectuum
996 553 1033 583 li-

213 606 336 635 bertas.
381 601 577 632 praedicent
598 597 691 628 liberi
710 597 834 628 arbitrii
862 597 926 627 vim
949 595 1034 626 Pha-

212 646 311 676 risaei
340 642 542 674 scholastici.
576 640 965 679 Christianusiagnoscet
988 638 1034 668 ni-

213 687 260 718 hil
281 687 387 717 minus
411 686 443 715 in
466 688 631 724 potestate
654 692 716 712 sua
739 691 831 718 esse,
855 691 953 721 quam
977 689 1035 710 cor

214 739 319 760 suum.
364 727 475 767 Atque
498 726 620 756 utinam
643 724 794 754 viderent
823 721 914 753 stulti
938 721 1034 752 scho-

212 770 321 801 lastici
345 774 424 810 quot
446 768 626 798 animarum
648 765 750 796 millia
765 765 933 795 enecarint
954 764 1035 804 pha·

213 813 334 843 risaica
355 821 418 842 sua
439 809 606 840 deuterosi
629 809 670 838 de
689 807 794 838 libero
811 807 955 837 arbitrio.
980 806 1036 836 Di-

216 863 327 885 cemus
350 858 458 883 autem
481 852 522 882 de
545 849 727 881 adfectibus
749 848 957 890 pluraimox,
980 848 1036 879 ubi

214 897 256 927 de
278 900 418 936 peccato
443 891 594 934 originali
617 901 764 933 agemus.

547 974 706 1007 SUMMA

302 1045 337 1076 Si
361 1046 404 1075 ad
413 1043 747 1084 praedestinationem
778 1040 904 1071 referas
923 1040 1034 1071 huma-

214 1098 290 1119 nam
311 1086 515 1118 voluntatem
538 1094 599 1114 nec
622 1085 655 1114 in
679 1084 823 1114 externis
846 1093 908 1113 nec
932 1083 963 1113 in
987 1083 1034 1112 in-

214 1130 316 1160 ternis
340 1128 493 1169 operibus
523 1125 592 1156 ulla
615 1132 665 1156 est
689 1126 843 1162 libertas,
874 1126 934 1155 sed
960 1134 1034 1155 eve-

214 1173 306 1203 niunt
344 1169 566 1201 omniaiiuxta
598 1169 848 1199 destinationem
881 1167 1033 1198 (lisinam.

258 1229 295 1260 Si
312 1229 354 1260 ad
377 1238 479 1269 opera
503 1232 640 1258 externa
662 1226 789 1258 referas
820 1225 1035 1263 voluntatem,

215 1272 374 1313 quaedam
404 1271 532 1301 videtur
563 1279 639 1300 esse
667 1269 786 1300 iudicio
822 1275 960 1299 naturae
999 1267 1036 1298 li-

215 1316 338 1345 bertas.

257 1372 292 1403 Si
314 1372 357 1402 ad
379 1369 529 1401 adfectus
552 1369 680 1401 referas
704 1369 923 1407 voluntatem⁷
946 1368 1038 1400 nulla

213 1414 312 1455 plane
335 1413 472 1444 libertas
497 1418 547 1443 est
571 1413 668 1443 etiam
690 1418 829 1443 naturae
852 1412 981 1442 iudicio.

258 1463 333 1495 llam
359 1465 416 1495 ubi
437 1462 589 1494 adfectus
619 1463 765 1503 coeperit
786 1461 897 1494 furere
928 1468 960 1493 et
983 1472 1036 1493 ae-

214 1513 337 1544 stuare,
350 1506 497 1537 cohiberi
509 1516 576 1536 non
595 1511 705 1546 potest
717 1505 794 1546 quin
819 1510 977 1546 erumpat.
988 1505 1035 1546 ²3)

213 1648 259 1677 22)
286 1647 358 1677 num]
378 1647 419 1672 Ed.
439 1650 460 1673 2.
479 1655 537 1673 nun.

213 1698 259 1728 23)
288 1696 370 1727 Quae
389 1698 419 1721 in
438 1697 494 1722 Ed.
515 1700 538 1722 2.
560 1706 577 1721 (ι
599 1696 683 1722 nobi-s
702 1700 729 1722 11.
751 1697 769 1721 Ι.
792 1699 921 1729 repetita
942 1706 959 1722 α
978 1696 1033 1729 fol,

213 1732 236 1762 6,
256 1729 280 1756 b.
299 1730 350 1755 lin.
379 1733 416 1756 13.
440 1730 517 1755 med.
543 1730 584 1755 ad
604 1730 658 1763 fol.
681 1733 720 1762 13,
740 1739 765 1756 α,
785 1730 836 1755 lin.
857 1734 881 1757 2.
901 1731 1036 1766 leguntur

213 1765 357 1796 („Cognitio
376 1766 455 1790 servit
474 1766 597 1790 voluntati

211 1799 292 1829 pat.“)
308 1805 458 1830 perquam
479 1800 595 1822 mutata
616 1797 707 1822 habes
725 1799 755 1822 in
776 1798 866 1824 Eam,
885 1798 937 1831 fol.
965 1798 993 1828 Γ,
1008 1807 1034 1823 (ι.

212 1832 264 1857 lin.
287 1834 326 1857 15.
347 1831 387 1856 ad
402 1830 454 1864 fol.
473 1831 525 1861 IX,
546 1831 571 1855 b.
592 1831 644 1856 lin.
665 1834 707 1857 22.
727 1831 784 1857 hoc
804 1832 908 1857 modo:

281 1883 322 1907 Sic
339 1883 399 1907 mihi
417 1882 583 1913 pinguissime
603 1883 713 1908 discerni
730 1886 817 1913 partes
835 1884 944 1908 hominis
958 1889 1034 1914 posse

211 1917 336 1941 videntur.
372 1916 505 1941 Caeterum
524 1917 717 1942 nomenclatura
736 1918 844 1947 partium
864 1919 958 1947 variat,
981 1919 1034 1942 Ari*

211 1951 355 1976 stotelicum
367 1951 460 1980 vulgus
474 1951 632 1975 intellectum
646 1953 671 1976 et
683 1952 840 1976 voluntatem
855 1954 934 1976 vocat.
953 1952 1032 1976 Timo-

210 1985 262 2014 logi
270 1984 372 2015 quidam
381 1987 493 2010 veteres.
512 1985 677 2015 voluntatem,
692 1991 749 2010 cum
763 1985 867 2010 consilio
886 1986 1032 2011 intellectus

211 2019 384 2048 coniunctam,
410 2019 518 2043 liberum
544 2019 676 2043 arbitrium
701 2025 890 2049 nuncupavere,
908 2020 988 2050 petito
1007 2022 1033 2044 et

210 2053 258 2076 hoc
275 2053 307 2077 ab
326 2052 490 2077 aristotelicis
514 2053 652 2083 vocabulo,
676 2054 862 2084 volueruntque
892 2060 971 2084 penes
990 2060 1034 2078 vo-

210 2086 335 2110 luntatem
349 2092 457 2115 regnum
471 2092 537 2116 esse,
554 2087 712 2111 Intellectum
723 2088 876 2118 prospicere,
890 2088 1033 2118 consulere,

210 2125 323 2147 monere,
343 2126 407 2150 quae
428 2120 535 2150 xidetur,
554 2120 668 2151 adeoque
688 2121 785 2145 servire
805 2122 934 2146 voluntati.
967 2121 1032 2147 Rur-

211 2159 268 2178 sum
287 2153 408 2178 Platonici
425 2155 548 2178 vocarunt
557 2154 687 2179 Rationem
701 2156 858 2180 intellectum
872 2156 1032 2180 coniunctum

210 2193 267 2211 cum
287 2187 426 2215 voluntate,
445 2188 479 2211 ita
499 2189 526 2212 ut
543 2188 640 2217 priores
660 2190 805 2214 tribuantur
822 2190 971 2214 intellectui.
991 2190 1033 2220 qui

210 2221 367 2245 voluntatem
387 2221 412 2245 in
431 2221 513 2245 officio
533 2222 665 2247 contineat.
703 2224 752 2248 Nos
771 2229 854 2253 neque
874 2224 946 2248 liberi
967 2224 1032 2248 arbi-

210 2255 250 2279 trii
268 2261 351 2284 neque
375 2255 480 2279 rationis
505 2255 606 2280 nomine
626 2258 741 2283 utemur.
766 2263 797 2282 ne
818 2263 867 2288 qua
885 2253 1033 2289 ἀμφιβολία

210 2289 331 2313 lectorem
356 2294 493 2313 moremur.
534 2289 581 2314 Est
605 2292 690 2314 autem
718 2292 765 2315 hoc
792 2292 846 2315 loco
871 2292 1031 2321 potissimum
1053 2307 1054 2312 ,

210 2322 386 2352 spectandum,
405 2324 531 2352 quatenus
549 2323 693 2349 intellectus
711 2325 756 2353 vis,
776 2327 902 2355 quatenus
916 2326 1033 2350 volunta-

210 2357 242 2381 tis
261 2357 370 2386 impetus
389 2358 483 2386 pateat.

278 2406 390 2431 Primum
410 2412 472 2436 ergo
490 2407 526 2431 sic
545 2413 694 2437 censemus,
713 2408 869 2433 intellectum
889 2410 1028 2434 humanum

210 2445 255 2469 pro
274 2442 364 2464 natura
384 2447 431 2465 sua
449 2441 509 2465 nihil
528 2441 685 2470 intelligere.
704 2442 751 2467 nisi
771 2443 890 2467 carnalia.
928 2444 988 2468 Boni
1004 2445 1030 2468 et

210 2473 271 2498 mali
290 2474 388 2499 nullum
408 2474 544 2499 discrimen
563 2476 642 2500 cernit
669 2476 830 2506 intellectus,
849 2478 898 2502 nIsi
917 2478 1026 2502 carnale.

708 1772 757 1790 non
777 1768 860 1795 potest
880 1767 938 1796 quin
952 1772 1040 1791 erum-

1074 220 1115 243 dei
1139 220 1285 249 neutiquam
1311 219 1433 248 intelligit.
1469 219 1496 243 Id
1522 218 1588 249 quod
1611 218 1703 242 Paulus
1729 222 1845 242 testatur.
1874 219 1893 241 1.

1075 253 1183 277 Corinth.
1203 252 1226 282 ij.
1255 252 1374 277 Animalis
1394 252 1469 276 homo
1494 258 1545 276 non
1564 252 1726 281 percipitea,
1745 257 1809 281 quae
1837 253 1895 275 sunt

1074 286 1177 316 spiritus
1197 286 1245 310 dei.
1267 286 1378 310 Stultitia
1398 286 1465 310 enim
1485 290 1523 310 est
1542 286 1573 315 ei,
1594 284 1615 308 δε
1633 291 1683 309 nou
1702 287 1784 314 potest
1804 289 1895 313 cogno-

1075 326 1156 347 scere,
1175 320 1242 349 quod
1261 319 1427 349 spiritualiter
1446 319 1620 343 diiudicentur.
1655 319 1684 343 Et
1701 319 1766 343 Psai.
1783 318 1832 347 xiij.
1856 318 1895 342 Di-

1074 353 1109 377 xit
1129 353 1249 382 insipiens
1269 354 1292 377 in
1312 353 1387 377 corde
1407 358 1462 381 suo,
1481 359 1531 377 non
1550 354 1589 377 est
1608 352 1672 377 deus
1691 351 1733 376 &c.
1768 352 1810 376 Est
1834 356 1895 380 ergo

1074 387 1100 411 in
1119 386 1227 411 solidum
1246 388 1366 416 ignorans
1386 386 1434 413 dei,
1454 385 1475 408 Sc
1493 387 1629 411 voluntatis
1650 386 1750 410 divinae
1767 385 1895 410 humanus

1076 420 1227 445 intellectus.
1280 420 1307 444 in
1332 420 1387 444 aliis
1412 420 1490 444 rebus
1516 423 1642 450 quatenus
1667 420 1779 444 humana
1797 418 1897 443 ratioci-

1076 454 1144 478 natio
1162 454 1301 483 perveniat.
1320 459 1396 477 nemo
1414 459 1465 477 non
1484 453 1570 477 cernit.
1597 454 1630 478 De
1650 453 1791 477 divinarum
1810 458 1896 477 rerum

1077 487 1219 516 cognitione
1245 488 1281 511 sic
1305 487 1382 511 hahet
1407 493 1464 515 res,
1496 487 1654 511 intellectum
1679 487 1795 516 ignorare
1821 486 1897 510 deum

1079 521 1168 551 deique
1189 524 1241 545 tum
1261 521 1398 550 potentiam
1417 524 1470 544 tum
1484 521 1649 549 voluntatem,
1663 520 1862 545 miserIcordiam
1876 519 1898 542 sa

1077 555 1148 583 iram,
1168 555 1245 578 etiam
1257 554 1278 579 si
1289 556 1412 584 perpetuo
1427 554 1555 583 doceatur,
1575 556 1601 578 ut
1619 554 1699 583 legas.
1717 554 1827 582 relegas,
1845 553 1898 577 vol-

1078 594 1140 615 vas,
1158 589 1290 616 revolvas,
1309 587 1413 613 audias.
1435 587 1527 612 doceas
1547 593 1635 611 omnes
1656 593 1741 611 sacros
1764 587 1856 616 libros,
1876 585 1897 608 δι

1078 622 1213 651 scriptores
1233 623 1374 651 perpetuo.
1392 623 1478 645 tamen
1497 621 1639 645 intellectus
1664 627 1791 651 nunquam
1812 620 1898 644 credet

1079 662 1136 680 esse
1157 656 1250 681 deum,
1270 661 1328 679 esse
1348 655 1539 679 misericordem
1559 658 1602 679 aut
1621 655 1722 679 iustum.
1753 655 1834 678 Verba
1853 660 1897 678 au-

1079 689 1126 716 dis,
1145 688 1167 711 ἐκ
1184 695 1230 719 per
1247 689 1389 718 hypocrisin
1402 694 1546 713 sermonem
1560 688 1662 718 spiritus
1682 688 1795 712 imitaris.
1813 688 1898 717 reipsa

1079 724 1180 752 ignoras
1207 722 1228 745 δι
1252 728 1296 752 pro
1316 722 1403 746 fabula
1422 722 1510 746 habes.
1564 721 1692 746 Profunda
1717 721 1826 745 caecitas
1852 721 1898 745 hu-

1079 763 1155 781 mana
1175 759 1221 785 est,
1240 758 1266 781 ut
1284 757 1352 780 recte
1372 756 1461 780 dixerit
1479 756 1628 783 Hieremias,
1646 761 1750 785 pravum
1777 761 1835 779 esse
1856 760 1899 779 cor

1079 791 1186 815 hominis
1206 789 1227 812 St
1244 790 1416 819 inscrutabile,
1440 795 1518 820 quare
1536 796 1587 814 non
1606 791 1654 815 est.
1673 788 1738 819 quod
1757 788 1897 812 secundum

1080 830 1183 848 carnem
1207 824 1270 848 haec
1287 824 1467 853 aestimemus,
1493 829 1557 854 quae
1585 823 1643 847 dixi.
1681 824 1708 847 Et
1727 828 1791 852 quae
1812 822 1842 846 de
1861 822 1898 846 in-

1079 859 1182 882 tellectu
1201 858 1297 887 scripsi,
1317 858 1407 881 eadem
1428 857 1458 881 de
1477 857 1606 881 voluntate
1626 858 1714 881 sentio.
1751 857 1817 880 Sicut
1831 856 1898 880 enim

1080 892 1140 916 nihil
1159 892 1237 916 ceruit
1250 891 1402 921 intellectus,
1420 891 1468 915 nisi
1481 891 1600 920 carnalia,
1614 891 1779 921 spiritualium
1793 895 1898 920 prorsus

1081 926 1210 955 ignorans.
1218 927 1251 949 ita
1260 926 1321 949 nihil
1331 925 1442 950 adfectat
1452 925 1577 949 voluntas.
1588 926 1690 954 praeter
1697 924 1809 948 carnalia
1824 924 1897 953 bona,

1079 960 1165 984 vitam.
1180 965 1249 988 opes
1265 959 1380 988 gloriam,
1392 959 1483 982 bonam
1497 958 1679 988 valetudinem,
1692 956 1742 984 ὣς..
1758 957 1817 982 nihil
1833 957 1899 986 fugit

1079 995 1181 1022 praeter
1198 993 1264 1016 mala
1273 993 1392 1017 carnalia.
1406 994 1522 1017 mortem.
1536 992 1653 1022 inopiam,
1667 991 1838 1020 ignominiam,
1854 990 1899 1015 ad-

1080 1033 1180 1051 versam
1189 1026 1360 1050 valetudinem
1370 1025 1412 1050 &a
1429 1027 1507 1050 Deum
1516 1028 1700 1053 necauiat,nec
1708 1025 1804 1049 metuit.
1824 1024 1899 1049 Vides

1080 1062 1201 1090 quantum
1209 1060 1305 1089 possint
1313 1060 1457 1084 intellectus
1466 1058 1486 1081 ἃ
1493 1060 1619 1085 voluntas.
1627 1059 1767 1083 secundum
1775 1060 1899 1083 naturam.

1080 1095 1112 1118 Ex
1132 1094 1222 1124 quibus
1243 1093 1347 1118 iudicari
1366 1093 1440 1117 facile
1451 1096 1543 1123 potest.
1562 1093 1620 1123 quid
1639 1093 1670 1117 de
1689 1093 1768 1117 libero
1788 1092 1898 1120 arbitrio,

1081 1128 1111 1152 de
1131 1128 1248 1152 humanis
1267 1127 1364 1152 meritis
1384 1127 1545 1152 sentiendum
1566 1127 1605 1151 sit.
1628 1127 1678 1151 Sed
1697 1133 1727 1150 ea
1745 1132 1791 1151 nos
1811 1128 1900 1155 postea

1079 1162 1162 1186 iatius.
1181 1162 1224 1186 Hic
1242 1162 1304 1186 satis
1323 1161 1355 1185 sit
1374 1163 1500 1191 utcunque
1519 1163 1635 1185 naturam
1646 1160 1753 1185 hominis
1767 1160 1900 1184 indicasse.

1080 1197 1107 1220 Et
1127 1198 1153 1220 ut
1171 1196 1236 1220 hanc
1254 1195 1333 1219 veluti
1352 1195 1503 1219 Coronidem
1523 1195 1682 1220 adiiciamus,
1703 1194 1772 1223 Quod
1797 1199 1843 1218 nos
1862 1194 1900 1218 in-

1080 1230 1219 1258 tellectum,
1232 1231 1357 1259 quatenus
1373 1229 1522 1253 moderatur
1534 1228 1698 1253 voluntatem.
1715 1234 1760 1252 seu
1772 1227 1900 1256 iudicium,

1081 1269 1127 1289 seu
1146 1263 1349 1287 aestimationem
1363 1269 1449 1287 rerum
1463 1268 1592 1289 vocamus,
1606 1262 1733 1291 Scriptura
1745 1261 1800 1286 fere
1813 1261 1900 1285 lumen

1081 1294 1307 1329 νοῦνῶᾳρόνημα
1321 1297 1442 1327 adpellat.
1462 1296 1532 1326 Quod
1544 1302 1591 1321 nos
1601 1296 1765 1321 voluntatem.
1776 1295 1899 1324 scriptura

1081 1332 1136 1356 fere
1156 1337 1198 1355 cor
1215 1333 1353 1361 nuncupat.
1389 1331 1457 1360 Quae
1476 1330 1595 1360 loquendi
1613 1331 1677 1354 ratio
1695 1330 1791 1354 utinam
1811 1328 1901 1353 duras-

1081 1368 1120 1390 set
1138 1366 1163 1390 in
1182 1365 1275 1389 scholis
1294 1365 1500 1389 Christianorum.
1519 1365 1578 1389 Mire
1604 1364 1672 1388 enim
1695 1364 1833 1388 obscurant
1850 1362 1901 1387 dis-

1081 1400 1237 1430 putationem
1264 1398 1294 1422 de
1320 1399 1428 1423 hominis
1441 1400 1534 1423 natura
1543 1398 1701 1422 Aristotelica
1714 1398 1757 1422 illa
1769 1397 1901 1427 vocabula,

1080 1434 1207 1462 voluntas,
1225 1433 1361 1462 adpetitus,
1380 1434 1451 1457 actus
1471 1433 1586 1462 elicitus,
1600 1432 1744 1457 intellectus
1757 1437 1846 1462 agens,
1865 1432 1901 1455 in-

1081 1468 1198 1492 tellectus
1218 1467 1354 1496 passibilis.
1389 1467 1466 1491 Porro
1486 1466 1587 1497 quando
1606 1467 1730 1496 scriptura
1756 1465 1786 1489 de
1805 1465 1900 1490 lumine

1081 1501 1172 1531 carnis,
1191 1501 1291 1531 quando
1311 1500 1342 1524 de
1360 1500 1455 1525 lumine
1465 1501 1567 1531 spiritus
1581 1500 1707 1531 loquatur,
1725 1501 1788 1526 Nam
1801 1501 1900 1531 utrique

1081 1536 1167 1560 tribuit
1185 1535 1278 1563 lumen,
1297 1534 1371 1564 νοῦν,
1390 1531 1524 1566 φρόνημα,
1544 1533 1565 1556 δι
1583 1540 1634 1561 cor.
1651 1535 1722 1559 nullo
1741 1535 1846 1564 negocio
1855 1540 1901 1559 suo

1080 1570 1134 1594 loco
1153 1568 1341 1599 deprehendes.
1366 1568 1471 1593 Carnale
1491 1569 1608 1593 iudicium
1628 1569 1715 1593 lumen
1732 1568 1902 1593 vocatMatth.

1080 1604 1111 1628 vi.
1155 1603 1180 1627 Si
1198 1603 1285 1627 lumen
1310 1602 1376 1633 quod
1396 1603 1419 1626 in
1439 1605 1463 1627 te
1483 1604 1522 1627 est
1540 1603 1662 1627 tenebrae
1682 1604 1754 1632 sunt,
1776 1603 1844 1632 ipsae
1864 1604 1901 1626 te-

1080 1638 1175 1669 nebrae
1195 1638 1303 1667 quantae
1323 1637 1414 1661 erunt?
1432 1638 1519 1661 Roma.
1538 1636 1588 1666 viij.
1608 1637 1706 1662 confert
1723 1637 1816 1661 Paulus
1835 1634 1901 1668 φρό-

1080 1678 1150 1702 νημα
1169 1670 1251 1695 carnis
1271 1676 1328 1694 cum
1341 1670 1432 1695 iudicio
1451 1671 1567 1701 spiritus.
1592 1677 1605 1694 e
1625 1677 1673 1702 quo
1698 1671 1753 1695 Ioco
1771 1671 1901 1695 vires‘ho-

1081 1705 1156 1729 minis
1174 1705 1250 1729 facile
1270 1704 1382 1734 colligas
1401 1705 1550 1730 Huiusmodi
1563 1705 1642 1729 multa
1656 1711 1702 1735 per
1720 1711 1777 1729 sese
1793 1704 1900 1733 diligens

1082 1739 1162 1763 lector
1180 1738 1334 1763 observabit.
1369 1739 1404 1763 De
1430 1740 1521 1763 natura
1539 1739 1657 1764 hominis,
1676 1739 1757 1769 deque
1787 1738 1901 1768 adpella-

1081 1773 1191 1797 tionibus
1211 1772 1301 1796 virium
1320 1772 1490 1796 humanarum
1516 1773 1605 1797 Graeci
1623 1773 1703 1797 muita
1727 1772 1814 1802 nugati
1833 1774 1900 1797 sunt.

1082 1807 1131 1831 Nos
1151 1805 1338 1836 simplicissime
1358 1811 1412 1830 rem
1432 1806 1605 1831 indicavimus.
1727 1835 1730 1837 Α

1150 1841 1176 1864 Et
1196 1846 1252 1864 cum
1271 1839 1415 1864 huiusmodi
1434 1840 1483 1864 sint
1496 1841 1563 1865 vires
1576 1841 1712 1871 humanae,
1725 1842 1811 1872 quaeri
1826 1842 1901 1872 solet,

1080 1880 1138 1898 num
1166 1880 1215 1904 qua
1240 1873 1272 1898 sit
1291 1873 1396 1898 libertas
1425 1874 1449 1898 in
1477 1875 1608 1899 voluntate
1636 1875 1761 1905 humana,
1786 1876 1848 1900 Nam
1867 1876 1900 1900 ad

1080 1914 1136 1932 eam
1150 1910 1248 1937 partem
1267 1908 1366 1937 proprie
1386 1908 1513 1937 pertinere
1533 1909 1677 1934 libertatem
1696 1910 1790 1934 volunt.

1148 1941 1218 1971 Quod
1238 1943 1265 1966 ut
1283 1942 1421 1972 simplicius
1441 1942 1599 1967 excutiamus
1625 1943 1656 1966 de
1681 1945 1773 1968 natura
1791 1944 1899 1968 hominis

1078 1976 1196 2005 primum,
1215 1977 1304 2005 postea
1323 1976 1354 2000 de
1375 1976 1459 2000 divina
1477 1976 1710 2006 praedestinatione
1731 1977 1852 2002 dicemus.

1146 2026 1259 2051 Primum
1279 2027 1380 2052 videtur
1399 2033 1456 2052 esse
1475 2027 1544 2052 iuxta
1554 2030 1660 2052 naturae
1676 2028 1804 2056 iudicium,
1824 2035 1902 2059 quae-

1079 2060 1136 2085 dam
1157 2061 1181 2085 in
1200 2061 1312 2086 externis
1331 2062 1463 2086 hominum
1483 2062 1601 2092 operibus
1625 2062 1740 2087 libertas.
1775 2063 1901 2093 Experti-is

1078 2095 1146 2119 enim
1166 2096 1190 2119 in
1209 2098 1336 2125 potestate
1355 2098 1398 2120 tua
1418 2102 1476 2121 esse
1496 2096 1609 2121 salutare
1635 2096 1758 2121 amIcum.
1783 2098 1826 2122 aut
1850 2105 1900 2125 non

1078 2129 1208 2157 salutare,
1236 2130 1283 2153 hae
1301 2130 1342 2153 vel
1360 2130 1404 2154 illa
1424 2135 1494 2155 veste
1516 2131 1593 2162 indui,
1619 2133 1686 2157 vesci
1706 2133 1838 2164 carnibus,
1857 2137 1901 2159 aut

1078 2169 1129 2187 non
1148 2163 1223 2188 vesci.
1261 2164 1289 2188 Et
1306 2164 1452 2189 huiusmodi
1471 2167 1576 2190 externa
1596 2172 1672 2196 opera
1691 2168 1816 2197 voluntas,
1835 2169 1900 2194 alias

1077 2197 1128 2222 alia
1154 2197 1185 2221 de
1214 2203 1306 2222 caussa
1325 2198 1446 2228 imperat.
1473 2200 1537 2224 alias
1565 2206 1611 2230 per
1629 2201 1816 2226 simulationem
1836 2203 1900 2227 alias

1077 2237 1138 2256 vere
1158 2236 1238 2260 agens
1259 2232 1324 2261 quod
1344 2233 1427 2257 sentit.
1445 2233 1473 2257 Et
1490 2234 1515 2258 in
1534 2234 1599 2258 hanc
1618 2237 1780 2259 externorum
1793 2242 1899 2266 operum

1077 2266 1290 2295 contingentiam,
1314 2270 1342 2290 ut
1359 2267 1394 2291 illi
1412 2270 1516 2296 vocant,
1544 2267 1687 2293 defixerunt
1705 2269 1791 2294 oculos
1811 2271 1899 2300 Sophi-

1077 2301 1148 2329 stae,
1178 2300 1219 2329 qui
1243 2299 1388 2325 libertatem
1414 2301 1535 2325 voluntati
1562 2302 1682 2327 tribuere.
1725 2304 1817 2328 Verum
1841 2305 1899 2334 quia

1077 2333 1140 2358 deus
1160 2336 1266 2358 externa
1286 2339 1363 2363 opera
1383 2340 1433 2359 non
1454 2335 1564 2365 respicit,
1583 2337 1622 2360 est
1641 2336 1708 2360 enim
1727 2335 1898 2368 καρδιογνώ-

1076 2373 1145 2396 στης,
1165 2367 1210 2391 sed
1229 2368 1341 2393 internos
1360 2368 1540 2398 cordismotus,
1561 2369 1617 2394 ideo
1633 2371 1757 2400 scriptura
1771 2371 1841 2395 nihili
1859 2371 1898 2396 fa-

1074 2402 1106 2425 cit
1124 2402 1190 2426 hanc
1209 2401 1359 2426 libertatem.
1397 2403 1442 2431 Qui
1460 2404 1564 2427 externa
1584 2403 1605 2426 Sc
1623 2406 1760 2434 personata
1787 2405 1898 2435 quadam

1074 2435 1192 2460 civilitate
1213 2441 1297 2460 mores
1317 2435 1423 2466 fingunt,
1443 2437 1589 2466 philosophi
1608 2439 1633 2462 et
1651 2438 1807 2463 recentiores
1827 2439 1897 2463 theo-

1074 2469 1133 2498 logi,
1151 2469 1296 2494 huiusmodi
1316 2470 1461 2494 libertatem
1480 2471 1579 2496 docent.

209 2507 275 2545 Mala
293 2514 351 2532 esse
370 2508 466 2546 iudicat
481 2511 597 2539 mortem,
616 2509 734 2539 inopiam.
752 2510 926 2539 ignominiam.
952 2512 1028 2541 Bona,
1049 2511 1051 2539 ξ
1097 2512 1162 2541 Ergo
1170 2518 1226 2536 cum
1234 2512 1265 2536 de
1274 2512 1390 2536 libertate
1398 2514 1751 2543 quaeritur‚nonlioctantum
1761 2515 1896 2545 quaeritur,

208 2542 295 2571 vitam,
314 2547 385 2572 opes,
403 2542 518 2571 gloriam.
553 2543 614 2568 Esse
634 2543 719 2573 deum,
738 2544 945 2574 misericordiam,
964 2545 1027 2570 iram
1072 2546 1190 2575 possitne
1200 2546 1307 2571 subinde
1317 2546 1385 2571 aliud
1394 2547 1520 2576 imperare
1532 2548 1697 2577 extrinsecus,
1705 2548 1773 2573 aliud
1787 2548 1894 2573 subinde

1962 2507 1983 2531 Π

2012 124 2056 156 94
