2358 2933
279 130 341 160 7Ιό

280 234 419 255 cernens
442 223 605 253 hominnm
632 230 661 252 et
686 224 845 262 pecudum
870 224 966 254 ritant
992 225 1077 255 iubet
1103 225 1250 256 homines

282 267 379 296 certis
405 265 531 305 legibus
555 266 755 296 matrimonia
781 265 994 296 contrahere.
1030 274 1059 296 et
1090 268 1251 306 improbat

281 318 384 348 xugos
410 308 604 337 concubitus
628 313 657 335 ct
681 305 847 337 adulteria.
894 308 964 338 Hoc
995 309 1147 340 iudicium
1176 320 1250 340 esse

279 351 309 379 in
341 351 482 379 ratione.
519 350 670 390 coniugia
705 355 875 380 testantur.
932 349 1001 380 Etsi
1026 357 1139 381 contra
1165 350 1250 382 hunc]

278 392 423 421 ordinem
455 392 484 420 in
517 390 577 420 huc
607 393 817 431 corruptione
848 399 983 422 naturae
1013 391 1121 423 multis
1145 394 1250 424 modis

278 440 450 473 peccatur,
486 433 543 462 sed
580 433 671 463 Deus
706 435 810 463 sanxit
844 433 967 474 Legem
1003 435 1043 464 de
1077 437 1249 466 connubiis

277 476 382 505 statim
407 476 437 505 in
453 475 621 505 l’arndiso.
668 475 705 505 Et
731 482 847 515 postea
868 486 970 517 vagas
994 475 1144 507 libidines
1169 476 1250 508 dilu-

277 519 329 547 vio
354 518 475 556 pinnirit
501 524 530 546 et
555 516 627 547 aliis
661 517 836 558 exemplis,
871 524 904 549 ut
928 519 968 548 de
990 518 1055 549 hac
1080 519 1171 560 Lege
1195 530 1249 550 na-

275 567 366 589 turae
391 570 450 588 nos
476 560 618 589 doceret.

362 602 412 631 Ad
437 602 607 642 septimum
621 603 758 642 pertinet
772 603 903 640 dictum,
927 603 1029 634 Suum
1054 603 1171 643 cuique
1196 604 1249 634 tri—

275 646 386 674 buere.
432 644 526 674 Videt
558 645 638 674 ratio
669 644 908 675 distinctionem
933 645 1147 675 dominiorum
1172 656 1248 676 con-

275 687 385 716 venire.
408 685 483 716 huic
506 692 642 716 naturae
656 685 819 717 hominum
844 694 874 717 et
899 697 953 717 res
976 698 1035 727 per
1059 694 1247 718 contractus

273 729 562 759 commnnicandas
583 738 670 765 esse,
695 736 727 759 ut
753 731 872 759 mutuis
897 728 1013 760 officiis
1032 729 1179 762 homines
1202 731 1248 760 in-

274 779 324 801 ter
347 781 383 801 se
408 771 643 807 dcxinciantur,
667 778 695 800 et
723 778 896 801 exerceant
921 772 1073 802 iustitiam
1098 778 1128 802 et
1152 773 1248 802 bene-

273 813 444 844 ficentiam.
492 813 561 843 Hoc.
593 812 739 843 naturale
769 814 919 844 iudicium
954 820 1073 844 vocant
1097 813 1248 844 Philoso-

273 855 326 896 phi
352 855 474 897 Legem
495 862 630 885 naturae
653 866 711 885 sen
735 857 784 885 ius
808 861 961 887 naturae,
996 857 1082 896 quod
1114 854 1247 896 longum

273 909 425 929 acet-xum
454 898 765 928 demonstrationum
796 903 827 927 et
855 896 977 928 multos
1006 898 1128 938 gradus
1160 909 1246 928 ‹rom-

274 941 435 981 plectitur.
474 940 548 970 ldeo
573 939 796 970 Iurisconsulti
820 938 918 979 paulo
943 938 1037 970 aliter
1061 939 1247 980 loquuntur,

273 984 334 1013 etsi
357 984 407 1013 ius
422 983 574 1012 Genuum
594 981 672 1013 nihil
696 981 783 1012 aliud
801 982 976 1023 siguificat,
1000 983 1061 1012 nisi
1076 993 1246 1012 counnune

274 1025 438 1055 hominum
462 1025 630 1057 iudicium,
665 1023 728 1055 hoc
758 1030 825 1054 est.
860 1025 1016 1064 principia
1047 1025 1190 1064 practica
1216 1030 1245 1054 et

275 1068 571 1098 demonstrationes
601 1077 639 1097 ex
671 1065 735 1097 illis
765 1065 933 1096 collectas.
979 1067 1048 1097 Nec
1073 1065 1245 1097 Platonica

274 1109 329 1140 illa
344 1109 494 1140 confusio
508 1110 659 1140 com-enit
684 1108 756 1139 huic
781 1115 917 1139 naturae
940 1108 1115 1145 hominum,
1139 1110 1248 1149 inqua

276 1163 412 1184 necesse
436 1158 484 1182 est
510 1152 660 1181 distincta
692 1161 767 1181 esse
797 1152 928 1191 imperia
953 1158 983 1181 et
1008 1151 1178 1181 distinctas
1204 1152 1247 1181 ci-

275 1197 407 1232 unates,
437 1201 468 1224 ut
493 1196 637 1224 coerceri
663 1193 736 1223 mali
761 1194 908 1234 possint,
943 1203 1045 1234 quare
1069 1198 1100 1223 et
1124 1203 1177 1223 res
1202 1194 1246 1223 di-

273 1239 395 1279 stingui
420 1247 558 1267 necesse
581 1243 641 1266 est.
676 1235 851 1266 Discamus
874 1242 981 1265 autem
1006 1236 1036 1265 in
1060 1234 1109 1265 his
1128 1234 1245 1266 officiis

274 1280 464 1310 exercendis
488 1290 552 1309 non
577 1285 698 1310 tantum
721 1276 888 1309 utilitatem
904 1279 1031 1315 intueri,
1055 1278 1112 1307 sed
1136 1278 1245 1317 potius

273 1323 418 1353 ordinem
447 1333 464 1351 a
489 1322 561 1352 Deo
592 1322 771 1351 institutum
801 1327 830 1350 et
863 1326 998 1350 naturae
1022 1325 1245 1356 monstratum,

273 1375 312 1395 ac
340 1370 473 1404 propter
507 1364 613 1394 Deum
643 1372 811 1393 servemus
845 1369 947 1393 metas
975 1362 1079 1392 iustas
1117 1368 1245 1392 contra-

273 1414 394 1437 ctuum.
420 1416 479 1436 nec
493 1406 722 1436 defraudemus
732 1404 826 1442 alios,
850 1405 909 1434 sed
920 1405 1030 1444 potius
1044 1405 1245 1439 adiuvemus,

272 1455 306 1479 ut
330 1455 442 1480 tenere
466 1460 560 1480 suum
585 1449 722 1488 possint.
758 1447 808 1477 De
830 1447 893 1477 hac
916 1445 1112 1487 aequalitate
1134 1451 1244 1476 extant

273 1493 512 1524 eruditissimae
535 1491 772 1530 disputationes
796 1488 1071 1529 Philosophorum
1098 1494 1126 1518 et
1148 1488 1244 1518 luris-

273 1534 510 1572 consultorum,
534 1544 616 1574 quae
640 1539 713 1563 sunt
733 1532 916 1562 testimonia
940 1531 1019 1561 iuris
1043 1536 1190 1567 naturae,
1212 1530 1245 1560 id

274 1584 334 1615 est,
357 1578 464 1607 iudicii
487 1575 646 1606 naturalis
671 1576 710 1605 de
733 1573 795 1605 hac
818 1574 964 1604 materia.

358 1620 409 1650 De
433 1625 549 1649 octavo
571 1616 779 1647 manifestum
802 1622 851 1647 est
874 1616 992 1646 rationi
1015 1614 1176 1645 humanae
1199 1615 1245 1644 in-

275 1664 373 1693 ditum
398 1672 474 1692 esse
498 1661 658 1697 iudicium,
682 1659 769 1700 quod
792 1659 904 1689 statuit
927 1659 1097 1688 amandam
1113 1663 1142 1687 et
1156 1662 1246 1687 tuen-

275 1706 348 1736 dam
374 1705 539 1734 veritatem
565 1712 640 1732 esse
665 1708 695 1732 et
720 1702 850 1731 vitanda
867 1701 1048 1730 mendacia.
1093 1699 1153 1729 Hic
1177 1709 1246 1729 rur-

274 1758 332 1777 sus
357 1753 490 1787 apparet
515 1745 693 1775 connnunis
716 1742 837 1773 utilitas
860 1742 955 1773 huius
968 1742 1069 1783 Legis
1089 1748 1118 1771 et
1135 1740 1245 1777 officii,

275 1791 349 1830 quia
374 1800 436 1819 non
463 1793 575 1818 essent
599 1797 729 1826 semper
753 1785 898 1816 duraturi
922 1790 1133 1820 contractus,
1157 1782 1246 1813 nulla

274 1838 383 1862 essent
408 1830 540 1861 foedera
565 1836 595 1859 et
616 1827 745 1859 xincula
769 1828 873 1868 pacis,
897 1826 1024 1857 sublata
1049 1826 1112 1857 fide
1135 1830 1247 1866 pacto-

276 1885 358 1911 rum,
384 1872 504 1903 frustra
531 1877 763 1901 exercerentur
784 1870 914 1906 iudicia,
937 1870 997 1899 nisi
1011 1869 1131 1899 veritas
1145 1867 1247 1907 inqui-

275 1922 402 1946 reretur
425 1916 455 1945 in
479 1915 615 1951 artibus,
638 1919 671 1944 ut
685 1914 715 1943 in
729 1912 889 1942 Medicina
906 1913 933 1951 7)
954 1916 985 1941 et
1002 1910 1090 1941 aliis:
1117 1910 1246 1944 Quanta

273 1959 435 1998 pernicies
460 1957 544 1987 vitae
567 1962 654 1986 esset
679 1954 763 1985 falsa
776 1964 836 1994 pro
857 1955 944 1984 veris
957 1954 1098 1990 tradere,
1120 1961 1246 1982 venena
1268 1981 1270 1992 Α

275 2011 334 2041 pro
359 2000 509 2030 remediis
535 1997 784 2029 commendare?
828 1996 978 2036 Denique
1001 1995 1141 2025 infinitas
1164 1992 1246 2024 utili-

276 2049 359 2073 tates
383 2042 476 2072 Deus
500 2050 630 2080 semper
653 2040 824 2069 admiscuit
849 2039 916 2068 suis
930 2038 1085 2077 Legibus.
1119 2036 1160 2067 At
1186 2046 1247 2065 nos

276 2095 341 2115 non
371 2091 494 2114 tantum
518 2082 671 2113 utilitates
695 2083 894 2116 intueamur,
924 2081 982 2109 sed
1012 2079 1112 2109 multo
1141 2079 1245 2118 magis

276 2127 422 2157 ordinem
447 2136 464 2155 a
481 2125 555 2155 Deo
579 2126 769 2160 institutum,
793 2129 823 2153 et
846 2121 932 2152 hunc
956 2123 1114 2158 ordinem,
1138 2119 1246 2151 videli—
1268 2125 1269 2136 ¹

277 2175 328 2199 cet
354 2169 497 2198 veritatis
517 2167 812 2203 conservationem,
836 2170 970 2205 propter
983 2164 1088 2194 Deum
1103 2172 1245 2193 amemus

276 2217 307 2242 et
332 2216 522 2242 constanter
543 2216 701 2239 tueamur.

364 2252 524 2283 Recensui
541 2251 649 2291 Leges
674 2256 809 2280 naturae
832 2249 918 2279 iuxta
938 2249 1053 2278 seriem
1067 2245 1245 2286 Decalogi;

278 2306 351 2326 nam
375 2294 456 2324 haec
480 2295 582 2323 series
604 2293 777 2333 perspicua
801 2296 850 2321 est
874 2296 905 2321 et
927 2292 1021 2327 viam,
1046 2300 1141 2330 quam
1165 2289 1246 2318 ratio

277 2343 448 2372 monstrat,
471 2342 559 2366 recte
582 2336 744 2375 sequitur;
779 2343 893 2364 verum
916 2342 1047 2373 quoquo
1070 2331 1166 2362 modo
1190 2340 1247 2360 nu-

278 2384 451 2410 merentur.
478 2388 530 2407 res
554 2379 646 2417 ipsae
659 2382 851 2417 congruent,
875 2376 936 2405 nisi
960 2373 1065 2405 aliena
1088 2374 1246 2403 miscean-

277 2429 339 2452 tur.
385 2420 513 2450 Deinde
536 2430 574 2449 eo
589 2420 720 2458 prodest
733 2419 826 2458 sequi
838 2417 926 2448 hunc
945 2418 1101 2452 ordinem,
1126 2421 1157 2444 ut
1171 2424 1247 2444 con-

299 2557 324 2579 71
345 2557 367 2580 in
388 2555 522 2584 medicina]
545 2555 615 2578 Editt.
637 2554 676 2576 22.
697 2554 737 2575 ⁴2⁴.
758 2552 877 2581 28—34.,
895 2552 953 2582 Opp.
977 2553 996 2573 l.
1016 2552 1038 2574 2.
1057 2551 1080 2575 111
1100 2549 1230 2574 medicinis

902 131 1010 162 l‘HlL.
1034 132 1137 164 MEL.
1162 130 1343 166 SCRIPTA
1370 135 1641 166 DouMATtCA.

2198 139 2261 170 716

1296 238 1414 259 sensns
1449 228 1573 269 Legum
1607 235 1744 260 naturae
1785 240 1856 260 cum
1891 229 2060 271 Decalogo
2093 238 2259 271 appareat,

1295 281 1389 310 quem
1413 272 1558 311 conspici
1593 270 1700 301 multis
1736 272 1777 301 de
1811 273 1938 303 caussis
1970 279 2019 303 est
2047 271 2259 312 utilissimum,

1294 313 1447 353 primum,
1471 319 1503 343 ut
1528 312 1746 353 intelligamus
1775 314 1865 354 ipsas
1889 314 1997 355 Leges
2026 321 2159 346 naturae
2182 316 2259 346 divi-

1294 365 1354 385 nas
1373 364 1459 392 esse,
1483 361 1514 385 et
1531 366 1640 385 veram
1654 365 1764 386 earum
1777 354 2034 395 explicationem,
2058 357 2259 388 demonstra-

1294 397 1398 427 tiones
1422 403 1452 427 et
1478 403 1699 438 congruentes
1723 399 1902 428 sententias
1927 409 1984 429 seu
2008 400 2091 438 apud
2110 398 2259 430 Philoso-

1293 438 1376 478 phos
1400 449 1457 469 seu
1482 440 1566 480 apud
1597 438 1847 478 Legnmlatores
1881 439 2159 481 magnifaciamus,
2183 451 2259 472 con-

1292 482 1408 511 trarias
1433 492 1512 512 vero
1536 483 1745 512 detestemur.
1791 481 1867 512 ldeo
1891 489 1998 513 autem
2027 483 2067 513 de
2090 482 2183 514 coelo
2207 494 2259 514 so-

1293 524 1358 553 nuit
1386 523 1450 553 Lex
1475 524 1594 561 divina,
1618 530 1650 553 ut
1675 523 1765 554 Deus
1790 530 1963 555 testaretur
1991 534 2028 555 se
2051 534 2126 555 esse
2149 531 2259 556 aucto-

1293 575 1360 595 rem
1398 565 1558 596 naturalis
1599 567 1731 596 notitiae
1769 572 1799 596 et
1833 565 2003 606 postulare
2043 567 2259 598 obedientiam

1293 608 1381 638 iuxta
1414 618 1483 638 eam
1521 609 1663 638 notitiam
1698 614 1729 638 et
1762 618 1921 639 accusare
1955 617 2057 650 genus
2086 609 2259 640 humanum

1292 656 1425 690 propter
1449 651 1695 681 contumaciam.
1741 649 1852 681 Voluit
1877 651 2002 683 61111113)
2032 650 2125 682 Deus
2149 656 2260 681 extare

1293 702 1407 722 vocem
1442 692 1550 722 iudicii
1584 694 1633 722 sui
1662 693 1821 723 adversus
1850 698 2030 733 peccatum.
2086 693 2258 723 Postremo

1291 735 1414 764 sanctis
1449 735 1544 764 etiam
1578 734 1710 774 prodest
1745 741 1857 765 extare
1885 740 2007 765 certum
2042 735 2259 766 testimonium

1291 775 1363 812 Dei,
1387 786 1471 816 quae
1495 785 1595 815 opera
1619 777 1760 816 requirat
1783 783 1813 807 et
1827 778 1957 816 probet,
1979 787 2020 807 ne
2041 777 2073 807 in
2096 776 2158 807 hac
2173 777 2260 806 intir-

1292 819 1401 848 mitate
1425 817 1588 848 hominum
1612 819 1694 848 ratio
1719 819 1867 855 aberret,
1896 819 1981 850 sicut
2011 819 2041 849 in
2065 817 2174 849 multis
2197 817 2259 848 Le-

1291 859 1528 899 gmnlatoribus
1545 861 1719 898 aberravit,
1742 870 1880 901 quorum
1892 859 2020 900 aliquae
2032 866 2107 891 sunt
2119 861 2259 891 vitiosae

1292 902 1411 942 Leges.

1590 1010 1655 1041 DE
1679 1010 1776 1041 USU
1800 1010 1958 1042 LEGIS.

1376 1112 1449 1142 Non
1463 1112 1594 1143 dubium
1613 1118 1661 1143 est
1674 1112 1767 1153 Lege
1781 1112 1888 1143 divina
1910 1112 2050 1153 flagitari
2072 1111 2258 1143 interiorem

1267 1167 1270 1207 Ι
1291 1161 1321 1186 et
1344 1154 1524 1195 perfectam
1549 1155 1775 1192 obedientiam,
1797 1155 1885 1185 iuxta
1907 1153 1986 1185 illud
2009 1154 2119 1194 [Deut.
2141 1153 2173 1191 6,
2195 1153 2258 1192 5.]z

1290 1196 1418 1238 Diligas
1443 1197 1617 1227 Dominum
1635 1196 1741 1227 Deum
1764 1203 1853 1227 tuum
1872 1207 1912 1227 ex
1932 1202 2000 1227 toto
2021 1197 2131 1227 corde.
2178 1195 2260 1227 Cum

1291 1246 1397 1269 autem
1432 1239 1515 1269 haee
1549 1246 1704 1279 corrupta
1732 1245 1846 1269 natura
1874 1238 2039 1269 hominum
2066 1248 2133 1269 non
2154 1238 2261 1278 possit

1290 1288 1458 1321 praestare
1481 1281 1640 1321 integram
1657 1281 1882 1318 obedientiam,
1905 1281 1989 1311 sicut
2013 1279 2101 1311 clare
2123 1285 2260 1311 testatur

1290 1323 1415 1354 Paulus
1437 1323 1527 1353 Rom.
1554 1324 1583 1353 7.
1603 1328 1633 1353 et
1652 1323 1680 1353 S.
1707 1329 1738 1353 et
1762 1328 1889 1353 maneat
1913 1323 1944 1352 in
1968 1321 2030 1353 hac
2054 1323 2122 1353 vita
2144 1332 2260 1362 pecca-

1290 1373 1368 1403 tum,
1391 1363 1517 1396 scilicet
1541 1365 1709 1402 dubitatio,
1735 1364 1932 1401 diffidentia,
1954 1374 2020 1394 nou
2042 1365 2124 1395 satis
2146 1364 2259 1394 timere

1291 1414 1322 1439 et
1345 1406 1481 1449 diligere
1504 1407 1622 1444 Deum,
1646 1413 1675 1437 et
1700 1406 1813 1437 infiniti
1836 1413 1943 1436 motus
1968 1411 2116 1436 errantes
2145 1411 2260 1436 contra

1290 1450 1413 1491 Legem
1448 1449 1527 1489 Dei,
1575 1449 1722 1489 sequitur
1762 1448 1910 1478 homines
1953 1458 2018 1478 non
2058 1447 2260 1488 pronuntiari

1289 1494 1406 1528 iustos,
1429 1492 1461 1522 id
1485 1497 1545 1526 est,
1569 1496 1722 1531 acceptos
1747 1500 1859 1520 coram
1881 1489 1954 1520 Deo
1977 1495 2111 1530 propter
2123 1489 2258 1531 Legem.

1290 1535 1365 1565 ldeo
1389 1532 1512 1564 Paulus
1537 1534 1577 1563 de
1600 1532 1662 1562 hac
1686 1532 1911 1563 controversia
1939 1533 2095 1562 acerrime
2118 1531 2259 1572 disputat

1290 1588 1329 1608 ac
1351 1575 1489 1607 detrahit
1500 1575 1581 1616 Legi
1600 1575 1869 1605 iustificationem.
1905 1574 1977 1605 Etsi
1994 1579 2100 1604 autem
2118 1573 2259 1604 humana

1290 1619 1372 1649 ratio
1393 1617 1488 1648 aliter
1504 1619 1624 1648 iudicat
1642 1617 1682 1647 de
1699 1622 1836 1657 peccato
1855 1622 1884 1646 et
1897 1617 1938 1647 de
1950 1616 2082 1653 iustitia,
2102 1620 2132 1646 et
2145 1625 2184 1646 ex
2195 1615 2260 1646 hac

1291 1660 1548 1692 dissimilitudine
1573 1660 1702 1690 humani
1726 1659 1833 1689 iudicii
1852 1665 1880 1688 et
1895 1657 2066 1700 Evangelii
2085 1658 2261 1688 certamina.

1291 1704 1447 1740 oriuntur,
1470 1709 1576 1732 tamen
1602 1712 1662 1732 nos
1694 1702 1806 1731 audire
1830 1711 1944 1731 vocem
1966 1699 2134 1741 Evangelii
2164 1709 2259 1740 opor-

1291 1751 1346 1782 tet,
1369 1755 1452 1785 quae
1476 1744 1617 1775 clamitat
1639 1744 1713 1774 inde
1737 1753 1842 1783 usque
1865 1744 1905 1773 ab
1922 1743 2021 1779 initio,
2045 1742 2160 1773 remitti
2183 1751 2259 1782 pec-

1292 1793 1365 1818 cata
1387 1787 1570 1818 hominibus
1594 1791 1623 1816 et
1647 1785 1876 1816 reconciliatos
1898 1784 2032 1825 placere
2062 1794 2120 1815 seu
2142 1784 2259 1819 iustos,

1291 1831 1321 1860 id
1353 1836 1417 1866 est,
1452 1835 1608 1869 acceptos
1644 1838 1719 1859 esse
1742 1834 1874 1867 propter
1896 1827 2108 1857 Mediatorem
2131 1824 2259 1862 Filium,

1292 1873 1375 1902 sicut
1400 1871 1492 1902 Rom.
1517 1871 1547 1901 5.
1577 1873 1638 1908 [vs.
1662 1872 1707 1908 :›.]
1737 1870 1865 1900 dicitur:
1897 1869 1961 1899 Per
1990 1868 2076 1899 hunc
2098 1867 2258 1898 habemus

1268 1925 1270 1935 f
1291 1925 1462 1945 accessum
1485 1914 1524 1943 ad
1548 1913 1678 1943 Patrem
1701 1912 1774 1941 fide.

1376 1956 1529 1986 Exoritur
1551 1965 1630 1996 ergo
1650 1954 1814 1995 quaestio:
1839 1953 1919 1987 Quis
1936 1953 1978 1983 sit
1994 1962 2076 1983 usus
2095 1951 2207 1992 Legis,
2231 1951 2258 1981 si

1268 2000 1270 2007 '
1291 1999 1389 2039 Legis
1414 2008 1514 2038 opera
1537 2007 1601 2027 non
1626 2001 1788 2027 merentur
1811 1995 2037 2025 remissionem
2049 1999 2258 2034 peccatorum

1291 2047 1346 2071 aut
1370 2041 1396 2070 si
1415 2051 1479 2070 non
1503 2049 1616 2070 sumus
1639 2039 1714 2068 iusti
1739 2037 1852 2078 Lege?
1897 2037 1991 2073 Hic⁹)
2011 2037 2178 2066 sciendum
2196 2041 2259 2072 est,

1268 2083 1270 2090 '
1291 2084 1349 2113 tria
1375 2092 1450 2113 esse
1474 2082 1574 2122 Legis
1599 2079 1706 2111 officia
1731 2090 1791 2110 seu
1813 2078 1971 2119 triplicem
1994 2087 2100 2109 usum.

1377 2124 1501 2154 Primus
1536 2129 1584 2153 est
1619 2122 1863 2163 1)ae‹lago⁰·icus
1899 2131 1959 2151 seu
1987 2120 2156 2161 politicus;
2189 2118 2260 2150 vult

1291 2167 1374 2197 enim
1387 2167 1478 2196 Deus
1502 2165 1647 2196 coerceri
1672 2165 1773 2205 discip
1789 2165 1841 2194 ina
1856 2173 1969 2194 omnes
1981 2162 2140 2198 homineS,
2163 2162 2258 2192 etiam

1291 2219 1355 2239 non
1380 2214 1522 2245 renatos,
1542 2218 1582 2237 ne
1601 2214 1735 2237 externa
1759 2205 1877 2237 delicta
1891 2205 2098 2236 committant.
2131 2203 2183 2234 De
2193 2203 2259 2234 hoc

1291 2250 1399 2281 officio
1422 2249 1564 2290 loquitur
1577 2248 1698 2279 Paulus
1725 2250 1752 2279 l.
1766 2248 1845 2278 Tim.
1863 2249 1890 2278 l.
1918 2247 2038 2285 [vs.9.]
2062 2246 2133 2277 Lex
2150 2250 2201 2276 est
2211 2245 2258 2275 in-

1291 2294 1384 2324 iustis
1407 2293 1532 2332 posita,
1566 2291 1710 2327 scilicet,
1744 2297 1777 2321 ut
1800 2296 2031 2326 coerceantur,
2066 2293 2097 2319 et
2119 2294 2153 2318 ut
2174 2287 2258 2318 haee

1292 2334 1461 2375 disciplina
1484 2344 1598 2365 severe
1614 2332 1816 2370 defendatur,
1839 2330 2100 2373 praefecitDeus
2115 2330 2258 2361 humano

1268 2388 1270 2403 Ι

1309 2463 1336 2491 8)
1356 2462 1433 2493 enini]
1455 2463 1489 2486 sir
1509 2461 1580 2485 Editt.
1607 2461 1647 2484 20,
1675 2460 1714 2483 25.
1743 2460 1782 2483 29.
1809 2459 1925 2484 31—33..
1954 2459 2024 2488 corp.
2048 2458 2130 2483 1—8.;
2158 2458 2257 2481 ceterae

1360 2496 1430 2520 Editt.
1450 2499 1474 2519 et
1494 2496 1552 2524 opp.
1575 2496 1594 2517 1.
1614 2495 1652 2518 2.:
1671 2495 1746 2518 etiam

1268 2545 1269 2552 ¹
1308 2548 1336 2576 9)
1357 2546 1408 2576 uic}
1431 2546 1500 2570 Editt.
1524 2545 1594 2569 1-7.
1615 2544 1637 2567 9.
1662 2544 1696 2568 12.
1716 2545 1775 2569 Hinc
