2358 2933
247 119 307 149 415

248 213 276 241 4.
299 212 361 246 [vs.
382 209 426 239 16.
436 213 456 247 :J
482 208 557 238 ideo
583 209 683 248 gratis
703 217 742 237 ex
769 208 841 243 tide,
862 213 892 236 ut
913 208 952 236 sit
976 206 1067 236 iii-ma
1086 208 1223 247 promis-

249 254 309 282 sio.
356 252 436 281 hum
463 250 543 280 baec
564 248 740 288 partit-ula,
764 249 867 289 gratis
891 254 1026 288 propter
1049 248 1224 284 Christum,

250 293 325 324 sarit
346 294 521 323 discrimen
543 291 625 331 legis
649 299 678 320 et
700 289 879 331 Evangelii.
926 290 960 318 Si
984 289 1067 318 enim
1090 299 1156 319 non
1180 291 1223 320 vi-

251 338 384 365 demnus
416 334 498 364 lianc
534 331 725 371 particulam
755 333 796 362 de
824 331 964 368 gratuita
994 332 1223 369 promissione,

251 385 353 407 manet
377 377 406 405 in
432 375 546 404 animis
570 375 744 409 dubitatio,
769 379 798 403 et
824 363 1038 413 Evangelium
1065 372 1223 403 transfor-

251 426 355 448 matur
375 418 405 446 in
426 415 542 455 legem.
566 422 594 445 ct
621 414 720 445 nihilo
740 416 898 445 ret-tiores
926 415 1029 444 reddit
1054 416 1222 446 conscien-

251 462 310 490 tias
342 459 382 487 de
414 458 607 488 remissione
638 464 846 496 peccatorum
884 466 943 487 seu
981 456 1222 494 iustificatione,

250 511 345 541 quam
365 499 417 529 lex
436 507 488 530 aut
515 498 663 529 naturale
686 499 837 530 iudicium
864 499 1010 528 rationis.
1056 498 1146 529 Sicut
1167 500 1222 530 ad-

251 543 387 573 versarii
413 542 534 577 nostri,
561 542 620 571 etsi
647 540 870 571 vociferantur
894 550 932 570 se
961 541 1081 570 docere
1117 541 1222 572 Evan-

251 583 381 625 geliunt.
401 592 523 614 tamen.
543 585 617 623 quia
637 593 701 613 non
720 584 841 613 dorent
860 583 900 613 de
920 583 1059 623 gratuita
1079 584 1222 614 reconci-

251 627 394 658 liatione.
413 625 594 666 relinquunt
610 626 830 655 conscientias
844 626 874 655 in
888 625 1099 661 dubitatione,
1118 632 1148 656 et
1162 636 1221 666 pro

250 667 430 709 Evangelio
450 669 567 698 docent
587 667 710 708 Legem
734 674 790 698 aut
802 666 991 702 Hesiodum,
1011 665 1073 695 hoc
1097 674 1158 704 est,
1178 668 1222 697 iu-

251 711 367 741 dicium
386 709 536 740 naturale
555 711 699 740 rationis.
746 709 833 749 Ergo
847 708 1041 738 intendenda
1061 718 1152 739 mens
1173 714 1221 739 est

251 760 348 793 atque
373 751 458 784 oculi
482 752 513 782 in
537 751 623 782 hanc
642 750 846 791 particulam,
870 750 990 780 Gratis.
1036 748 1112 781 ldeo
1139 752 1222 781 enim

251 804 390 825 necesse
409 801 457 824 est
483 795 523 824 de
542 795 681 834 gratuita
705 793 922 833 promissione
935 792 1065 825 docere,
1087 801 1111 821 ut
1130 804 1172 822 res
1191 798 1223 822 sit

251 845 328 868 terta.
351 838 396 874 ⁶⁶)
420 843 455 866 ut
481 836 690 867 conscientiis
715 836 874 865 eximatur
897 834 1074 869 dubitatio,
1109 837 1143 862 ut
1167 831 1222 861 ha-

252 878 346 906 beant
372 877 495 908 firmam
520 876 779 907 consolationem
799 877 829 906 in
854 876 942 906 veris
967 875 1156 905 terroribus.
1187 873 1221 903 ln

250 918 301 949 liis
328 920 412 950 enim
433 930 508 950 vere
538 920 672 950 iudicari
703 925 826 959 potest,
856 928 953 958 quam
981 917 1021 947 sit
1048 927 1130 956 opus
1160 915 1222 946 hac

252 962 391 1002 gratuita
409 963 640 1002 promissione.
672 961 712 991 Et
730 961 772 991 ad
791 960 854 991 hoc
881 966 1044 991 certamen
1065 958 1148 989 haec
1168 958 1223 988 do-

252 1003 353 1034 ctrina
374 1005 512 1034 maxime
531 1002 703 1034 referenda
727 1009 786 1033 est.

337 1044 419 1076 Illud
442 1053 550 1077 autem
573 1046 741 1076 sciendum
766 1050 832 1076 est:
852 1043 1104 1084 promissionem
1128 1052 1224 1082 opor-

251 1095 318 1118 tere
338 1087 400 1118 fide
424 1089 540 1129 accipi.
577 1088 610 1119 ld
630 1086 752 1118 Paulus
773 1088 869 1117 docet
894 1085 988 1116 Rom.
1011 1085 1041 1115 4.
1057 1087 1118 1122 [vs.
1143 1084 1223 1121 164:

250 1137 308 1162 ideo
327 1137 405 1166 gratis
423 1141 454 1159 ex
473 1134 531 1160 tide.
551 1138 576 1159 ut
591 1137 620 1160 sit
641 1134 713 1159 firma
733 1134 874 1163 promissio.
896 1130 939 1160 ⁶7)
984 1127 1025 1158 Et
1049 1126 1159 1156 lohan.
1185 1126 1222 1164 [l.

250 1172 343 1212 epist.
362 1170 394 1208 5,
420 1169 483 1207 10.]
508 1171 566 1200 ait:
598 1170 661 1204 Qui
691 1179 755 1199 non
784 1169 887 1199 credit
910 1169 999 1206 Deo,
1033 1169 1224 1199 mendaeem

249 1213 327 1245 facit
349 1223 421 1244 eum
441 1219 504 1243 etc.
550 1212 692 1242 Proinde
722 1210 899 1251 partit-ula,
929 1212 1058 1248 Gratis,
1081 1221 1147 1241 non
1170 1220 1224 1240 ex-

251 1255 349 1287 cludit
370 1254 481 1291 fidem,
505 1255 564 1285 sed
584 1254 802 1285 conditionem
821 1260 955 1284 nostrae
979 1254 1145 1295 dignitatis
1170 1262 1224 1283 ex-

251 1298 369 1331 cludit,
400 1303 429 1327 et
461 1297 612 1327 transfert
649 1306 802 1328 caussam
835 1296 983 1327 beneficii
1017 1306 1036 1326 a
1066 1296 1162 1326 nobis
1192 1295 1223 1324 in

250 1340 428 1371 Christum.
475 1339 586 1379 ltaque
614 1349 720 1379 neque
749 1338 966 1369 obedientiam
995 1343 1142 1368 nostram
1171 1348 1224 1368 ex-

250 1381 364 1419 cludit,
382 1387 508 1412 tantum
532 1391 685 1412 caussam
704 1380 852 1411 beneficii
875 1391 894 1410 a
911 1381 1068 1422 dignitate
1090 1385 1225 1410 nostrae

250 1425 455 1456 obedientiae
474 1422 628 1454 transfert
653 1424 685 1453 in
705 1422 884 1460 Christum,
909 1429 945 1454 ut
969 1422 1164 1453 beneficium
1183 1423 1225 1452 sit

251 1474 385 1498 certum.
431 1466 651 1497 Coneionatur
679 1466 776 1506 igitur
804 1464 1020 1505 Evangelium
1051 1465 1091 1495 de
1113 1465 1224 1504 poeni—

250 1510 367 1545 tentia,
394 1509 453 1538 sed
477 1514 512 1539 ut
542 1515 631 1539 certa
650 1508 692 1538 sit
722 1506 956 1544 reconciliatio,
980 1508 1078 1538 docet
1106 1506 1224 1537 remitti

251 1558 389 1592 peccata
408 1557 439 1580 et
458 1560 519 1581 nos
537 1550 669 1591 plaeere
687 1549 772 1586 Deo,
791 1559 857 1580 11011
880 1555 1012 1589 propter
1035 1549 1223 1589 dignitatem

251 1593 472 1635 poenitentiae
490 1600 545 1624 aut
564 1598 698 1623 nostrae
718 1592 881 1622 novitatis.
928 1591 1018 1622 Haec
1038 1596 1088 1622 est
1107 1601 1223 1621 neces-

251 1638 339 1666 saria
363 1634 547 1666 consolatio
566 1636 628 1675 piis
655 1635 875 1665 conscientiis·
910 1634 1020 1674 Atque
1043 1633 1120 1664 hinc
1143 1633 1223 1664 iudi-

252 1679 318 1709 cari
336 1684 456 1718 potest,
481 1678 645 1718 quomodo
670 1676 753 1707 haee
779 1677 1002 1712 consentiant,
1037 1676 1126 1716 quod
1145 1675 1223 1705 dixi-

251 1730 322 1751 mus
335 1719 551 1761 Evangelium
571 1719 760 1751 concionari
780 1719 820 1748 de
839 1719 1048 1759 poenitentia,
1072 1723 1104 1747 et
1118 1724 1224 1748 tamen

249 1766 352 1806 gratis
372 1763 559 1804 promittere
578 1761 885 1792 reconciliationem.

250 1807 370 1838 latione
392 1804 491 1846 paulo
509 1811 585 1845 post
604 1805 771 1844 copiosius
791 1804 948 1834 dicemus.

340 1848 463 1879 Definit
484 1848 594 1888 itaque
617 1846 770 1877 Christus
792 1844 1011 1885 Evangelium
1022 1844 1134 1874 Lucae
1153 1842 1226 1874 ulti-

253 1901 318 1928 mo,
339 1889 436 1931 plane
458 1896 492 1920 ut
517 1888 644 1925 artifex,
663 1899 736 1919 cum
755 1888 843 1918 iubet
863 1887 929 1924 [24,
941 1887 1002 1923 474
1017 1886 1137 1917 docere
1148 1896 1225 1925 poe·
1247 1885 1249 1921 ζ

253 1934 420 1964 nitentiam
444 1939 474 1962 et
488 1932 713 1962 remissionem
731 1935 943 1970 peccatorum
962 1929 994 1958 in
1007 1929 1138 1958 nomine
1151 1938 1224 1958 suo.

252 1975 313 2006 Est
338 1975 435 2015 igitur
467 1973 680 2014 Evangelium
714 1972 912 2013 praedicatio
946 1971 1164 2011 poenitentiae
1194 1976 1227 2000 et

253 2017 440 2059 promissio,
459 2027 555 2057 quam
574 2017 655 2046 ratio
675 2025 741 2045 non
759 2020 848 2044 tenet
870 2012 1078 2049 naturaliter,
1097 2013 1158 2043 sed
1176 2021 1226 2043 re—
1246 2024 1248 2034 ¹

255 2060 361 2091 velata
381 2060 546 2096 divinitus,
568 2059 599 2088 in
624 2068 687 2098 qua
710 2056 803 2087 Deus
823 2055 1008 2096 pollicetur,
1032 2065 1069 2085 se
1092 2060 1226 2095 propter

254 2102 420 2133 Christum
444 2100 542 2132 tilium
567 2111 662 2131 suum
681 2100 843 2130 remittere
861 2103 1010 2138 peccata,
1030 2104 1059 2128 et
1079 2107 1140 2127 nos
1153 2106 1226 2137 pro·
1246 2106 1247 2109 ¹

255 2146 378 2175 nuntiat
409 2145 525 2180 iustos,
548 2143 580 2173 id
604 2148 671 2178 est,
698 2147 868 2181 accepto&
892 2147 923 2171 et
949 2141 1047 2170 donat
1072 2139 1226 2179 Spiritum

255 2193 406 2218 sanctum
426 2192 456 2215 et
470 2187 567 2216 vitain
587 2190 769 2220 aeternam,
788 2183 885 2213 modo
904 2188 939 2212 ut
958 2182 1143 2219 credamus,
1160 2181 1224 2211 hoc
1246 2196 1247 2199 ¹

255 2236 316 2266 est,
341 2228 544 2259 confidamus
568 2227 651 2258 haec
677 2226 772 2257 nobis
798 2231 931 2265 propter
949 2224 1115 2255 Christum
1135 2229 1224 2254 certo

255 2272 465 2311 (zontingere3
485 2277 582 2310 atque
594 2269 677 2299 haee
691 2269 792 2310 gratis
805 2267 988 2308 pollicetur,
1001 2273 1035 2297 ut
1048 2267 1109 2296 sint
1124 2272 1224 2296 certa.

256 2313 345 2344 Haec
366 2313 405 2342 sit
423 2311 591 2353 Evangelii
615 2312 771 2347 definitio,
796 2311 826 2339 in
852 2320 916 2350 qua
942 2310 1045 2339 tribus
1070 2309 1224 2338 membris

255 2354 416 2394 complexi
443 2364 556 2385 sumus
582 2353 741 2384 beneficia
764 2350 932 2392 Evangelii
959 2351 1105 2392 propria,
1139 2349 1224 2381 scili-

260 2482 306 2508 66)
328 2486 352 2506 ut
372 2488 413 2506 res
433 2481 464 2505 sit
485 2482 561 2505 terta.
582 2477 692 2502 addunt
712 2478 785 2503 Editt.
806 2477 830 2500 7.
849 2477 870 2500 8.
895 2476 999 2498 11-14.
1020 2477 1043 2499 et
1063 2475 1121 2504 Opp.

260 2532 304 2557 67)
324 2533 382 2556 Ideo
402 2545 431 2548 —
451 2530 595 2560 promissio.
615 2526 726 2552 addunt
745 2527 817 2552 Editt.
837 2527 859 2549 7.
874 2527 896 2550 8.
919 2526 1023 2548 11—14.
1043 2528 1068 2549 et
1087 2526 1147 2554 opp.

878 114 985 146 PfflL.
1011 115 1113 146 MEL.
1143 115 1328 149 SCRIPTA
1358 117 1620 149 DOGMATICA

931 1760 998 1791 Sed
1017 1761 1058 1791 de
1076 1760 1139 1790 hac
1159 1759 1225 1790 col·
1246 1772 1248 1776 ·

2172 120 2236 152 416

1268 217 1332 248 cet,
1351 211 1438 250 quod
1462 216 1593 250 propter
1618 209 1781 240 Christum
1809 211 1911 251 gratis
1938 212 2140 242 remittantur
2161 222 2235 252 pec-

1267 258 1358 288 cata,
1383 253 1471 292 quod
1497 252 1598 292 gratis
1622 251 1867 290 pronuntiemur
1885 252 1976 289 iusti,
2007 252 2070 283 hoc
2094 260 2160 290 est,
2187 265 2235 285 re-

1267 293 1429 324 conciliati
1461 303 1520 323 seu
1551 293 1695 332 accepti,
1725 299 1756 322 et
1779 293 1939 323 haeredes
1966 295 2051 325 vitae
2072 300 2235 326 aeternae.

1267 336 1356 366 llaec
1376 337 1436 365 tria
1455 335 1600 365 membra
1611 333 1711 373 paulo
1730 341 1805 374 post
1824 334 2067 374 explicabimus.
2098 336 2236 368 Tantum

1266 377 1319 407 hir.
1338 377 1523 408 memineris
1543 376 1624 406 haec
1644 377 1776 416 propria
1788 376 1957 418 Evangelii
1975 378 2135 409 beneficia
2148 388 2235 416 esse,

1266 429 1350 459 quae
1376 418 1496 458 alioqui
1527 428 1593 448 uno
1623 419 1726 448 verbo
1756 419 1994 449 iustificationis
2025 419 2235 460 comprehen-

1266 462 1394 492 duntur.

1419 552 1571 587 QUARE
1594 552 1708 583 oPUs
1731 552 1813 583 EST
1841 553 2082 584 EVANGELll

1595 595 1912 626 PROMlSSIONE?

1351 670 1529 709 Postquam
1549 677 1664 700 natura
1683 669 1823 701 humana
1844 680 2005 710 oppressa
2027 676 2077 701 est
2097 677 2235 711 peccato

1266 718 1297 742 et
1315 718 1432 747 morte,
1456 718 1588 751 propter
1611 711 1705 742 Adae
1728 711 1871 752 lapsum,
1895 713 2022 743 etiamsi
2046 718 2155 743 manet
2179 712 2235 743 ali-

1266 764 1330 794 qua
1348 754 1459 784 notitia
1485 753 1581 794 legis,
1605 760 1712 784 tamen
1739 755 1814 794 quia
1840 754 1951 785 haeret
1974 755 2007 784 in
2027 761 2142 785 natura.
2159 764 2235 794 pec-

1267 802 1385 833 catum,
1398 796 1618 826 eonscientiae
1626 805 1690 825 non
1698 803 1837 835 possunt
1848 802 1992 828 statuere
2000 797 2041 827 de
2053 796 2139 834 Deo,
2148 797 2236 837 quod

1267 837 1344 868 velit
1370 838 1561 878 ignoscere,
1591 838 1619 867 si
1649 837 1728 867 nihil
1757 839 1818 868 nisi
1840 837 1949 879 legem
1978 839 2120 870 audiant.
2166 838 2236 868 Lex

1267 880 1351 910 enim
1370 890 1435 910 11011
1455 880 1550 910 docet
1571 879 1673 920 gratis
1692 880 1809 910 remitti
1821 886 1974 919 peceata3
1993 881 2116 912 scimus
2128 886 2235 912 autem

1266 932 1327 952 nos
1348 932 1412 952 11011
1432 922 1502 951 sine
1519 927 1657 962 peccato
1677 930 1771 956 esse3
1789 922 1887 961 idque
1904 923 2043 951 maxime
2062 923 2239 958 cernimus,

1268 974 1341 995 811111
1359 964 1478 994 iudicio
1498 964 1560 993 Dei
1580 972 1658 993 vere
1675 963 1901 1003 petterrefiunt
1920 969 2058 994 mentes.
2101 963 2163 994 Est
2180 963 2238 1004 igi-

1266 1012 1318 1036 t1u·
1337 1016 1420 1046 opus
1444 1006 1585 1046 gratuita
1604 1005 1808 1036 remissione.
1854 1005 1930 1036 ldeo
1949 1005 2042 1036 Deus
2065 1015 2124 1045 per
2141 1006 2238 1036 mise-

1267 1048 1441 1078 ricordiam
1462 1047 1630 1084 revelavit,
1650 1057 1686 1077 se
1706 1046 1791 1078 velle
1811 1048 1905 1078 nobis
1923 1048 2112 1088 ignoscere,
2130 1057 2170 1078 ac
2188 1057 2238 1078 re·

1267 1091 1404 1120 stituere
1431 1091 1530 1120 vitam
1559 1095 1742 1125 aeternam3
1777 1096 1806 1120 et
1836 1091 1958 1120 addidit
1987 1090 2150 1120 victimam
2179 1099 2238 1129 pro

1267 1133 1374 1169 nobis,
1404 1131 1530 1163 scilicet
1559 1131 1673 1161 Filium
1689 1133 1734 1169 6θ’)
1766 1141 1878 1169 suum,
1902 1137 1938 1163 ut
1966 1132 2126 1162 sciremus
2155 1131 2239 1162 haec

1267 1175 1363 1205 nobis
1382 1180 1517 1214 propter
1534 1173 1649 1204 Filium
1669 1174 1793 1211 donari,
1812 1184 1877 1203 11011
1896 1179 2030 1214 propter
2048 1173 2239 1215 dignitatem

1267 1222 1413 1248 nostram
1432 1222 1487 1246 aut
1505 1216 1620 1247 merita
1645 1221 1769 1245 nostra.
1814 1215 1915 1256 ldque
1933 1214 2148 1257 Evangelium
2172 1221 2239 1246 sta·

1267 1260 1323 1290 tim
1341 1260 1538 1299 promissiun
1558 1269 1597 1288 ac
1617 1257 1798 1288 revelatum
1822 1264 1872 1288 est
1891 1263 1967 1297 post
1986 1256 2114 1298 lapsum
2133 1257 2239 1294 Adae,

1266 1312 1308 1333 ne
1331 1302 1462 1332 deesset
1486 1299 1669 1331 consolatio
1689 1301 1813 1339 piimae
1832 1299 1878 1330 illi
1896 1298 2078 1331 Ecclesiae.

1353 1343 1478 1384 Estque
1497 1353 1596 1373 unum
1616 1348 1647 1372 et
1670 1342 1756 1372 idem
1774 1340 2007 1383 Evangelium,
2036 1351 2102 1382 quo
2124 1350 2239 1372 omnes

1267 1386 1373 1417 sancti
1390 1387 1432 1416 ab
1444 1385 1534 1415 initio
1547 1385 1655 1416 mundi
1675 1383 1795 1414 salvati
1815 1390 1892 1415 sunt
1911 1384 2063 1415 omnibus
2086 1383 2239 1423 tempori-

1266 1430 1341 1466 bus,
1374 1428 1492 1465 Adam,
1526 1427 1663 1466 Noa‚⁶⁹)
1688 1425 1872 1463 Abraham,
1896 1426 2015 1462 Iacob,
2044 1424 2240 1466 Prophetae,

1267 1469 1430 1511 Apostoli.
1475 1470 1549 1499 Non
1574 1475 1625 1499 est
1646 1469 1744 1509 igitur
1765 1469 2007 1509 imaginandum
2029 1474 2140 1508 patres
2164 1466 2240 1509 lege

1266 1520 1404 1544 naturae
1427 1511 1575 1542 salvatos
1595 1521 1684 1548 esse,
1703 1510 1842 1540 ludaeos
1861 1509 1933 1552 lege
1945 1511 2071 1551 Moysi3
2089 1520 2152 1540 nos
2174 1508 2240 1540 sal-

1267 1556 1336 1586 vari
1355 1560 1469 1585 nostra
1489 1554 1628 1594 quadam
1648 1552 1733 1594 lege.
1775 1552 1842 1583 lmo
1860 1563 1926 1583 una
1944 1552 2015 1583 Lex
2034 1558 2085 1583 est
2103 1550 2240 1582 moralis

1267 1598 1410 1628 omnium
1429 1602 1588 1632 aetatum,
1618 1596 1760 1625 omnium
1784 1595 1948 1635 gentium,
1977 1600 2012 1625 ut
2035 1603 2135 1634 supra
2160 1594 2239 1624 dixi-

1267 1651 1351 1671 mus.
1397 1639 1463 1669 Sed
1482 1648 1543 1668 nec
1567 1638 1693 1674 Patres,
1718 1646 1779 1666 1188
1802 1636 1924 1674 ludaei,
1942 1646 2004 1667 1188
2023 1636 2160 1673 Gentes,
2178 1645 2239 1666 1188

1268 1692 1328 1713 nos
1339 1682 1412 1712 ideo
1422 1679 1599 1717 salvamur,
1611 1679 1686 1720 quia
1693 1678 1775 1719 Legi
1788 1677 2008 1709 satisfacimus
2018 1690 2026 1714 3
2048 1687 2145 1708 nemo
2154 1678 2239 1708 enim

1268 1724 1349 1765 Legi
1362 1721 1540 1757 satisfacit3
1564 1728 1593 1752 et
1606 1721 1675 1751 Lex
1695 1719 1848 1761 relinquit
1867 1721 2053 1751 dubitantes
2067 1720 2239 1750 conscien-

1268 1767 1341 1797 tias.
1386 1766 1496 1805 Atque
1513 1763 1579 1794 hoe
1597 1765 1731 1794 interest
1753 1764 1838 1793 inter
1860 1762 1976 1793 Patres
1995 1768 2026 1793 et
2038 1761 2240 1802 Xenophon-

1247 1838 1248 1841 ,
1269 1815 1344 1845 tem,
1368 1808 1562 1838 Ciceronem
1588 1817 1627 1837 ac
1654 1804 1777 1836 similes
1802 1805 1891 1835 viros
1917 1805 2067 1845 optimos.
2113 1803 2239 1845 Legem

1270 1856 1388 1881 norunt
1403 1851 1447 1890 ⁷⁰)
1471 1849 1616 1889 utriqueg
1642 1849 1701 1878 sed
1725 1847 1941 1888 Evangelium
1966 1856 2033 1876 non
2057 1851 2178 1876 norunt
2192 1847 2237 1885 ⁷⁰)

1270 1894 1407 1933 utrique.
1438 1890 1633 1931 Xenophon,
1653 1890 1768 1920 Cicero
1788 1895 1817 1919 et
1831 1888 1953 1919 similes
1973 1889 2174 1926 dubitabant,
2197 1898 2239 1918 an

1247 1949 1248 1953 ¹
1269 1934 1342 1965 Deo
1362 1944 1461 1964 curae
1481 1939 1604 1967 essent,
1628 1942 1671 1962 an
1688 1932 1846 1962 haberent
1866 1930 1970 1961 Deum
1990 1930 2178 1971 propitium,
2197 1940 2239 1960 an

1247 1987 1248 2010 i
1270 1977 1500 2007 exaudirentur
1521 1985 1541 2005 a
1564 1975 1649 2005 Deo,
1694 1974 1764 2003 Etsi
1788 1974 1870 2003 enim
1890 1973 2012 2014 Legem
2035 1978 2171 2009 norant,
2192 1978 2240 2002 ta-

1247 2013 1248 2060 ]
1268 2029 1341 2050 men
1361 2019 1515 2049 videbant
1539 2026 1576 2047 se
1598 2027 1662 2046 11011
1688 2026 1765 2047 esse
1789 2016 1992 2046 innocentes.
2036 2015 2106 2045 Lex
2128 2021 2239 2045 autem

1246 2062 1248 2101 j
1269 2062 1364 2092 docet
1387 2061 1493 2091 Deum
1517 2059 1689 2099 propitium
1710 2068 1786 2089 esse
1805 2058 1872 2095 his,
1899 2058 1953 2098 qui
1976 2063 2054 2087 sunt
2071 2058 2142 2087 sine
2163 2066 2239 2097 pec-

1269 2110 1354 2135 cato.
1400 2103 1475 2133 Non
1503 2108 1619 2131 norant
1652 2099 1864 2141 Evangelium
1888 2100 1928 2130 de
1957 2100 2099 2140 gratuita
2127 2099 2240 2129 remis-

1268 2147 1360 2176 sione
1381 2150 1603 2186 peecatorum.
1648 2142 1815 2173 Abraham
1828 2152 1918 2179 vero,
1938 2142 2035 2172 laeob
2055 2146 2087 2172 et
2105 2140 2240 2178 simileS,

1268 2189 1343 2229 quia
1374 2192 1490 2217 norant
1514 2184 1746 2227 Evangelium,
1771 2186 1959 2215 statuebant
1985 2185 2046 2214 sibi
2076 2184 2178 2226 gratis
2193 2184 2238 2223 ⁷¹)

1268 2231 1384 2261 remitti
1402 2234 1556 2270 peccata,
1580 2238 1618 2259 se
1636 2228 1758 2258 habere
1776 2227 1883 2258 Deum
1902 2227 2087 2267 propitium,
2111 2236 2147 2256 se
2165 2225 2238 2256 Deo

1246 2372 1247 2394 1
1268 2374 1313 2403 68)
1332 2373 1432 2404 Filium]
1451 2373 1492 2397 Ed.
1514 2373 1536 2397 2.
1555 2373 1648 2403 typoth.
1670 2378 1770 2397 errore:
1788 2372 1866 2396 Fitum

1245 2401 1248 2438 i
1268 2425 1312 2454 69)
1333 2425 1409 2454 Nom]
1428 2424 1499 2449 Editt.
1521 2424 1542 2446 7.
1564 2424 1585 2447 8.
1609 2423 1713 2446 11-14.
1733 2425 1758 2446 et
1778 2423 1851 2452 opp:
1872 2423 1931 2447 Noe.

1246 2447 1248 2510 i
1268 2476 1313 2501 70)
1332 2478 1423 2499 norunt
1437 2489 1464 2491 —
1488 2474 1591 2504 norunt]
1610 2474 1680 2498 Editt.
1702 2473 1724 2495 8.
1748 2474 1827 2494 11—1
1848 2490 1853 2495 .
1873 2475 1899 2496 et.
1917 2472 1991 2502 opp.:
2011 2473 2140 2497 norant—
2150 2474 2239 2496 norant

1246 2511 1249 2552 i
1270 2523 1314 2551 τι)
1335 2524 1412 2551 gratis
1432 2524 1571 2546 mutuant
1591 2524 1663 2548 editt.
1685 2524 1708 2546 2.
1729 2523 1802 2546 6-8.
1827 2523 1931 2547 11-14.
1950 2525 1976 2547 et
1995 2522 2054 2552 opp.
