2358 2933
111 127 176 160 493

113 221 186 251 leus
209 220 322 251 mortis
341 224 511 259 peccatum
530 224 592 256 est,
610 220 756 258 potentia
774 219 901 258 peccati
919 218 1007 253 Lex;
1031 218 1089 247 sed

115 263 219 303 gratia
242 261 335 298 Deo,
364 261 419 301 qui
442 261 496 290 dat
520 262 617 291 nobis
642 261 811 291 historiam
832 269 891 300 per
913 260 1090 290 Dominum

114 311 262 335 nostrum
285 303 391 333 Iesum
416 301 592 332 Christum.

200 346 369 376 Hactenus
394 344 460 373 dixi
484 345 524 374 de
537 344 742 374 Contritione
765 350 796 373 et
814 343 904 379 Fide,
928 353 993 383 qua
1013 352 1090 372 con-

115 388 279 428 sequimur
307 386 533 417 remissionem
562 392 782 426 peecatorum.
834 385 874 415 Et
903 384 965 414 has
994 384 1091 424 posui

114 434 225 468 partes
248 428 469 467 poenitentiae
492 428 628 458 docendi
655 437 773 458 caussa
798 437 836 457 eo
861 426 1033 462 libentius,
1056 432 1091 456 ut

114 471 178 501 hac
206 471 300 510 quasi
328 472 468 509 epitome
496 470 672 499 indicarem
696 469 778 499 duas
801 470 999 508 praecipuas
1022 468 1090 497 uni-

114 521 234 543 versae
257 512 441 552 scripturae
462 517 586 552 partes.
610 520 693 551 quae
716 509 796 540 alias
816 512 922 551 arguit
941 516 1091 549 peccata,

115 552 196 583 alias
230 554 386 593 promittit
421 552 679 583 consolationem
703 555 826 591 etc.3'2)
873 552 954 582 Cum
983 558 1092 581 autem

114 594 179 625 hoc
209 596 307 626 modo
336 594 539 625 reconciliati
562 604 693 627 sumus,
727 600 846 634 postea
874 595 971 624 debet
998 594 1091 633 sequi

114 637 235 667 iustitia
258 639 365 667 bonae
389 637 620 667 conscientiae.
654 636 699 665 Ut
722 637 811 666 loan.
835 637 936 676 inquit
961 635 1088 674 matth,

115 678 147 714 3,
175 678 237 716 S.]:
271 679 383 708 Facite
416 678 543 708 fructus
577 679 696 718 dignos
718 679 947 718 poenitentiae.
960 679 1004 712 33)
1049 677 1091 707 Et

116 719 239 750 Paulus
264 720 370 756 1R0m.
393 720 425 757 8,
450 720 534 757 1213
568 719 747 750 Debitores
772 730 886 750 sumus
909 729 976 749 11011
999 720 1090 749 carni

115 767 177 792 etc.
224 762 265 792 Et
296 768 421 798 tamen,
450 762 525 801 quia
558 771 623 791 non
651 761 872 792 satisfacimus
895 760 980 802 legi,
1012 771 1090 791 con-

115 804 254 834 scientia
292 805 420 833 interim
459 810 569 834 teneat
602 814 733 843 semper
773 804 838 834 hoc
872 803 1089 834 beneficium:

115 846 205 886 quod
226 855 371 886 persona
393 846 435 875 sit
458 846 555 882 iusta,
579 846 610 875 id
634 852 696 882 est,
719 851 858 885 accepta
876 846 941 876 fide
958 851 1091 885 propter

114 887 291 924 Christum,
315 893 347 917 et
370 888 459 927 quod
482 889 654 927 sequentia
677 898 778 926 opera
800 886 952 927 placeant
977 892 1008 917 et
1026 888 1092 917 sint

113 931 245 966 iustitia,
269 930 345 969 quia
366 939 512 969 persona
534 935 585 959 est
604 929 829 960 reconciliata.
876 929 966 959 Haec
990 939 1092 968 supra

115 972 282 1012 copiosius
312 977 452 1001 tractata
480 977 563 1001 sunt.
611 971 688 1001 Ideo
711 981 851 1011 propero
882 972 924 1001 ad
946 970 1091 1010 reliquas

113 1019 238 1053 parteS,
262 1023 345 1053 quas
369 1012 421 1044 hic
445 1019 632 1050 recensent,
651 1014 693 1043 ad
712 1012 963 1043 Confessionem
983 1018 1014 1042 et
1033 1013 1091 1043 Sa-

114 1053 343 1085 tisfactionem.

401 1178 461 1209 DE
484 1178 798 1210 CONFESSIONE.

201 1260 376 1292 Confessio
406 1263 526 1292 usitata
556 1268 586 1292 et
611 1261 801 1293 Satisfactio
830 1267 906 1292 sunt
933 1267 1026 1292 ortae
1048 1262 1089 1292 ab

113 1303 353 1335 Ecclesiastico
374 1304 436 1334 litu
455 1302 607 1343 publicae
626 1304 854 1344 poenitentiae.
897 1302 980 1334 Olim
1005 1304 1090 1334 enim

113 1346 161 1376 rei
192 1346 360 1376 criminum
383 1344 590 1386 publicorum
613 1346 1000 1382 excommunicabantur,
1027 1356 1090 1376 nec

113 1388 356 1428 recipiebantur
384 1388 447 1417 nisi
475 1388 613 1428 primum
643 1387 806 1425 confessi,
834 1387 901 1419 hoc
932 1394 998 1425 est,
1028 1388 1090 1419 nisi

113 1430 204 1469 prius
243 1435 443 1460 testarentur
476 1430 563 1470 apud
595 1429 754 1461 Pastores
788 1440 825 1461 se
858 1431 1090 1461 emendaturos

114 1480 192 1502 esse
213 1481 341 1508 mores.
371 1478 403 1502 et
426 1478 574 1511 peterent
595 1472 837 1504 absolutionem
861 1478 925 1503 etc.
971 1472 1012 1503 Et
1034 1473 1090 1503 ad-

114 1513 253 1543 debatur
275 1512 483 1551 Safisfacfio,
516 1514 581 1544 hoc
604 1520 673 1552 est,
695 1514 830 1554 publica
853 1515 1014 1555 quaedam
1037 1525 1090 1545 ca-

114 1555 259 1595 stigatio,
282 1554 336 1585 vel
360 1554 499 1595 exempli
523 1566 660 1593 caussa,
682 1562 717 1586 ut
740 1555 793 1586 alii
815 1557 971 1587 admoniti
995 1567 1090 1587 cave-

113 1601 201 1633 rent,
232 1607 273 1627 ne
300 1595 505 1633 laberentur,
538 1597 592 1627 vel
620 1604 656 1628 ut
686 1598 916 1638 exploraretur
943 1600 1090 1638 ipsorum

113 1639 259 1675 animus,
286 1639 341 1679 qui
370 1640 519 1669 redibant
541 1640 583 1669 acl
605 1638 808 1677 Ecclesiam,
832 1650 873 1670 an
897 1641 984 1670 serio
1008 1641 1090 1670 resi-

112 1681 291 1721 piscerent.
326 1681 379 1711 Ab
402 1681 454 1711 his
477 1681 593 1711 ritibus
617 1688 649 1712 et
671 1683 793 1712 usitata
817 1681 992 1713 Confessio
1017 1690 1090 1714 orta

113 1728 175 1759 est,
199 1728 231 1752 et
252 1722 414 1763 reliquum
438 1729 488 1752 est
510 1732 598 1753 nunc
623 1723 866 1754 Satisfactionis
890 1734 1019 1755 nomen.

198 1763 358 1795 Dicamus
393 1771 498 1795 autem
530 1766 622 1803 prius
657 1766 697 1795 de
731 1764 957 1797 Confessione.
1014 1767 1090 1797 Non

114 1811 166 1836 est
187 1807 397 1843 necessaria,
431 1816 493 1836 nec
515 1807 586 1836 iure
609 1807 718 1837 divino
743 1808 896 1838 mandata
920 1818 1089 1840 enumera-

113 1848 157 1878 tio
191 1854 415 1887 peccatorum.
477 1848 610 1879 Nullum
645 1850 728 1879 enim
762 1856 850 1880 extat
882 1850 946 1881 hac
980 1851 1021 1880 de
1054 1860 1090 1880 re

113 1890 299 1920 mandatum
326 1890 359 1919 in
388 1890 567 1930 scriptiuis.
613 1890 792 1922 Praeterea
816 1891 892 1922 talis
923 1902 1090 1923 enumera-

113 1932 158 1961 tio
180 1931 393 1971 impossibilis
418 1938 488 1968 est:
511 1933 600 1963 iuxta
622 1932 700 1963 illud
726 1933 794 1969 tPs.
821 1934 871 1971 18,
896 1934 978 1973 13.]:
1024 1934 1089 1965 De-

114 1971 192 2003 licta
216 1974 288 2014 quis
312 1973 472 2015 intelligit.
507 1974 594 2004 Idem
618 1981 782 2006 testantur
805 1982 837 2006 et
859 1977 1088 2016 prudentiores

113 2014 329 2052 Canonistae,
351 2015 436 2046 hanc
459 2018 733 2048 enumerationem
754 2028 821 2048 non
844 2028 920 2049 esse
941 2020 1020 2049 iuris
1044 2020 1089 2049 di-

113 2057 191 2087 vini.
247 2057 419 2088 Postremo
444 2058 575 2089 Graeca
597 2059 750 2090 Ecclesia
779 2061 842 2090 iam
877 2060 954 2091 olim
977 2060 1089 2092 abole-

113 2099 160 2129 vit
185 2097 274 2129 hunc
296 2109 421 2129 morem
443 2107 578 2140 propter
600 2107 781 2141 stupratam
803 2113 822 2132 a
846 2102 997 2133 Diacono
1021 2114 1088 2134 mu-

113 2138 300 2177 lierculam,
329 2147 364 2171 ut
392 2143 509 2172 recitat
536 2142 675 2173 historia
707 2144 876 2183 tripartita.
922 2145 996 2176 Non
1030 2156 1088 2185 po-

113 2184 231 2213 tuisset
255 2188 362 2213 autem
385 2182 439 2214 hic
462 2193 534 2214 mos
557 2184 696 2223 aboleri,
719 2186 747 2216 si
771 2193 861 2217 esset
878 2188 957 2218 iuris
977 2188 1087 2218 divini.

115 2223 197 2254 Cum
219 2227 377 2262 autem'0'4)
395 2232 536 2263 constet,
559 2234 681 2266 quanta
703 2228 893 2259 carnificina
916 2230 1088 2260 conscien-

114 2267 228 2297 tiarum
240 2265 337 2297 fuerit
349 2266 404 2298 illa
423 2269 544 2298 acerba
562 2270 690 2300 exactio
710 2272 973 2309 enumerationiS,
992 2273 1088 2312 prod-

115 2402 160 2431 32)
179 2404 225 2426 etc.
245 2402 385 2425 omittunt
404 2402 476 2427 Editt.
497 2403 520 2425 7.
540 2404 563 2426 8.
584 2404 693 2426 11—14.
713 2406 739 2428 et
756 2404 815 2434 Opp.

117 2452 160 2479 33)
180 2452 359 2482 poenitentiae]
387 2453 423 2477 si(-
451 2452 497 2483 (=
516 2453 627 2482 Vulgat.)
655 2454 726 2479 Editt.
755 2456 776 2477 1.
803 2455 828 2477 4.
857 2455 880 2478 5.
900 2455 939 2486 9.;

183 2485 257 2510 6-8.
276 2487 383 2508 11—14.
404 2491 428 2510 et
448 2487 519 2516 opu:
538 2488 694 2516 poenitentia

118 2527 161 2555 34)
180 2527 276 2557 autem]
298 2528 339 2552 Ed.
361 2529 380 2552 1.
402 2529 495 2558 typoth.
515 2534 615 2553 errore:
635 2529 694 2553 aute

975 2456 1046 2481 Editt.
1066 2457 1088 2481 2.

562 127 585 157 1.
607 127 710 158 LOCI
732 125 1011 157 THEOLOGICI:
1036 125 1073 156 C.
1096 124 1306 156 SECUNDA
1328 123 1484 155 EORUM
1508 123 1662 155 AETAS.

2042 125 2105 156 494

1133 224 1183 247 est
1215 218 1338 247 moneri
1373 218 1444 257 pias
1468 222 1604 253 mentes,
1627 222 1661 247 ut
1686 216 1792 247 sciant
1816 216 1982 246 Canonem
2005 215 2105 254 illum,

1133 260 1186 299 qui
1215 260 1375 299 praecipit
1403 260 1444 289 de
1475 259 1730 295 enumeratione,
1755 264 1878 289 tantum
1902 259 2105 289 traditionem

1132 301 1306 331 humanam
1330 310 1417 331 esse.

1219 342 1372 373 Ceterum
1402 343 1538 382 prodest
1566 343 1707 372 retinere
1729 343 1760 372 in
1783 342 1943 372 Ecclesiis
1968 341 2105 372 Confes-

1133 385 1276 420 sionem3
1301 384 1443 415 Primum
1466 391 1600 424 propter
1621 383 1871 421 absolutionem,
1888 385 1927 414 de
1940 391 2104 424 quapost-

1133 436 1172 456 ea
1214 427 1378 459 dicemusz
1422 426 1550 456 Deinde
1595 427 1691 456 etiam
1724 432 1859 465 propter
1887 425 2103 465 disciplinam,

1132 469 1207 508 quia
1236 478 1296 507 per
1325 478 1396 498 eam
1426 468 1636 498 occasionem
1665 469 1788 498 indocti
1819 468 1921 498 audiri
1951 474 1981 498 et
2017 478 2106 499 com-

1131 510 1258 540 modius
1283 510 1407 540 institui
1434 510 1474 539 de
1498 515 1566 539 tota
1590 510 1739 539 doctrina
1761 515 1910 549 possunt.
1955 510 1995 539 Et
2018 511 2106 540 inde-

1132 562 1245 582 corum
1265 558 1316 581 est
1339 561 1490 591 prorsus,
1514 550 1740 590 inexploratos
1764 552 1923 582 accedere
1946 553 1987 582 ad
2011 551 2104 582 Com-

1133 595 1327 624 munionem.
1374 593 1440 623 Sed
1464 599 1571 623 tamen
1596 594 1682 623 scire
1705 599 1833 633 oportet
1843 617 1853 629 ⁷·
1884 594 2105 624 conscientias

1132 645 1198 665 non
1222 645 1298 665 esse
1322 636 1506 665 onerandas
1531 637 1773 665 enumeratione
1797 635 2008 672 delictorum,
2030 645 2105 675 pos-

1133 682 1208 707 sunt
1237 677 1324 707 enim
1352 678 1447 707 etiam
1478 678 1549 707 sine
1572 676 1634 707 hac
1658 683 1690 707 et
1710 675 1950 707 absolutionem
1973 683 2005 707 et
2029 687 2105 707 con-

1132 718 1203 749 silia
1225 724 1345 758 petere.

1221 761 1287 791 Sed
1322 761 1350 790 si
1384 761 1457 801 quis
1492 761 1698 800 obiiciet:35)
1733 760 1833 791 Iudex
1864 771 1928 791 non
1953 760 2105 799 absolvit,

1133 803 1195 833 nisi
1213 804 1304 843 prius
1325 810 1525 843 cognoscat:
1548 802 1601 833 hic
1626 802 1660 832 fit
1678 801 1860 833 absolutio:
1874 813 1955 843 ergo
1968 813 2106 833 necesse

1133 851 1183 875 est
1217 846 1312 875 etiam
1348 845 1417 874 fieri
1455 845 1674 885 cognitionem
1704 851 1802 885 atque
1833 845 2106 875 emnnerationem

1135 897 1314 917 crimmum.

1219 929 1272 959 Ad
1290 928 1355 958 1106
1378 929 1422 958 ita
1445 928 1709 967 respondendum
1732 935 1792 959 est.
1823 928 1953 968 Duplex
1976 935 2026 959 est
2049 940 2105 968 po-

1133 977 1237 1001 testas
1261 970 1445 1000 Pastorum.
1492 969 1608 1000 Altera
1635 977 1773 1000 vocatur
1794 971 2017 1007 ministerium,
2040 981 2105 1011 quo

1132 1013 1320 1053 impertiunt
1339 1012 1436 1042 nobis
1460 1011 1673 1052 Evangelium
1698 1019 1728 1042 et
1747 1012 1972 1049 Sacramenta,
1996 1019 2027 1042 et
2050 1023 2105 1042 an-

1133 1056 1281 1085 nuntiant
1303 1054 1529 1084 remissionem
1552 1060 1764 1093 peccatorum
1787 1053 1918 1093 publice
1946 1060 1978 1084 et
2000 1056 2105 1094 priva-

1132 1097 1199 1126 tim.
1244 1096 1334 1126 Haec
1357 1101 1504 1135 potestas
1528 1106 1594 1126 non
1617 1102 1669 1126 est
1692 1097 1877 1127 mandatum
1900 1106 2106 1137 cognoscen-

1133 1139 1176 1174 di,
1200 1148 1261 1168 nec
1286 1144 1337 1167 est
1360 1138 1529 1174 iudicium,
1553 1139 1613 1168 sed
1635 1144 1759 1168 tantum
1782 1138 1968 1168 mandatum
1990 1138 2105 1176 imper—

1132 1180 1232 1209 tiendi
1260 1179 1409 1209 beneficii
1434 1185 1532 1220 atque
1560 1178 1794 1217 absolutionis,
1828 1181 1937 1220 itaque
1967 1181 2106 1218 pertinet

1132 1221 1229 1251 etiam
1258 1222 1299 1251 ad
1333 1220 1464 1252 occulta
1496 1227 1650 1262 peccata,
1686 1228 1718 1252 et
1746 1231 1831 1262 quae
1858 1232 1920 1251 nos
1947 1221 2009 1261 ipsi
2040 1231 2105 1251 non

1130 1264 1353 1299 meminimus3
1383 1263 1493 1297 Quare
1522 1263 1605 1293 haec
1628 1264 1862 1294 administratio
1885 1273 1950 1293 non
1972 1263 2107 1303 requirit

1132 1305 1365 1346 cognitionem,
1387 1315 1455 1335 non
1478 1312 1528 1336 est
1551 1306 1635 1335 enim
1658 1307 1820 1336 iudicimn.

1218 1345 1332 1377 Altera
1353 1353 1504 1386 potestas
1524 1354 1664 1378 vocatur
1675 1348 1871 1384 luris-dictio,
1891 1356 1975 1387 quae
1993 1353 2042 1377 est
2062 1348 2107 1377 iu-

1132 1390 1251 1420 dicium
1281 1390 1444 1429 quoddam
1468 1395 1637 1420 externum
1660 1389 1844 1426 Ecclesiae,
1869 1390 1958 1430 quod
1981 1395 2104 1420 tantum

1131 1432 1174 1462 ad
1213 1430 1387 1461 manifesta
1421 1432 1555 1462 crimina
1587 1433 1745 1472 pertinet,
1779 1432 2043 1462 excommunicat
2075 1436 2107 1461 et

1132 1472 1286 1504 absolvit.
1331 1473 1394 1504 Hic
1416 1484 1482 1503 non
1504 1480 1614 1514 potest
1636 1473 1713 1505 ferri
1737 1475 1909 1511 sententia,
1932 1474 1995 1505 nisi
2018 1472 2107 1505 facta

1132 1516 1331 1556 cognitione.
1387 1515 1490 1545 Nemo
1526 1516 1610 1546 enim
1648 1526 1795 1550 nominatim
1811 1519 1854 1549 3⁶)
1889 1517 2106 1547 excommuni-

1132 1559 1257 1589 candus
1271 1563 1322 1588 est
1334 1567 1445 1588 coram
1457 1557 1610 1588 Ecclesia
1619 1581 1628 1594 ,
1639 1559 1702 1588 nisi
1714 1559 1837 1589 crimen
1850 1564 1961 1590 notum
1973 1560 2033 1594 sit;
2051 1570 2107 1590 ne-

1131 1611 1184 1630 1110
1198 1601 1294 1631 etiam
1307 1599 1531 1630 absolvendus
1545 1606 1606 1637 est,
1619 1601 1680 1631 nisi
1694 1611 1729 1631 re
1742 1602 1885 1642 cognita,
1898 1601 1961 1633 hoc
1975 1607 2036 1639 est,
2045 1603 2105 1632 nisi

1133 1648 1263 1672 constet
1283 1651 1355 1672 eum
1374 1652 1483 1672 mores
1498 1648 1644 1673 111utasse
1656 1644 1689 1673 in
1705 1642 1830 1673 melius.
1851 1642 1891 1673 Et
1903 1644 1966 1674 1106
1978 1654 2043 1674 11011
2056 1650 2106 1674 est

1132 1684 1283 1714 iudicium
1307 1684 1541 1721 conscientiae,
1563 1685 1623 1714 sed
1646 1691 1856 1716 externorum
1878 1698 2014 1718 morum.

1217 1725 1342 1765 Estque
1370 1725 1435 1756 hoc
1464 1727 1639 1756 discrimen
1668 1728 1834 1758 ministerii
1859 1735 1889 1758 et
1912 1731 2109 1760 iurisdictio-

1133 1767 1182 1797 nis
1219 1773 1373 1797 externae
1408 1767 1580 1809 diligenter
1613 1770 1865 1800 observandum.
1910 1772 1993 1802 Nam
2016 1773 2108 1802 mini.

1132 1809 1265 1839 sterium
1288 1808 1458 1850 Evangelii
1485 1811 1527 1840 ad
1555 1812 1787 1843 conscientiam
1816 1814 1965 1852 pertinet.
2010 1814 2106 1848 Quod

1132 1856 1240 1881 autem
1258 1851 1475 1891 Evangelium
1497 1851 1627 1892 publice
1651 1859 1683 1883 et
1704 1854 1853 1893 privatim
1878 1856 2026 1886 omnibus
2050 1866 2105 1895 ap-

1131 1891 1245 1932 plicari
1269 1894 1387 1932 possit,
1409 1899 1548 1925 testatur
1570 1894 1653 1925 haec
1676 1896 1745 1935 ipsa
1770 1898 1929 1927 sententia
1953 1897 2033 1935 [loh.
2051 1898 2104 1935 20,

1130 1935 1212 1973 ⁶234:
1246 1935 1392 1969 Quorum
1426 1937 1613 1967 remiseritis
1642 1944 1794 1977 peccata,
1828 1940 2028 1970 remittentur
2046 1941 2104 1970 eis.

1132 1977 1210 2007 Item
1235 1976 1366 2015 [Matth.
1393 1978 1442 2015 18,
1465 1979 1548 2016 ‘2142
1580 1980 1716 2014 Quoties
1740 1982 1891 2020 peccabit
1913 1982 1946 2012 in
1968 1992 2020 2013 1116
2041 1981 2107 2013 fra-

1132 2025 1192 2055 ter,
1217 2025 1247 2049 et
1270 2020 1429 2050 remittam
1449 2021 1500 2051 ei?
1544 2021 1705 2062 Loquitur
1729 2024 1813 2053 enim
1837 2024 1877 2054 de
1900 2026 2105 2064 remissione,

1132 2071 1229 2102 quam
1251 2060 1343 2092 Deus
1367 2064 1539 2102 approbat.
1576 2064 1685 2098 Quare
1702 2066 1830 2104 privata
1852 2065 2015 2097 absolutio
2038 2079 2105 2098 ma-

1131 2113 1228 2143 gnam
1252 2103 1509 2135 consolationem
1532 2105 1644 2137 affert:
1679 2106 1818 2147 applicat
1849 2109 1932 2138 enim
1956 2108 2105 2150 Evange-

1130 2145 1219 2182 lium,
1243 2151 1275 2175 et
1298 2151 1437 2176 testatur
1459 2148 1501 2177 ad
1524 2158 1585 2177 nos
1608 2149 1771 2188 pertinere
1794 2150 1986 2181 beneficium
1998 2151 2104 2182 Evan-

1131 2187 1218 2228 gelii.
1270 2187 1408 2222 Quidam
1441 2188 1678 2220 vociferantur:
1714 2191 1869 2221 Homines
1904 2203 1970 2222 non
2004 2204 2103 2233 posse

1132 2230 1294 2259 remittere
1311 2237 1458 2270 peccata.
1504 2232 1540 2261 Id
1561 2242 1675 2262 verum
1699 2239 1767 2270 est,
1789 2234 1852 2264 nisi
1875 2234 1919 2264 ita
1942 2242 2102 2275 quatenus

1129 2273 1203 2302 vice
1232 2271 1295 2301 Dei
1324 2274 1515 2303 annuntiant
1545 2275 1692 2305 verbum.
1736 2275 1797 2305 Est
1823 2282 1931 2306 autem
1953 2277 2102 2319 Evange-

1130 2312 1207 2343 lium
1230 2314 1415 2345 mandatum
1438 2316 1619 2346 remittendi
1642 2324 1780 2356 peccata
1798 2328 1871 2348 cum
1888 2318 2018 2357 publice
2035 2326 2101 2350 tum

1131 2356 1290 2394 privatim.
1336 2357 1420 2387 Nam
1449 2363 1481 2387 et
1511 2358 1542 2387 in
1566 2358 1789 2389 Sacramentis
1817 2360 1965 2391 homines
1999 2363 2101 2392 remit-

1131 2482 1176 2511 35)
1196 2481 1318 2511 obiicietz]
1337 2482 1408 2506 Editt.
1428 2483 1450 2504 7.
1471 2483 1492 2506 8,
1513 2484 1619 2506 11—14.
1639 2486 1664 2507 et
1682 2484 1760 2514 Opp.:
1779 2485 1879 2510 obiiciat

1131 2532 1176 2559 36)
1196 2531 1343 2556 nominatim
1363 2530 1475 2555 addunt
1492 2532 1564 2557 Editt.
1584 2534 1607 2556 8.
1629 2533 1733 2558 11—13.
1752 2539 1777 2559 et
1796 2535 1856 2565 opp.
