2358 2933
75 172 138 204 245
521 170 546 199 Ι.
569 167 670 199 LOCl
692 164 967 198 THEOLOGICI:
991 163 1028 196 C.
1054 164 1266 196 SECUNDA
1288 163 1445 196 EORUM
1468 164 1625 197 AETAS.
2013 170 2075 201 ‘246

225 263 318 292 Liber
340 264 408 301 ipse
432 261 592 300 epistolam
615 260 859 299 nuncupatoriam
883 259 1089 296 subsequens,
1113 258 1294 296 inscriptus:
1319 260 1396 289 Loci
1415 268 1596 290 communes
1618 260 1791 298 theologici.
1816 261 1844 288 in
1870 262 2008 291 omnibus
2029 263 2080 292 hu-

77 309 126 336 ius
157 308 266 336 aetatis
290 305 384 334 Editt.
423 304 535 333 orditur
559 314 576 332 a
598 304 751 342 prooemio
776 303 814 331 de
837 302 1021 330 necessitate
1041 304 1071 329 et
1094 300 1224 329 utilitate
1248 301 1392 334 methodi,
1417 301 1498 339 qnod
1521 302 1625 340 incipit
1654 312 1671 330 a
1693 303 1807 331 verbis:
1842 304 1933 335 Sicut
1952 307 1985 335 in
2008 307 2081 336 aliis

77 351 200 380 artibus
217 349 361 388 prodest,
387 351 418 376 et
441 347 540 376 finitur
562 347 680 375 verbis:
705 347 758 377 Sic
781 344 983 376 italic-andam
1006 347 1057 373 est
1076 343 1116 372 de
1139 347 1255 373 ceteris
1277 345 1431 383 articulis,
1455 353 1533 382 quos
1555 347 1718 384 scriptura
1736 348 1896 385 proponit.

226 407 304 436 Huic
327 407 480 445 prooemio
505 415 640 435 annexus
664 408 713 433 est
736 404 822 433 hicce
849 404 1018 441 Cataloqus
1039 404 1179 432 locorum
1191 413 1202 432 .-

119 470 168 499 De
190 468 267 498 Deo.
1201 462 1251 491 De
1273 463 1438 500 Baptismo
1462 463 1643 500 infantium.

124 511 213 549 Quod
233 512 278 540 sit
296 518 379 540 unus
402 509 497 539 Deus.
1202 504 1251 533 De
1277 503 1382 533 Coena
1406 504 1542 534 Domini.

123 553 214 591 Quod
233 554 301 582 sint
320 556 387 582 tres
408 559 568 590 personae
589 549 774 579 dirinitatis.
1200 547 1250 575 De
1271 546 1436 583 sacrificio.

120 598 169 627 De
193 597 362 624 creatione.
1202 588 1251 617 De
1272 589 1481 617 Poenitentia.

119 640 169 669 De
191 646 289 666 caasa
307 638 440 675 peccati.
1200 631 1250 660 De
1267 634 1399 668 peccato
1423 633 1456 659 in
1479 630 1633 669 Spiritum
1657 635 1810 662 sanctum.

119 682 169 711 De
191 680 328 708 hominis
350 678 469 707 viribus
491 686 529 707 ac
551 677 650 706 libero
673 676 814 706 arbitrio.
1200 673 1250 702 De
1272 674 1474 710 confessione
1491 677 1705 711 peccatorum.

120 723 169 753 De
185 724 319 759 peccato
342 724 374 750 et
394 720 435 749 de
452 721 568 757 poenis
586 721 720 757 peccati.
1200 715 1249 744 De
1271 716 1503 752 satisfactione.

118 765 169 795 De
190 765 266 800 lege,
1199 757 1249 786 De
1266 761 1425 795 potestate
1447 758 1681 796 Ecclesiastico,
1703 767 1760 788 seu
1782 758 1822 788 de
1844 759 1952 789 clavib.

118 808 169 837 De
191 806 377 834 discrimine
393 806 643 842 praeceptorum
666 806 700 832 et
719 803 935 832 consiliorum.
1199 800 1249 829 De
1271 800 1423 829 Ecclesia.

119 849 168 879 De
189 846 462 886 promissionibus.
1199 842 1249 871 De
1270 842 1494 872 traditionibus
1515 843 1670 872 hmnanis.

119 892 168 921 De
191 889 361 927 Eranyelio
384 892 418 918 et
437 888 597 925 beneficiis
623 886 750 917 Christi.
1200 885 1250 913 De
1272 885 1432 914 scandalo.

119 934 168 963 De
190 932 376 961 discrimine
397 932 478 968 quis
500 934 533 960 et
552 930 724 967 Eranqelii.
1206 927 1296 962 Quod
1315 927 1458 964 Regnum
1485 926 1605 957 Christi
1625 929 1669 957 sit
1688 929 1863 965 spirituale.

119 976 168 1005 De
192 974 429 1010 iustificatione.
452 973 492 1002 de
511 975 629 1010 qratia,
653 973 692 1001 de
715 972 885 1001 donatione
899 970 1001 1009 Spiri-
1199 970 1248 999 De
1270 972 1508 998 resurrectione
1530 972 1734 999 mortuoram.

190 1019 242 1045 tus
264 1018 376 1051 sancti,
400 1018 432 1044 et
453 1017 534 1044 citae
557 1018 719 1044 aeternae.
1199 1012 1249 1041 De
1271 1020 1366 1040 cruce
1388 1012 1565 1050 toleranda,
1588 1020 1646 1041 seu
1668 1012 1709 1041 de
1730 1012 1972 1051 adflictionibus.

119 1059 169 1088 De
188 1058 260 1094 fide.
1200 1054 1249 1083 De
1269 1056 1462 1091 precatione.

119 1101 168 1130 De
190 1099 280 1129 bonis
302 1098 460 1137 operibus,
483 1102 517 1128 et
535 1100 661 1128 meritis
683 1098 837 1127 bonorum
860 1105 1000 1135 operum.
1200 1096 1249 1125 De
1271 1096 1511 1133 illayistratibus
1544 1096 1687 1126 civilibus
1720 1100 1753 1126 et
1783 1097 1939 1135 diynitate
1971 1106 2082 1127 rerum

118 1143 168 1172 De
190 1142 377 1171 discrimine
397 1143 523 1179 peccati
544 1142 677 1170 venialis
699 1144 733 1170 et
751 1140 903 1170 mortalis.
1267 1139 1478 1176 politicarum.

118 1185 168 1214 De
185 1184 492 1222 praedestinatione,
1312 1180 1376 1217 [Ad
1395 1179 1453 1207 hos
1477 1180 1505 1208 in
1525 1180 1582 1208 fine
1607 1181 1739 1209 accessit
1758 1180 1846 1209 locus
1867 1181 1895 1209 iu
1915 1180 1974 1209 hoe
1993 1179 2081 1210 Cata-

118 1226 168 1256 De
189 1225 377 1255 discrimine
399 1227 515 1255 ceteris
538 1228 571 1255 ei
590 1227 663 1255 nori
687 1225 887 1255 Testamenti.
1311 1222 1381 1260 logo
1402 1223 1556 1251 omissus:

117 1269 168 1298 De
189 1270 306 1306 spiritu
329 1271 362 1297 et
380 1269 482 1297 litera.
1199 1265 1248 1295 De
1265 1267 1379 1303 politia
1400 1267 1635 1303 ecclesiastica]

118 1311 168 1340 De
189 1310 335 1339 libertate
360 1309 553 1340 Christiana.
1310 1307 1368 1336 I-lis
1392 1307 1469 1335 locis
1489 1308 1516 1336 in
1537 1307 1631 1336 Editt.
1654 1309 1766 1336 7—14.
1788 1311 1817 1336 et
1836 1308 1864 1335 in
1884 1307 1941 1336 hoc
1962 1305 2081 1336 Catalo-

118 1353 168 1382 De
189 1354 416 1390 sacramentis,
445 1356 478 1382 et
497 1352 538 1382 de
560 1360 693 1381 numero
714 1355 999 1381 sacramentorum.
1311 1360 1349 1388 go
1370 1354 1400 1379 et
1419 1351 1447 1378 in
1466 1351 1641 1379 tractatione
1660 1351 1688 1378 in
1708 1350 1764 1378 fine
1777 1350 1897 1379 additus
1910 1354 1959 1380 est
1971 1350 2080 1379 locus:

117 1394 167 1424 De
188 1395 362 1433 Baptismo.
1200 1394 1250 1424 De
1273 1393 1412 1432 Angelis.

230 1452 317 1481 Hunc
336 1450 515 1491 Catalognm
539 1453 674 1491 proxime
698 1453 836 1491 sequitur
861 1453 929 1491 ipsa
953 1452 1057 1481 horum
1083 1452 1217 1481 locorum
1237 1453 1442 1491 pertractatio,
1471 1462 1509 1481 ex
1527 1462 1603 1490 qua,
1623 1462 1720 1490 aeque
1739 1462 1775 1481 ac
1793 1461 1884 1490 supra
1906 1463 1935 1491 p.
1957 1455 1994 1482 73
2015 1463 2083 1491 sqq.

75 1494 214 1528 fecimus,
235 1494 388 1524 Strobelio
408 1496 494 1530 duce,
515 1495 634 1534 singula
652 1495 858 1524 Melanthonis
878 1496 957 1525 dicta
980 1506 1058 1524 nnnc
1075 1495 1245 1524 afferemus

230 1552 261 1581 In
282 1554 330 1582 his
348 1554 443 1583 Editt.
463 1555 640 1584 Melanthon
659 1559 721 1584 tres
741 1556 857 1593 priores
876 1555 972 1589 locos,
994 1565 1075 1593 quos
1095 1556 1123 1584 in
1143 1555 1257 1593 primae
1275 1555 1385 1583 aetatis
1405 1554 1497 1583 Editt.
1525 1553 1614 1592 plane
1633 1554 1749 1588 omisit,
1769 1555 1945 1592 praesertim
1964 1553 2033 1582 Filii
2053 1558 2085 1584 et

76 1596 209 1634 Spiritus
229 1596 261 1625 S.
287 1597 473 1625 divinitatem
499 1599 655 1635 copiosius
675 1599 811 1626 tractavit
831 1599 965 1636 inprimis
985 1601 1017 1626 ut
1036 1597 1189 1626 Serveti
1211 1607 1326 1626 errores
1340 1599 1372 1633 ἦ)
1398 1597 1550 1625 refutaret.
1597 1594 1700 1625 Causa
1719 1597 1757 1625 de
1776 1597 1931 1626 divinitate
1950 1596 2018 1625 Filii
2038 1597 2084 1625 fir-

73 1640 211 1667 missima
231 1642 279 1667 est
297 1638 546 1676 Melanthoni.**)
592 1638 654 1667 Cur
673 1638 816 1669 Christus
836 1641 922 1678 λόγος
941 1641 1118 1673 nominetur.
1140 1641 1179 1669 ita
1199 1639 1348 1678 explicat:
1371 1638 1421 1667 --In
1441 1638 1684 1668 Colossensibus
1703 1643 1827 1668 vocatur
1839 1638 1984 1669 εἰκώντοῦ
2002 1640 2084 1669 θεοῦ.

75 1681 155 1710 Hinc
180 1682 259 1710 sumi
283 1685 386 1719 potest
405 1682 624 1720 interpretatio,
652 1692 743 1720 quare
763 1682 841 1711 filius
861 1687 985 1711 vocetur
1003 1683 1136 1710 verbnm.
1182 1682 1273 1711 Pater
1292 1681 1465 1720 intelligens
1489 1692 1561 1710 sese
1580 1683 1675 1720 gignit
1694 1683 1905 1719 cogitationem
1926 1682 2083 1719 quandam,

76 1733 154 1762 quae
178 1728 226 1752 est
250 1725 347 1762 ipsius
368 1724 473 1761 imago.
521 1723 608 1753 Sicut
628 1728 657 1753 et
677 1728 798 1753 nostrae
818 1726 1018 1763 cogitationes
1037 1729 1108 1753 sunt
1127 1735 1224 1753 rerum
1244 1725 1407 1762 iniagineS‚
1434 1724 1491 1752 sed
1511 1735 1565 1752 nos
1585 1735 1643 1753 non
1662 1724 1899 1753 transfundimus
1919 1725 2085 1753 essentiam

76 1767 104 1794 in
124 1767 271 1804 imagines
293 1766 369 1795 illas.
416 1765 507 1795 Pater
526 1770 626 1795 autem
646 1766 733 1795 Deus
752 1767 932 1796 transfundit
952 1768 1117 1796 essentiam
1137 1778 1223 1795 suam
1243 1768 1271 1795 in
1292 1766 1372 1795 illam
1392 1767 1560 1804 imaginem.
1606 1766 1691 1795 Haec
1710 1767 1851 1805 cogitatio
1872 1771 1920 1796 est
1938 1768 2035 1805 imago
2054 1770 2085 1795 et

77 1808 261 1847 ἀπαύγασμα
280 1809 384 1847 patris,
406 1812 436 1837 et
454 1813 577 1838 vocatur
596 1809 728 1838 verbum.
774 1809 846 1838 Ideo
866 1810 957 1838 filium
977 1809 1127 1838 lohannes
1147 1811 1280 1838 nominat
1300 1810 1456 1847 ).6yov.÷²³”'³'“)

225 1868 339 1897 Harum
362 1867 456 1898 Editt.
487 1869 613 1897 mutatio
643 1869 764 1897 maximi
791 1870 934 1898 momenti
966 1873 1015 1898 est
1040 1870 1164 1897 omissio
1189 1869 1254 1897 duri
1279 1868 1360 1897 dicti.
1386 1871 1492 1899 onmia
1514 1872 1698 1899 necessario
1721 1871 1858 1901 etenire,
1883 1877 1960 1906 quae
1984 1877 2021 1896 ex
2044 1868 2084 1896 in-

76 1911 240 1949 scriptione
273 1911 333 1939 loci
367 1912 478 1949 quinti:
524 1913 573 1942 De
606 1921 703 1942 causa
732 1915 859 1950 peccati
880 1917 913 1942 et
932 1913 972 1942 de
1002 1915 1279 1950 contingentia
1304 1911 1487 1949 intelligitur.
1533 1910 1564 1938 ln
1588 1911 1678 1939 huius
1701 1910 1759 1939 loci
1783 1911 1958 1939 tractatione
1981 1910 2084 1939 scribit

75 1957 194 1992 praeter
217 1953 275 1982 alia
299 1953 427 1982 haecce:
454 1951 649 1983 „constituta
670 1957 771 1982 autem
794 1954 850 1982 hac
875 1955 1036 1988 sententia,
1063 1954 1143 1992 quod
1166 1954 1254 1982 Deus
1278 1964 1335 1982 nou
1360 1955 1400 1982 sit
1423 1963 1515 1982 causa
1537 1954 1670 1992 peccati,
1701 1953 1790 1991 plane
1814 1953 1951 1991 sequitur
1973 1953 2083 1982 contin-

180 2099 204 2127 ’]
231 2099 334 2123 llichael
354 2100 514 2124 Servetns
534 2099 633 2128 scripsit
649 2099 727 2123 hosce
745 2099 839 2123 libros:
861 2099 881 2123 1.
901 2099 935 2123 De
955 2099 1074 2123 trinitatis
1093 2099 1223 2123 erroribus
1242 2098 1297 2123 libr.
1314 2098 1360 2122 vn.
1378 2104 1424 2128 per
1441 2098 1589 2122 Michaelem
1603 2099 1716 2124 Sei-veto.
1731 2098 1794 2122 alias
1805 2098 1887 2122 Renes
1901 2097 1932 2121 ab
1942 2097 2083 2126 Arragonia

231 2134 368 2162 Hispanum
388 2135 458 2157 *anno
481 2133 551 2157 1531.
606 2134 628 2157 2.
647 2133 809 2162 Dialogorum
830 2133 860 2157 de
881 2133 990 2157 trinitate
1010 2133 1066 2157 libr.
1084 2134 1127 2158 ΙΙ.;
1148 2133 1178 2157 de
1199 2133 1293 2157 institia
1312 2133 1385 2161 regni
1404 2133 1502 2156 Christi.
1521 2132 1636 2162 Capitnla
1656 2132 1692 2156 lv.
1729 2132 1780 2155 Per
1798 2131 1946 2155 Michaelem
1967 2132 2080 2159 Serveto.

230 2167 294 2191 alias
313 2167 395 2191 Renes
415 2167 446 2191 ab
465 2167 603 2196 Arragonia
621 2167 768 2196 Hispanum.
788 2168 857 2191 Anno
879 2168 950 2192 1532.
970 2168 991 2191 3.
1011 2167 1194 2192 Christianismi
1212 2167 1346 2191 restitutio.
1369 2167 1440 2191 1553.
1460 2167 1490 2193 8..
1504 2172 1594 2190 recusa
1614 2166 1723 2191 Norimb.
1744 2166 1818 2189 1791.
1840 2165 1909 2195 (vide
1923 2166 1973 2190 Ioh.
1990 2165 2081 2195 Clu-ph.

231 2201 373 2226 Dederlein.
403 2198 523 2224 Christi.
549 2199 873 2233 Reliqionsunterricht
900 2202 924 2226 P.
951 2202 987 2225 Vl.
1015 2208 1037 2231 p.
1069 2203 1114 2226 211
1145 2208 1212 2231 sqq.;
1249 2201 1323 2225 Henr.
1350 2201 1381 2224 ab
1410 2201 1570 2225 Allwoerden
1597 2198 1734 2223 Historia
1766 2197 1929 2222 Michaelis
1957 2197 2081 2224 Servetz'.

231 2235 381 2260 Helmstadii
402 2235 473 2259 1727.
492 2235 531 2262 4.:
550 2235 598 2259 loh.
618 2235 674 2260 Lor.
691 2241 739 2259 von
758 2236 878 2260 §losreim
898 2235 1099 2264 Anderweitiger
1115 2235 1227 2259 Yersurli
1256 2236 1327 2259 einer
1345 2235 1479 2259 vollstand.
1499 2241 1522 2259 u.
1541 2234 1658 2264 nnparth.
1677 2233 1926 2262 Ketzergeschichte.
1979 2233 2083 2257 Helmst.

234 2270 309 2294 1748.
329 2270 368 2299 4.)
388 2282 420 2285 ——
449 2268 519 2293 Conf-
539 2269 704 2294 Melanthonis
724 2270 755 2294 de
775 2271 879 2294 Serveto
898 2270 988 2294 indicia
1008 2270 1032 2294 in
1051 2270 1125 2300 Epist.
1145 2270 1177 2294 ad
1197 2269 1370 2294 camerarium
1390 2270 1413 2293 9.
1431 2269 1503 2294 Febr.
1526 2269 1600 2293 1533.
1621 2268 1680 2292 data
1699 2268 1784 2297 (Corp.
1806 2267 1860 2291 Ref.
1881 2267 1906 2292 11.
1925 2273 1948 2297 p.
1967 2267 2037 2297 630.)
2058 2268 2083 2290 et

230 2304 256 2328 in
274 2304 349 2333 Epist.
368 2303 400 2327 ad
420 2303 549 2327 Brentium
568 2309 602 2328 ni.
621 2303 665 2327 Iul.
685 2304 766 2328 einsd.
785 2305 845 2329 anni
865 2305 957 2334 scripta
978 2304 1063 2334 (Corp.
1082 2304 1099 2326 l.
1120 2304 1135 2328 l.
1155 2310 1177 2334 p.
1198 2305 1247 2328 660
1266 2304 1323 2333 sq.)

163 2353 205 2384 *ἣ
232 2354 301 2378 Conf.
320 2354 375 2378 eins
394 2354 466 2384 epist.
487 2353 520 2378 ad
540 2354 666 2378 Camerar.
685 2355 724 2379 26.
743 2355 788 2379 lul.
811 2356 883 2379 1529.
904 2355 963 2379 data
983 2355 1068 2385 (Corp.
1086 2355 1102 2379 Ι.
1122 2361 1145 2384 ρ.
1169 2354 1264 2385 1084.)

148 2405 202 2428 *²²1
230 2404 301 2429 conf.
322 2406 397 2429 etiam
418 2406 472 2429 eius
491 2405 619 2429 enarratio
639 2405 727 2434 capitis
746 2406 762 2429 l.
781 2406 910 2435 Evangelii
927 2406 1026 2430 Ioannis
1047 2406 1071 2430 in
1089 2406 1164 2430 huius
1185 2406 1254 2435 Corp.
1274 2405 1326 2429 Vol.
1347 2406 1394 2429 XV.
1410 2411 1432 2434 p.
1452 2406 1466 2429 9
1486 2410 1539 2434 sqq.
1561 2417 1593 2419 —
1611 2403 1682 2427 lllam
1702 2403 1856 2427 sententiam
1875 2406 1965 2432 postea
1984 2402 2082 2427 Flacins

232 2441 339 2469 eiusque
359 2443 499 2463 sectatores
519 2440 673 2463 haereticam
693 2439 843 2469 indicarunt,
861 2440 892 2464 de
912 2446 960 2470 qua
980 2440 1152 2464 controversia
1172 2440 1290 2469 legantur
1307 2440 1400 2463 haecce
1420 2439 1528 2468 scripta:
1558 2438 1578 2461 1.
1597 2437 1707 2467 Epistola
1726 2444 1741 2461 a
1760 2438 1881 2461 wernero
1900 2437 2003 2461 Pastore
2023 2437 2083 2461 Bar-

233 2473 314 2497 lJiensi
333 2474 425 2503 scripta
445 2480 476 2497 ex
494 2473 616 2497 mandato
634 2473 709 2497 Flacii
726 2473 816 2502 Illyrici
834 2476 859 2498 et
877 2475 1034 2504 praescripta
1053 2474 1084 2498 ab
1104 2480 1134 2498 eo
1153 2474 1262 2497 formula
1290 2473 1322 2497 ad
1341 2474 1365 2497 P.
1384 2473 1532 2497 llelanchth.
1554 2472 1578 2495 in
1605 2477 1654 2501 qua
1686 2471 1744 2501 quid
1770 2471 1863 2495 sentiat
1893 2470 1990 2495 Flacius
2021 2469 2082 2502 περὶ

232 2505 321 2536 λόϊου.
340 2508 480 2537 exponitur.
518 2508 656 2537 Responsio
676 2507 824 2532 llelanchth.
844 2508 876 2532 ad
895 2508 969 2533 istam
989 2508 1132 2538 epistolam.
1161 2509 1230 2532 Anno
1252 2508 1322 2531 1558.
1341 2508 1364 2531 4.
1395 2509 1416 2531 2.
1436 2508 1468 2531 Io⁴
1490 2505 1605 2535 Wigandi
1625 2505 1655 2529 dc
1675 2506 1840 2535 generatione
1860 2504 1901 2528 filii
1920 2505 1971 2530 Dei.
1991 2511 2023 2528 an
2042 2510 2082 2528 co-

233 2541 337 2569 gitando
356 2542 511 2570 generetur?
546 2542 659 2566 rationes
679 2547 723 2570 pro
743 2544 767 2565 et
787 2544 873 2565 contra
893 2543 985 2566 allatae
1006 2544 1030 2566 et
1050 2542 1180 2566 collectae.
1199 2548 1256 2566 cnm
1275 2541 1355 2571 praef.
1377 2541 1447 2565 Conr.
1467 2540 1691 2568 Schliisselbnrgii.
1709 2539 1822 2564 Francof.
1841 2538 1880 2563 ad.
1898 2539 1929 2563 M.
1952 2540 2025 2563 1590.
2056 2539 2079 2562 8.

233 2576 256 2599 3.
276 2576 361 2599 lohan.
383 2576 457 2599 Hem.
478 2575 636 2600 Baltliasaris
657 2576 823 2604 Programma
843 2577 1041 2601 controversiam
1056 2576 1086 2599 de
1106 2576 1254 2606 quaestione
1274 2581 1320 2605 per
1329 2575 1433 2604 Philippi
1452 2575 1520 2599 locos
1541 2574 1616 2598 theol.
1634 2573 1796 2598 resuscitata.
1815 2579 1847 2597 an
1866 2572 1933 2597 filius
1952 2573 1996 2597 Dei
2015 2573 2081 2601 cogi—

234 2609 328 2633 tatione
349 2610 429 2634 Patris
448 2610 479 2634 sit
499 2610 608 2639 genitus.
627 2609 734 2639 ideoque
752 2610 859 2634 verbum
878 2610 922 2634 Dei
941 2610 1054 2635 tlicatur‘.e
1073 2610 1211 2640 explicans.
1225 2610 1361 2639 Gryphisw.
1383 2610 1454 2633 1744.
1472 2609 1494 2632 4.

1830 2656 1874 2681 16⁸
