2358 2933
263 117 326 150 895

894 116 1001 147 PHlL.
1026 116 1126 148 MEL.
1151 115 1335 149 SCRIPTA
1356 117 1629 150 DOGMA'l'lCA.

267 209 431 240 hominum
454 210 492 238 iis
517 209 649 244 ritibus.
672 209 725 248 qui
749 208 881 239 assidue
904 216 978 239 sunt
1002 210 1033 239 in
1057 216 1238 250 conspectu
1257 215 1261 223 ’

269 258 299 281 et
322 252 490 281 incurrunt
509 250 540 280 in
564 249 690 286 oculos,
726 250 910 281 confirmati
940 261 1005 282 non
1029 250 1135 282 solum
1158 252 1238 282 anti-

269 293 399 333 quitate,
434 293 492 322 sed
527 302 587 322 usu
616 293 711 322 etiam
736 291 846 322 talium
869 293 1135 333 gubernatorum,
1159 304 1238 334 quo-

269 345 338 365 rum
372 335 523 373 pietatem
556 341 585 364 et
617 334 797 364 doctrinam
831 341 919 365 certa
943 336 1127 366 testimonia
1151 346 1237 366 com-

269 377 455 415 probarunt.
502 375 610 410 Quare
641 383 670 406 et
701 383 776 406 tunc
811 375 931 416 profuit
960 387 1032 407 mos
1055 378 1097 408 ad
1121 376 1237 407 confir-

268 418 440 448 mationem
464 427 561 448 verae
585 418 766 448 sententiae
781 417 880 455 Petri,
904 425 933 449 et
959 420 1052 450 nobis
1076 420 1237 459 prodesse

269 459 362 489 liuius
387 461 533 499 perpetui
558 460 655 489 moris
680 461 834 499 cogitatio
850 467 968 500 potest.
1014 461 1141 491 Deinde
1165 472 1238 491 cum

269 500 357 531 clare
369 501 450 531 dicat
467 500 619 532 Christus
630 501 756 539 [Matth.
770 502 819 539 ls,
832 502 1061 543 lalQuit-qmd
1073 502 1238 534 solveritis

269 543 299 573 in
320 550 417 579 terra,
437 544 495 573 erit
515 542 658 574 solutum
676 544 707 573 in
720 543 827 581 coelo,
847 552 935 575 certe
947 546 1133 576 mandatnm
1146 546 1239 576 datur

269 583 472 615 absolvendi.
512 585 583 615 Etsi
605 592 713 616 autem
725 585 889 617 absolutio
901 596 960 618 seu
973 588 1117 627 receptio
1130 587 1240 628 lapso—

269 637 336 657 rum
361 628 509 667 etiam77)
536 627 603 658 fieri
628 626 828 669 intelligitur,
852 639 924 658 cum
948 630 1159 660 admittuntur
1171 640 1239 659 rur-

270 679 327 699 sus
350 669 391 699 ad
415 670 565 710 synaxin,
589 677 695 700 tamen
720 670 802 701 haec
826 680 984 710 expressa
997 670 1160 702 absolutio
1174 681 1238 701 non

268 709 429 742 abolenda
453 718 513 742 est.

354 754 450 794 Apud
484 752 642 783 Ethnicos
675 764 811 794 prorsus
847 753 903 784 fuit
938 756 1058 785 amissa
1091 756 1239 785 doctrina

270 798 310 827 de
333 796 525 827 remissione
547 802 757 835 peecatorum
768 803 903 835 propter
914 796 1128 828 Mediatorem
1141 796 1239 827 tilium

270 838 341 869 Dei.
368 838 423 867 sed
448 838 595 867 doctrina
615 837 712 877 Legis
738 845 900 878 utcumque
924 846 1047 869 retenta
1071 845 1131 869 est.
1176 839 1239 869 Na-

270 889 340 912 tura
370 881 452 909 enim
487 878 649 910 hominum
684 879 779 910 facile
825 879 1028 911 obliviscitur
1058 880 1239 922 Evangelii,

271 933 342 953 cum
365 923 406 952 sit
431 922 578 952 doctrina
602 931 666 951 non
691 929 765 952 nata
788 923 818 951 in
844 922 984 952 humana
1008 930 1132 960 mente,
1155 925 1237 953 sit-ut

270 972 300 994 et
331 963 483 994 Monaclii
519 970 753 1004 oppresserunt
779 963 949 1005 Evangelii
973 964 1078 995 lucem
1102 965 1142 996 de
1166 976 1239 1006 gra-

271 1007 350 1037 tuita
384 1006 587 1042 remissione,
621 1006 771 1036 confictis
806 1005 926 1036 deliriis
951 1007 991 1037 de
1015 1006 1239 1038 satisfactione

271 1055 301 1078 et
335 1047 419 1078 aliis.
466 1048 532 1078 lam
559 1049 656 1088 igitur
679 1049 707 1077 si
730 1058 801 1078 mos
824 1047 1018 1080 absolvendi
1041 1048 1239 1086 aboleretur,

271 1100 384 1121 rursus
419 1096 593 1121 secutm·ae
622 1097 733 1120 essent
757 1091 912 1121 tenebrae
935 1097 966 1121 et
989 1092 1162 1122 obsctuior
1185 1091 1240 1122 fie-

270 1139 318 1163 ret
352 1132 500 1163 doctrina
523 1132 564 1162 de
586 1132 778 1173 recipiendis
804 1131 916 1172 lapsis.
961 1133 1071 1168 Quare
1090 1133 1167 1164 utile
1192 1139 1241 1164 est

271 1175 408 1205 retinere
419 1176 461 1207 ⁷⁵)
494 1184 627 1211 morem,
662 1185 734 1204 cum
769 1175 896 1214 quidem
921 1185 1051 1216 semper
1072 1176 1104 1206 in
1126 1174 1240 1206 Eccle-

271 1218 318 1246 sia
352 1215 458 1247 fuerit.
503 1217 680 1257 Sciantque
708 1217 751 1257 pii
786 1218 817 1246 in
852 1216 915 1247 hoc
948 1228 1039 1248 more
1072 1218 1239 1248 retinendo

271 1260 355 1289 se⁷⁹i
379 1268 444 1289 non
472 1257 576 1289 solum
601 1268 681 1290 suae
704 1260 904 1291 necessitati.
928 1261 985 1290 sed
1011 1261 1110 1290 etiam
1130 1267 1240 1300 poste—

269 1308 354 1331 ritati
378 1310 510 1331 servire.

356 1342 448 1373 Hanc
481 1349 544 1373 tam
568 1344 652 1382 piam
677 1350 707 1373 et
732 1342 841 1374 utilem
866 1354 1015 1374 caussam
1040 1354 1138 1384 spero
1163 1343 1240 1374 vali-

270 1392 373 1414 turam
403 1385 490 1425 apud
512 1384 650 1421 multos,
679 1392 711 1415 ut
735 1395 858 1415 morem
882 1387 1039 1425 petendae
1063 1386 1241 1417 absolutio-

270 1427 319 1456 nis
354 1432 387 1457 et
420 1427 524 1467 magis
548 1435 655 1457 ament
680 1435 710 1457 et
736 1426 887 1458 libentius
913 1429 1052 1458 retinere
1076 1429 1238 1459 studeant.

271 1467 352 1499 Cum
375 1469 507 1499 accedis
531 1469 571 1498 ad
594 1470 766 1509 petendam
789 1468 1039 1506 absolutionem,
1075 1469 1157 1501 haec
1180 1471 1240 1500 tria

270 1511 413 1552 cogites:
433 1519 465 1542 ut
489 1521 618 1551 semper
641 1510 699 1541 fuit
724 1512 754 1541 in
779 1510 928 1542 Ecclesia
952 1510 1118 1542 confessio
1142 1522 1240 1553 gene-

272 1554 362 1592 ralis,
383 1564 447 1595 qua
470 1554 513 1593 pii
534 1554 800 1587 ostenderuntw)
825 1563 861 1583 se
883 1563 1069 1594 agnoscere
1091 1564 1171 1585 suos
1195 1553 1240 1584 la-

272 1607 353 1637 psus
377 1603 408 1627 et
427 1606 464 1626 se
488 1605 564 1626 reos
588 1605 663 1626 esse
686 1597 754 1626 irae
776 1594 838 1625 Dei
861 1594 1004 1636 professi
1028 1603 1114 1633 sunt,
1138 1596 1183 1627 lta
1207 1603 1241 1626 tu

272 1649 402 1680 quoque
426 1637 578 1677 deplores
602 1644 688 1668 tuam
712 1636 851 1678 culpam,
875 1644 906 1668 te
930 1648 1060 1679 quoquc
1082 1648 1172 1670 reum
1191 1648 1241 1668 es-

272 1691 308 1711 se
320 1679 465 1717 fatearis,
478 1686 512 1710 ut
525 1679 645 1711 Daniel
657 1681 758 1720 inquit
777 1679 820 1716 19,
835 1680 852 1710 7
866 1682 946 1720 sq.]:
962 1680 1066 1711 Nobis
1080 1679 1240 1711 confusio.

269 1722 397 1754 Deinde
420 1732 533 1753 vocem
556 1721 737 1763 Evangelii,
766 1732 830 1762 qua
853 1723 1062 1753 annuntiatur
1094 1723 1242 1753 remissio

272 1772 491 1805 peccatorum,
521 1765 576 1795 tibi
610 1764 766 1804 applicari
801 1771 904 1804 petas.
949 1764 990 1795 Et
1020 1764 1082 1795 hae
1105 1774 1188 1796 voce
1211 1771 1242 1795 te

272 1809 377 1847 ipsum
401 1805 584 1837 consoleris
609 1814 638 1836 et
662 1808 703 1837 ad
728 1806 823 1837 tidem
847 1807 983 1837 excites.
1014 1806 1133 1844 Tertio,
1147 1807 1242 1838 Hunc

272 1859 394 1879 morem
419 1849 543 1890 cogites
568 1849 769 1880 retinendum
793 1858 877 1885 esse,
901 1856 935 1879 ut
958 1850 1054 1879 etiam
1065 1851 1242 1889 posteritas

272 1893 353 1922 sciat
366 1890 490 1931 lapsos,
514 1902 587 1921 cum
617 1901 653 1921 se
678 1891 862 1928 emendant,
888 1901 907 1921 a
930 1890 1003 1922 Deo
1029 1892 1127 1932 recipi
1148 1898 1178 1922 et
1200 1893 1241 1923 ab

275 1932 423 1964 Ecclesia
447 1933 651 1972 recipiendos
675 1943 760 1963 esse.

358 1974 446 2006 Utile
468 1981 517 2006 est
539 1981 645 2005 autem
668 1975 817 2006 rudiores
840 1976 881 2005 ad
899 1974 1039 2015 aliquam
1057 1976 1244 2016 generalem

275 2018 549 2049 enumerationem
582 2018 670 2048 iuxta
704 2017 850 2047 ordinem
881 2016 1042 2058 Decalogi
1066 2019 1242 2050 institutam

274 2059 492 2092 assuefacere.
548 2059 640 2090 Haec
674 2058 842 2099 diligentia
875 2061 1009 2099 prodest
1042 2070 1107 2091 non
1136 2060 1242 2092 solum

274 2113 325 2140 ec,
349 2103 437 2143 quod
461 2109 614 2142 tanquam
633 2101 819 2132 catechesis
844 2100 1092 2133 commonefacit
1106 2104 1243 2134 recitan-

274 2154 335 2182 tes,
370 2146 422 2186 qui
456 2145 561 2175 morbi
594 2150 626 2174 et
655 2144 709 2184 qui
731 2142 846 2184 lapsus
868 2144 931 2174 sint
954 2150 1101 2184 peccata,
1136 2152 1167 2176 et.
1190 2147 1244 2186 qui

276 2189 339 2218 sint
368 2187 488 2227 gradus
517 2192 745 2227 peccatorum,
774 2191 805 2216 et
828 2186 904 2226 quid
926 2187 1054 2217 intersit
1076 2188 1161 2218 inter
1182 2188 1244 2218 Fo-

275 2240 373 2261 rense
406 2230 556 2260 iudicium
591 2235 623 2259 et
656 2228 807 2259 iudicium
829 2227 999 2270 Evangelii
1022 2229 1062 2260 de
1084 2231 1241 2270 peccatis,

278 2350 322 2379 ττ)
342 2349 417 2373 etiam
437 2349 569 2373 omittunt
585 2348 655 2372 Editt.
678 2349 698 2370 1.
718 2350 740 2373 3,

278 2400 322 2427 τε)
341 2398 460 2429 retinere]
481 2398 551 2423 Editt.
573 2399 658 2422 1-17,
680 2399 716 2422 19.
736 2399 774 2423 21.
789 2399 828 2421 23.
849 2400 889 2423 26.
909 2399 948 2421 27.
969 2398 1085 2424 retineri:
1113 2398 1184 2422 Edit«.
1204 2398 1242 2419 ¹2⁴,
1262 2400 1263 2406 ¹

346 2433 460 2461 28—3⁴.,
479 2432 551 2462 (οη).
572 2432 654 2460 2-8,,
674 2433 732 2462 Ορρ.
756 2434 776 2455 1.
796 2433 818 2454 2.
838 2434 863 2457 et
881 2432 990 2457 retinere

279 2484 322 2512 79)
343 2489 370 2507 se
390 2483 522 2508 omittunt
539 2482 610 2507 Editt.
633 2483 651 2505 1,
672 2484 693 2506 23.

277 2534 321 2562 80)
341 2533 516 2562 ostenderunt]
537 2533 607 2557 Editt.
629 2533 716 2555 1--16⁴
741 2534 778 2556 19.
793 2533 928 2559 ostendunt

1262 2446 1263 2449 ’
1286 2447 1389 2468 meam
1423 2436 1652 2478 negligentiam
1687 2438 1717 2467 in
1745 2437 1808 2467 hac
1830 2446 1876 2467 re.

2189 121 2250 154 896

1281 210 1340 241 sed
1363 210 1459 241 etiam
1482 211 1557 251 quia
1580 212 1667 252 cogit
1696 211 1844 242 homines
1867 221 1904 243 se
1923 213 2015 252 ipsos
2041 214 2250 245 considerare

1281 258 1313 283 et.
1341 261 1527 293 agnoscere
1556 262 1635 283 suos
1670 253 1805 284 morbos
1839 260 1871 284 et
1902 252 2036 294 lapsus,
2069 254 2110 285 de
2132 256 2250 295 quibus

1280 292 1370 324 multi
1403 300 1551 334 petentes
1581 293 1819 326 absolutionem
1858 305 1899 326 ne
1933 297 2079 336 cogitant.
2111 298 2249 337 quidem.

1281 336 1452 370 Quomodo
1475 343 1582 368 autem
1604 343 1712 376 potest
1734 338 1874 368 existere
1898 339 2048 369 contritio
2078 345 2134 369 aut
2156 337 2250 370 dolor

1280 377 1397 418 aliquis
1431 379 1501 409 sine
1532 379 1691 409 mediocri
1726 380 1922 420 cogitatione
1945 380 1985 410 de
2007 381 2129 411 nostris
2153 379 2250 420 lapsi-

1282 420 1361 483 busQ,
1397 421 1437 451 de
1461 421 1507 451 ira
1531 420 1611 457 Dei,
1639 421 1678 450 de
1701 422 1815 460 poenis
1840 422 2068 461 praesentibus
2091 428 2123 452 et
2145 429 2250 453 aeter-

1283 471 1350 492 mS.

1367 503 1543 535 Praeterea
1575 514 1693 545 magna
1727 515 1803 545 pars
1838 504 1948 546 populi
1971 511 2107 545 peccata
2130 512 2251 536 tantum

1282 544 1433 587 intelligit
1455 545 1510 576 illa
1532 548 1657 578 atrocia
1679 546 1797 578 delicta
1819 556 1906 584 esse,
1930 557 2013 587 quae
2025 546 2165 587 publicis
2177 557 2252 587 sup-

1283 586 1389 626 pliciis
1413 589 1599 627 puniuntur,
1623 590 1663 619 de
1687 588 1771 619 falsa
1790 590 2009 626 invocatione,
2030 589 2070 619 de
2082 589 2167 620 vitiis
2182 599 2252 619 cor-

1283 630 1334 660 dis
1368 628 1446 660 nihil
1479 635 1608 660 norunt.
1654 629 1902 662 Assuesaciendi
1935 637 2011 662 sunt
2035 631 2129 671 igitur
2151 630 2252 661 homi-

1283 681 1342 701 nes
1364 672 1406 702 ad
1428 670 1649 713 Decalogusn,
1684 674 1754 713 qui,
1778 674 1836 703 etsi
1858 672 1940 704 alias
1962 682 2062 713 saepe
2085 671 2252 704 declaran-

1284 714 1344 743 dus
1368 719 1398 744 et
1420 712 1634 744 illustrandus
1659 722 1709 745 est
1731 725 1751 745 a
1775 716 1983 752 docentibus,
2006 721 2114 745 tamen
2136 712 2251 745 melius
2278 744 2280 746 ,

1286 754 1486 796 intelligetur
1508 766 1528 785 a
1555 755 1696 796 populo,
1722 766 1794 787 cum
1817 758 1956 797 quisque
1973 766 2067 788 suam
2089 757 2189 787 vitam
2210 756 2251 786 ad

1284 796 1359 827 illud
1394 796 1564 837 speculum
1599 798 1723 828 confert
1747 806 1778 829 et
1801 799 2025 830 animadvertit
2049 799 2181 838 propria
2203 807 2253 828 er>

1285 846 1364 870 rata.
1412 839 1454 869 Ut

1541 965 1597 997 De
1619 967 1745 1006 primo
1769 973 2000 1007 praecepto.

1369 1048 1532 1080 Deberem
1567 1051 1713 1090 equidem
1747 1057 1838 1081 recte
1872 1051 2018 1092 cogitare
2048 1051 2088 1080 de
2116 1049 2188 1081 Deo
2222 1057 2252 1081 et

1284 1090 1375 1121 firma
1398 1091 1462 1121 fide
1480 1098 1642 1129 statuere,
1675 1091 1761 1123 hunc
1784 1103 1881 1123 unum
1904 1102 1981 1123 esse
2002 1091 2108 1123 Deum
2127 1098 2252 1124 creato-

1285 1143 1352 1163 rem
1388 1133 1529 1164 omnium
1564 1144 1671 1165 rerum
1705 1140 1737 1165 et
1770 1133 1913 1165 futurum
1948 1135 2084 1165 iudicem
2114 1135 2254 1165 omnium

1284 1175 1459 1212 hominum,
1478 1176 1533 1216 qui
1556 1186 1592 1207 se
1615 1175 1769 1216 patefecit
1792 1177 1867 1207 dato
1891 1178 1992 1207 verbo
2015 1185 2076 1207 suo
2099 1182 2130 1206 et
2150 1177 2254 1206 misso

1284 1216 1374 1247 filio.
1421 1216 1586 1248 Deberem
1609 1228 1688 1249 vero
1711 1219 1825 1249 timore
1848 1219 1876 1248 ei
1900 1219 2034 1249 obedire
2057 1224 2088 1248 et
2111 1224 2254 1248 metuere

1283 1260 1363 1289 iram
1388 1260 1456 1289 eius
1480 1266 1512 1289 et
1535 1260 1698 1297 iudicium,
1720 1270 1799 1291 vera
1823 1260 1886 1290 fide
1910 1271 1982 1291 eum
2006 1261 2159 1290 invocare
2181 1269 2254 1300 pro-

1285 1308 1356 1342 pter
1369 1299 1482 1331 Filium
1508 1308 1539 1332 et
1557 1301 1691 1342 diligere
1714 1312 1786 1332 eum
1810 1309 1841 1332 et
1865 1303 1986 1332 sentire
2008 1301 2146 1342 aliquem
2169 1302 2252 1342 grati

1284 1344 1428 1383 pectoris
1453 1349 1572 1374 motum
1596 1354 1676 1384 erga
1699 1343 1812 1375 Deum.

1369 1384 1536 1415 Deberem
1558 1384 1644 1415 affici
1667 1387 1887 1426 magnitudine
1900 1386 2153 1422 misericordiae,
2166 1386 2253 1425 qnod

1285 1437 1321 1457 se
1356 1427 1451 1456 nobis
1474 1426 1638 1467 patefecit,
1672 1428 1760 1467 quod
1783 1437 1862 1457 vere
1885 1427 1990 1468 diligit
2012 1437 2119 1467 genus
2141 1426 2254 1457 huma—

1284 1479 1370 1506 num,
1393 1478 1472 1499 vere
1494 1467 1563 1499 vult
1584 1478 1646 1499 nos
1670 1468 1783 1500 salvos
1807 1469 1891 1504 fieri3
1920 1469 2082 1499 Deberem
2106 1467 2176 1499 Filii
2200 1469 2254 1500 be-

1284 1510 1410 1541 neficiis
1443 1511 1580 1548 moveri,
1609 1512 1697 1551 quod
1725 1521 1785 1550 pro
1820 1511 1914 1542 nobis
1938 1520 2057 1551 passus
2081 1517 2142 1547 est,
2166 1510 2253 1551 quod

1284 1553 1371 1583 dedit
1392 1552 1620 1594 Evangelium,
1644 1554 1730 1594 quod
1753 1554 1907 1593 promittit
1926 1553 2082 1593 Spiritum
2105 1556 2253 1584 sanctum

1285 1596 1540 1635 gubernatorem
1559 1601 1589 1625 et
1614 1596 1710 1625 vitam
1733 1601 1909 1626 aeternam.

1371 1637 1437 1668 Sed
1456 1637 1537 1667 haec
1560 1638 1668 1667 omnia
1685 1636 1791 1668 levius
1814 1642 1946 1667 movent
1973 1637 2114 1667 animum
2135 1645 2251 1673 meum,

1285 1689 1382 1720 quam
1416 1680 1556 1710 debebat
1579 1679 1663 1716 fieri,
1688 1689 1753 1709 non
1776 1680 1856 1709 satis
1880 1679 1988 1715 timeo,
2011 1688 2111 1718 saepe
2129 1678 2254 1715 dubito,

1285 1728 1317 1752 et
1335 1722 1475 1761 quadam
1497 1727 1653 1761 perpetua
1677 1721 1876 1752 dubitatione
1897 1719 2046 1762 frigidius
2068 1727 2145 1761 peto
2168 1721 2254 1751 bona

1285 1774 1305 1794 a
1346 1763 1430 1800 Deo,
1470 1761 1619 1804 frigidius
1659 1764 1789 1800 invoco,
1831 1763 1961 1794 confido
1994 1763 2121 1793 interim
2154 1763 2252 1793 rebus

1285 1805 1524 1845 praesentibus,
1550 1811 1581 1835 et
1603 1816 1724 1846 quaero
1745 1806 1906 1844 praesidia
1929 1805 2024 1842 vitae,
2040 1803 2189 1845 neglecto
2201 1814 2251 1834 or—

1286 1849 1371 1884 dine,
1403 1857 1496 1887 quem
1518 1847 1610 1877 Deus
1645 1848 1811 1887 praecipit.
1857 1847 1964 1886 Saepe
1987 1848 2081 1877 etiam
2103 1845 2189 1877 falsa
2207 1847 2252 1876 in-

1286 1890 1459 1920 vocatione
1487 1899 1601 1920 errans
1632 1889 1751 1920 offendi
1775 1889 1890 1926 Deum,
1923 1889 2073 1919 invocavi
2106 1888 2252 1918 homines

1286 1938 1445 1969 mortuos,
1480 1933 1589 1971 putavi
1621 1932 1726 1972 magis
1759 1931 1801 1961 ad
1831 1930 1915 1960 banc
1937 1936 2076 1960 statuam
2099 1931 2253 1961 invocan—

1286 1975 1361 2005 dum
1395 1984 1470 2004 esse
1488 1973 1594 2005 Deum
1617 1979 1672 2004 aut
1695 1973 1869 2009 Sanctum,
1892 1982 1989 2012 quam
2011 1970 2099 2003 alibi.
2145 1971 2251 2012 Saepe

1286 2027 1371 2048 nunc
1394 2026 1523 2056 quoque
1541 2017 1670 2052 aberro,
1694 2024 1735 2045 ne
1758 2015 1898 2055 cogitem
1920 2014 1960 2044 de
1983 2023 2062 2044 vero
2084 2013 2176 2051 Deo,
2199 2014 2252 2054 qui

1286 2068 1323 2089 se
1346 2057 1497 2098 patefecit
1519 2068 1577 2098 per
1594 2056 1720 2094 Filium,
1743 2066 1804 2087 nec
1828 2056 1966 2097 cogitem
1990 2056 2030 2086 de
2052 2054 2133 2086 Filio
2156 2061 2187 2086 et
2212 2055 2252 2086 de

1285 2101 1512 2142 promissione.
1574 2099 1724 2139 Denique
1758 2108 1820 2129 non
1846 2098 1945 2129 ardeo
1975 2098 2196 2134 invocatione,
2217 2103 2250 2127 ut

1287 2149 1425 2183 oportet.

1512 2269 1565 2300 De
1588 2269 1770 2300 secundo
1793 2275 2027 2308 praecepto.

1372 2352 1533 2383 Deberem
1552 2352 1765 2394 Evangelium
1795 2351 1967 2393 diligenter
2000 2353 2139 2390 discere,
2169 2351 2251 2383 cele·

1288 2397 1382 2426 brare
1415 2405 1566 2426 sermone
1590 2402 1621 2425 et
1645 2404 1762 2425 ornare
1785 2393 1953 2436 exemplis,
1971 2404 2118 2436 agnosco
2142 2400 2247 2425 autem

1922 2437 1988 2467 imo
2011 2446 2111 2477 saepe
2129 2442 2250 2477 praete—

1286 2490 1327 2510 xo
1351 2479 1496 2519 privatae
1519 2479 1681 2520 cupiditati
1706 2478 1930 2519 Evangelium.
1964 2478 2070 2519 Saepe
2091 2479 2173 2509 meis
2196 2488 2249 2509 ex-

1287 2520 1400 2562 emplis
1425 2528 1455 2552 et
1477 2520 1641 2552 scandalis
1665 2522 1807 2561 praebeo
1832 2521 2038 2552 occasionem
2060 2519 2131 2551 aliis
2153 2518 2250 2551 male-
