2358 2933
123 114 183 144 981

123 203 258 246 gnifacit
298 203 527 245 gratitudinem
560 202 669 239 Deus3
713 202 790 233 Ideo
825 202 886 232 etsi
922 200 1095 230 Gratitudo

122 241 218 278 etiam
250 247 393 277 studium
421 245 627 276 obedientiae
651 243 892 284 complectitur,
925 248 1032 273 tamen
1055 242 1096 273 ad

122 295 244 321 certam
266 289 442 319 verborum
456 287 797 318 commemorationem
814 295 875 316 nos
889 285 1032 325 quotidie
1044 295 1096 315 as-

121 330 351 362 suesaeiamus.
386 329 481 360 Multi
504 339 577 360 cum
596 339 615 359 e
637 327 724 359 lecto
747 333 898 370 surgunt,
922 337 995 358 cum
1019 332 1096 357 eunt

121 373 310 410 dormitum,
344 382 418 402 cum
451 372 598 402 assident
631 372 674 402 ad
700 381 861 407 mensam,
892 380 965 400 cum
989 370 1095 400 disce-

120 416 200 446 dunt
222 425 242 445 a
264 425 389 451 mensa,
412 424 551 455 prorsus
568 419 604 444 ut
625 413 784 453 pecudes,
804 422 845 443 ne
869 413 1015 453 cogitant
1027 411 1095 451 qui-

120 458 193 488 dem
217 457 258 487 de
280 457 366 494 Deo,
390 457 475 487 unde
498 457 562 486 sint
584 455 772 496 quotidiana
797 454 969 485 beneficia.
1004 453 1095 483 Haec

120 500 306 540 turpissima
329 497 529 540 negligentia
551 503 583 528 et
602 497 816 537 vituperanda
845 502 876 527 et
900 497 1095 537 corrigenda

120 548 180 573 est.
226 540 380 576 Quotidie
407 542 598 581 priusquam
619 539 703 579 petis
729 539 830 576 bona,
865 539 906 569 de
929 539 1093 578 prioribus

119 583 288 614 beneficiis
308 584 433 624 cogites
457 589 489 613 et
512 591 594 623 agas
617 582 741 622 gratias
763 581 854 618 Deo3
887 580 1016 611 Deinde
1039 581 1094 611 ad-

119 626 159 656 de
192 626 400 666 petitionem,
435 631 466 655 et
501 629 588 655 extet
617 622 747 663 publice
770 622 824 654 vel
847 625 879 654 in
900 622 1005 653 literis
1039 622 1093 653 vel

118 666 276 708 exemplis
298 667 515 698 testimonium
539 672 615 697 tuae
634 666 850 707 gratitudinis.
896 665 1014 696 Forma
1037 664 1093 695 tali

117 711 163 741 uti
186 715 297 749 potes:

201 752 278 793 Ago
301 752 358 782 tibi
382 751 524 793 gratias,
560 751 782 792 omnipotens,
806 757 941 782 aeterne
963 755 995 780 et
1018 750 1092 780 vive

116 794 233 832 Deus,
278 799 411 824 aeterne
445 792 544 824 Pater
576 793 708 824 Domini
747 794 851 824 nostri
894 793 967 823 lesu
1002 791 1093 823 Chri-

115 838 169 874 sti,
193 837 343 867 conditor
365 836 509 867 omnium
532 845 641 866 rerum
665 841 697 867 et
720 841 939 867 conservator
962 845 1002 865 ac
1026 835 1093 875 opi-

116 878 238 910 tulator
271 889 345 909 cum
367 877 449 909 Filio
481 884 537 908 tuo
571 884 766 916 coaeterno,
800 878 942 909 Domino
976 883 1091 907 nostro

116 921 190 952 Iesu
224 920 372 958 Christo,
405 918 571 961 patefacto
604 921 636 951 in
671 919 864 957 Ierusalem,
904 926 935 951 et
971 920 1093 958 Spiritu

116 969 233 994 sancto
252 968 308 994 tuo
333 962 438 993 effuso
462 963 495 993 in
513 962 712 1003 Apostolos:
743 963 831 1004 quod
855 968 886 993 te
908 962 1093 1003 patefecisti

114 1007 212 1037 nobis
235 1006 392 1036 immensa
417 1006 561 1036 bonitate
585 1007 682 1037 certis
706 1011 737 1036 et
755 1005 936 1036 illustribus
950 1005 1092 1035 testimo-

116 1049 178 1078 niis
213 1054 244 1078 et
278 1048 367 1088 quod
402 1048 576 1078 condidisti
610 1054 641 1078 et
675 1047 804 1089 elegisti
826 1048 883 1077 tibi
906 1046 1091 1078 Ecclesiam

115 1097 307 1131 perpetuam
340 1095 371 1120 et
401 1089 533 1120 voluisti
556 1089 672 1121 Filium
695 1097 801 1127 tuum,
834 1089 1011 1120 Dominum
1033 1100 1091 1119 no-

115 1138 221 1164 strum
254 1132 360 1162 lesum
385 1131 559 1169 Christum,
593 1143 654 1172 pro
684 1133 780 1164 nobis
814 1132 885 1162 fieri
917 1133 1089 1168 victimam,

115 1175 233 1205 dedisti
255 1175 350 1205 nobis
364 1173 580 1216 Evangelium
602 1180 692 1205 tuum
711 1180 742 1205 et
755 1174 909 1215 Spiritum
928 1180 1090 1210 sanctum,

115 1217 252 1248 remittis
286 1217 382 1247 nobis
415 1222 555 1256 peccata
589 1223 620 1247 et
649 1216 772 1247 liberas
797 1227 859 1247 nos
883 1227 903 1247 a
926 1222 1090 1256 potestate

115 1258 248 1290 Diaboli
273 1265 304 1289 et
326 1269 346 1288 a
368 1264 474 1289 morte
497 1265 631 1289 aeterna
655 1265 687 1288 et
710 1260 770 1289 das
794 1259 890 1289 nobis
914 1260 1013 1289 vitam
1037 1268 1090 1288 ae-

115 1307 258 1337 ternam,
286 1307 317 1331 et
340 1300 502 1331 hactenus
524 1302 557 1331 in
579 1301 643 1331 hac
665 1301 732 1331 vita
755 1311 806 1331 me
828 1300 939 1331 multis
964 1301 1090 1341 magnis

115 1342 282 1374 beneficiis
305 1343 447 1380 donasti,
471 1343 586 1374 dedisti
608 1344 718 1380 vitam,
741 1344 872 1380 victum,
897 1344 1090 1379 doctrinam,

115 1396 232 1426 pacem
254 1385 293 1415 iis
316 1384 411 1422 locis,
435 1387 466 1416 in
490 1386 609 1425 quibus
634 1386 709 1422 vixi,
734 1391 766 1416 et
777 1386 935 1427 mitigasti
952 1395 1090 1426 poenas,

115 1438 198 1468 quas
220 1428 356 1458 meritus
380 1438 463 1458 sum.

201 1469 277 1510 Ago
312 1470 368 1500 tibi
400 1471 524 1511 gratias
548 1471 663 1507 etiam,
686 1469 827 1501 Domine
851 1470 924 1500 lesu
947 1469 1091 1506 Christe,

114 1511 177 1544 Fili
205 1511 268 1542 Dei
301 1512 385 1549 vivi,
420 1512 574 1543 crucifixe
607 1523 668 1553 pro
701 1513 798 1543 nobis
829 1519 860 1543 et
882 1513 1090 1548 resuscitate,

113 1553 284 1592 Emanuel,
320 1556 409 1595 quod
443 1553 606 1594 copulasti
639 1556 696 1586 tibi
728 1555 901 1586 humanam
930 1561 1090 1591 naturam,

114 1607 233 1638 passus
268 1606 305 1627 es
338 1607 399 1637 pro
428 1598 524 1627 nobis
558 1603 590 1627 et
622 1598 829 1628 resurrexisti
863 1608 903 1628 ac
925 1598 1090 1628 redemisti

115 1650 188 1676 nos,
218 1649 337 1670 servas
371 1650 413 1670 ac
448 1637 599 1670 defendis
622 1638 806 1672 Ecclesiam
830 1646 944 1670 contra
967 1639 1089 1670 Diabo-

113 1681 178 1719 los,
214 1682 330 1712 hostes
353 1688 445 1719 tuos,
481 1688 512 1712 et
535 1682 594 1712 das
618 1688 651 1712 et
672 1682 837 1713 instauras
856 1692 958 1723 saepe
981 1681 1089 1713 lucem

119 1723 306 1765 Evangelii,
340 1724 478 1755 remittis
500 1725 597 1755 nobis
619 1730 759 1764 peccata
789 1730 820 1755 et
845 1725 904 1755 das
924 1725 1018 1755 nobis
1043 1725 1089 1755 vi-

114 1773 179 1797 tam
202 1773 386 1804 aeternam,
420 1773 452 1798 et
480 1776 515 1797 es
539 1766 701 1798 Mediator
723 1773 755 1797 et
778 1766 1005 1807 interpellator
1027 1778 1087 1807 pro

113 1809 210 1840 nobis
234 1810 401 1847 assiduus,
422 1816 453 1840 et
477 1810 527 1840 vis
550 1810 646 1840 nobis
671 1808 835 1849 opitulari,
860 1811 945 1840 sicut
963 1810 1087 1840 dixisti:

114 1851 234 1882 Venite
256 1852 298 1882 ad
320 1862 372 1882 me
395 1862 520 1889 omneS,
541 1852 594 1892 qui
617 1851 775 1883 laboratis
795 1858 827 1882 et
849 1853 975 1882 onerati
995 1853 1087 1890 estis,

114 1903 177 1935 ego
200 1894 343 1925 reficiam
367 1904 439 1924 vos.
1025 1889 1031 1899 ยน

198 1936 274 1978 Ago
293 1937 389 1967 etiam
412 1937 469 1967 tibi
493 1938 636 1978 gratias,
659 1937 797 1977 Spiritus
820 1943 951 1973 sancte,
986 1936 1087 1968 vivifi-

113 1986 224 2016 cator,
258 1978 363 2010 effuse
397 1979 430 2009 in
452 1979 655 2019 Apostolos,
691 1981 780 2020 quod
803 1980 956 2010 accendis
980 1978 1085 2010 lucem

112 2027 200 2052 tuam
223 2022 256 2051 in
278 2022 402 2052 nostris
425 2022 603 2059 mentibus,
637 2023 744 2063 regis,
775 2023 894 2059 doceS,
917 2032 1032 2052 mones
1055 2028 1086 2052 et

113 2064 208 2095 iuvas
251 2073 304 2094 me
337 2063 493 2101 consilio,
537 2064 704 2105 gubernas
736 2063 870 2095 labores
904 2065 1085 2095 vocationis

113 2116 207 2138 meae
231 2111 263 2136 et
285 2106 477 2137 sanctificas
500 2116 551 2136 me
574 2107 616 2136 ad
634 2108 735 2138 vitam
753 2113 930 2138 aeternam.

196 2148 295 2179 Dicta
327 2149 506 2189 gratiarum
539 2149 670 2180 actione
703 2156 862 2190 sequatur
888 2150 1017 2190 petitio,
1049 2155 1085 2180 ut

111 2201 212 2231 supra
244 2191 390 2221 recitavi.
435 2191 631 2222 Nominatim
666 2192 762 2222 etiam
795 2193 917 2233 gratiae
945 2198 1086 2233 agantur

111 2233 259 2274 quolibet
279 2238 426 2273 tempore
448 2243 508 2273 pro
527 2234 654 2264 recenti
672 2235 832 2266 beneficio
844 2241 921 2265 tunc
934 2240 1083 2274 accepto.

112 2276 203 2306 Haec
223 2276 371 2306 recitatio
396 2274 564 2306 confessio
589 2278 631 2306 sit
653 2278 781 2318 accepti
804 2277 965 2314 beneficii,
989 2288 1085 2318 quam

113 2324 202 2349 certe
224 2317 371 2358 postulat
393 2317 503 2355 Deus,
536 2324 567 2349 et
597 2326 758 2359 congruat
780 2330 844 2351 vox
869 2330 942 2350 cum
965 2326 1084 2350 mente.

112 2360 199 2391 Vere
230 2362 409 2392 sentiamus
443 2371 509 2391 non
534 2371 614 2392 casu
637 2361 816 2401 periculum
840 2361 1011 2403 depulsum
1034 2373 1084 2393 es-

112 2413 163 2439 se,

111 2455 227 2485 preces
274 2453 406 2477 nostras
452 2446 620 2476 exauditas
667 2456 760 2484 esse,
805 2446 948 2478 celebret
991 2458 1083 2477 mens

596 111 617 141 1.
642 109 741 141 Loci
763 107 1036 140 THEOLOGICI:
1060 107 1102 138 D.
1125 106 1284 137 TERTIA
1308 104 1462 136 EORUM
1486 103 1640 135 AETAS.

212 2404 270 2433 sed
309 2414 372 2433 nos
412 2413 432 2433 a
466 2403 539 2434 Deo
573 2404 702 2434 adiutos
736 2415 776 2435 ac
810 2411 961 2436 servatos
996 2414 1108 2446 esse}

2053 103 2125 136 9512

1140 209 1219 230 vere
1241 199 1283 229 sit
1306 198 1481 230 discrimen
1499 195 1673 227 Ecclesiae
1692 202 1724 226 et
1747 195 1918 232 Gentium,
1943 206 2026 236 quae
2048 207 2078 226 m
2089 207 2121 227 n-

1140 240 1283 272 ledicunt
1306 240 1457 276 Christo,
1491 239 1579 280 quod
1603 248 1681 269 vere
1703 238 1859 279 respiciat
1881 244 1912 268 et
1940 239 2029 269 iuvet
2051 238 2119 270 Ec-

1141 283 1277 314 clesiam
1299 293 1393 313 suam
1417 288 1449 312 et
1474 286 1585 312 servet
1595 281 1641 321 ยฒโฐ)
1671 282 1844 321 promissa.
1889 280 1980 312 Haec
2004 286 2035 311 et
2057 291 2118 312 ntยป-

1140 327 1190 357 bis
1208 326 1288 366 ipsis
1317 324 1519 356 inculcemus
1543 329 1573 354 et
1595 333 1888 354 commemoremus
1910 323 1997 363 apud
2019 321 2117 360 alios,

1140 378 1327 406 narremuS,
1359 368 1414 398 ubi
1449 367 1550 396 simus
1573 366 1672 396 adiuti
1696 375 1736 396 ac
1765 365 1910 403 liberati,
1943 371 1979 396 ut
2001 363 2053 396 alii
2072 366 2113 396 ad

1140 411 1341 451 agnitionem
1374 409 1436 440 Dei
1471 409 1659 439 invitentur.
1716 408 1855 439 Gratum
1888 407 1961 438 Deo
1994 418 2112 439 munus

1140 459 1191 483 est
1213 462 1272 493 per
1291 462 1368 483 sese
1390 452 1572 492 gratitudo,
1595 451 1655 480 sed
1678 450 1865 491 postulatur
1887 450 1982 481 etiam
2006 460 2112 481 exem-

1139 494 1184 535 pli
1217 504 1348 525 caussa.
1394 494 1470 524 ldeo
1504 492 1627 523 Paulus
1662 492 1851 524 dulcissime
1879 491 2046 530 hortatur,
2077 499 2111 523 ut

1138 536 1231 568 multi
1253 547 1313 577 pro
1338 546 1375 567 se
1396 542 1520 577 petant,
1539 545 1603 576 quo
1628 535 1740 576 plures
1764 541 1881 576 postea
1900 545 1959 575 pro
1972 541 2110 575 accepto

1140 579 1300 610 beneficio
1333 580 1458 620 gratias
1492 584 1592 619 agant
1614 578 1644 608 2.
1670 577 1746 608 Cor.
1772 578 1799 608 1.
1823 577 2014 619 significans
2038 587 2110 618 gra-

1138 623 1255 652 tiarum
1278 623 1439 652 actionem
1457 622 1667 660 praecipuum
1691 630 1766 651 esse
1786 619 1982 650 sacrificium
1995 626 2025 650 et
2038 620 2109 650 Deo

1139 664 1372 706 gratissimum,
1396 669 1427 694 et
1450 673 1488 693 eo
1512 673 1531 693 a
1553 661 1701 703 pluribus
1725 661 1925 699 faciendam,
1948 663 2022 703 quia
2045 661 2109 692 De-

1138 716 1177 737 us
1200 717 1220 737 a
1242 705 1350 737 multis
1370 706 1510 747 agnosci
1532 711 1564 735 et
1587 704 1747 736 celebrari
1770 715 1807 735 se
1828 705 1934 745 magis
1956 703 2109 744 postulat,

1139 755 1171 780 et
1201 759 1274 780 cum
1308 747 1399 780 multi
1424 747 1591 779 celebrant
1616 754 1790 788 acceptum
1813 747 2022 784 beneficium,
2056 757 2108 778 ex-

1138 791 1278 832 emplum
1312 791 1349 821 fit
1381 790 1558 828 illustrius,
1594 796 1626 821 et
1658 789 1771 830 plures
1795 789 1849 820 alii
1872 790 2047 820 invitantur
2069 790 2109 820 ad

1138 834 1403 871 Invocationem,
1438 833 1618 870 Timorem,
1643 833 1764 863 Fidem.
1810 831 1982 863 Horribilis
2006 838 2055 862 est
2077 833 2109 862 in

1137 883 1254 907 natura
1276 876 1441 906 hominum
1464 876 1680 916 ingratitudo,
1711 881 1745 906 ut
1767 881 1946 916 perpetuae
1970 875 2117 905 omniumโด

1138 924 1318 959 temporum
1343 918 1498 959 querelae
1521 924 1698 956 testantur,
1723 924 1755 949 et
1778 918 1876 949 debiti
1896 916 1995 948 officii
2017 927 2109 958 prae-

1137 962 1302 992 termissio
1327 962 1444 992 divinis
1464 967 1496 991 et
1518 960 1668 992 humanis
1692 961 1861 991 sententiis
1885 961 2036 991 damnata
2049 965 2109 997 est,

1137 1010 1168 1034 et
1191 1009 1298 1034 tamen
1321 1005 1473 1034 usitatius
1497 1010 1548 1034 est
1570 1008 1740 1044 praestare
1763 1003 1948 1034 hominibus
1977 1004 2109 1044 gratitu-

1137 1047 1255 1083 dinem,
1279 1056 1377 1087 quam
1400 1046 1485 1077 Deo.
1531 1046 1572 1076 Et
1594 1047 1756 1077 adversus
1780 1045 1888 1077 Deum
1911 1045 2109 1087 ingratitudo

1137 1088 1301 1119 crudelior
1324 1095 1385 1126 est,
1409 1099 1505 1129 quam
1528 1089 1690 1119 adversus
1713 1088 1872 1119 homines.
1903 1087 1984 1119 Saul
2002 1088 2109 1118 etiamโ

1136 1132 1165 1161 si
1198 1131 1347 1171 ingratus
1381 1137 1433 1161 est
1456 1131 1591 1168 Davidi,
1624 1137 1731 1162 tamen
1766 1141 1890 1171 negare
1913 1141 1979 1161 non
2001 1137 2109 1171 potest

1136 1173 1298 1204 Davidem
1331 1174 1416 1204 bene
1449 1174 1598 1204 meritum
1633 1183 1719 1204 esse.
1764 1173 1887 1214 ingrati
1908 1180 2016 1204 autem
2037 1173 2109 1204 Deo

1135 1222 1258 1256 negant
1281 1215 1388 1246 Deum
1411 1215 1562 1246 beneficii
1584 1222 1751 1246 auctorem
1771 1225 1856 1253 esse,
1880 1215 2007 1256 fingunt
2030 1226 2108 1246 casu

1136 1256 1282 1297 pericula
1316 1257 1455 1298 depulsa
1489 1267 1574 1288 esse.
1619 1258 1792 1289 Adversus
1816 1258 1877 1289 has
1901 1259 2055 1289 tenebras
2079 1264 2110 1288 et.

1136 1299 1224 1331 hunc
1247 1298 1391 1330 furorem
1414 1301 1595 1330 muniamus
1618 1301 1745 1331 animos
1776 1302 1969 1332 testimoniis
1993 1301 2109 1332 divinis

1137 1349 1169 1373 et
1203 1343 1368 1373 discamus
1403 1353 1481 1373 vere
1515 1353 1577 1373 nos
1601 1345 1736 1383 respici,
1770 1344 1891 1382 iuvari,
1924 1345 2068 1376 exaudiri
2091 1356 2108 1376 a

1137 1385 1220 1415 Deo.
1249 1385 1291 1415 Et
1314 1395 1386 1416 cum
1410 1386 1510 1416 adiuti
1534 1395 1657 1423 sumus,
1681 1396 1915 1428 agnoscamus,
1938 1386 2109 1424 fateamur,

1135 1428 1363 1468 praedicemus
1383 1429 1479 1458 nobis
1504 1433 1534 1458 et
1557 1427 1629 1458 aliis
1642 1429 1749 1460 Deum
1767 1439 1842 1460 esse
1864 1436 2032 1461 auctorem
2055 1431 2109 1461 beโ

1136 1470 1256 1507 neficii,
1289 1475 1325 1500 ut
1358 1480 1459 1509 supra
1483 1471 1617 1502 recitavi
1641 1471 1763 1512 aliquot
1783 1474 1975 1503 sententias.
2021 1471 2107 1505 Psal.

1135 1512 1187 1543 43.
1213 1516 1277 1551 [vs.
1302 1512 1346 1550 7.]
1393 1512 1466 1543 Non
1490 1514 1521 1543 in
1546 1523 1624 1544 arcu
1646 1518 1720 1544 'meo
1743 1516 1902 1555 sperabo,
1926 1522 1956 1546 et
1980 1515 2107 1557 gladius

1135 1565 1227 1585 meus
1261 1565 1327 1584 non
1357 1554 1501 1586 salvabit
1529 1566 1591 1586 me.
1636 1557 1676 1587 Et
1708 1556 1860 1588 Christus
1895 1557 1985 1588 clare
2006 1559 2109 1600 inquit

1136 1597 1218 1636 [ioh.
1245 1597 1295 1634 15,
1319 1597 1379 1635 5.]:
1425 1598 1503 1629 Sine
1536 1609 1588 1629 me
1622 1598 1701 1629 nihil
1734 1601 1873 1640 potestis
1902 1599 2023 1631 facere.
2068 1600 2108 1631 Et

1134 1639 1225 1670 Psal.
1248 1639 1301 1670 33.
1327 1643 1390 1678 [vs.
1404 1640 1448 1678 7.]
1473 1640 1537 1671 lste
1560 1652 1685 1682 pauper
1704 1642 1857 1673 clamavit
1867 1643 1908 1673 ad
1921 1643 2106 1680 Dominum,

1135 1688 1166 1713 et
1188 1682 1351 1713 Dominus
1375 1684 1541 1714 exaudivit
1564 1694 1648 1715 eum.
1704 1685 1745 1715 Et
1769 1684 1857 1715 Psal.
1880 1686 1932 1716 26.
1958 1688 2021 1724 [vs.
2044 1684 2106 1724 104

1134 1725 1233 1756 Pater
1262 1731 1294 1756 et
1328 1731 1431 1756 mater
1466 1725 1709 1767 dereliquerunt
1733 1738 1793 1764 me,
1816 1727 1978 1759 Dominus
2002 1734 2107 1759 autem

1134 1769 1313 1808 assumpsit
1335 1778 1398 1798 me.
1443 1768 1532 1799 Psal.
1557 1769 1608 1799 59.
1634 1772 1696 1807 [vs.
1722 1769 1784 1807 la]
1826 1769 1879 1800 Da
1901 1771 1996 1801 nobis
2020 1771 2107 1801 auxiฮ

1132 1810 1211 1841 lium
1245 1811 1276 1841 in
1312 1809 1536 1848 tribulatione,
1570 1817 1602 1842 et
1631 1823 1717 1842 vana
1749 1811 1841 1843 salus
1876 1811 2026 1844 hominis.
2072 1813 2106 1843 Iri

1132 1852 1206 1883 Deo
1240 1852 1400 1883 faciemus
1424 1854 1586 1890 virtutem,
1621 1860 1651 1885 et
1676 1855 1746 1895 ipse
1770 1855 1896 1895 rediget
1918 1856 1949 1885 in
1973 1854 2107 1886 nihilum

1132 1894 1326 1926 tribulantes
1348 1905 1422 1926 nOS.
1468 1895 1556 1926 Psal.
1583 1897 1653 1927 126.
1677 1900 1740 1935 [vs.
1766 1897 1809 1935 1.]
1840 1897 1912 1927 Nisi
1935 1896 2107 1935 Dominus,

1132 1937 1356 1969 aedificaverit
1390 1939 1520 1969 domum
1555 1945 1615 1969 etc.
1660 1939 1751 1970 Psal.
1777 1940 1848 1970 115.
1874 1943 1954 1977 [vss.
1980 1939 2019 1970 16
2041 1944 2107 1981 sq.]

1132 1980 1295 2021 Dii-upisti
1317 1980 1449 2011 vincula
1466 1991 1549 2019 mea,
1571 1982 1627 2012 tibi
1651 1981 1846 2012 sacrificabo
1875 1982 2016 2013 hostiam
2038 1980 2106 2014 lau-

1132 2024 1194 2053 dis.
1239 2023 1352 2053 Ierem.
1378 2023 1428 2053 17.
1453 2027 1534 2061 [vss.
1558 2024 1589 2054 5.
1613 2025 1656 2062 7.]
1682 2023 1878 2055 Maledictus
1901 2024 2016 2063 homo,
2052 2027 2105 2066 qui

1131 2066 1222 2107 ponit
1245 2075 1377 2096 carnem
1405 2066 1575 2097 brachium
1599 2077 1692 2098 suum
1714 2074 1775 2097 etc.
1821 2067 2020 2098 Benedictus
2043 2068 2103 2105 vir,

1132 2109 1186 2149 qui
1221 2107 1356 2139 confidit
1389 2108 1421 2139 in
1443 2108 1605 2147 Domino,
1636 2115 1668 2139 et
1702 2110 1762 2140 erit
1789 2109 1950 2140 Dominus
1985 2110 2104 2141 fiducia

1132 2160 1213 2181 eius.

1217 2193 1336 2234 Ingens
1360 2192 1456 2224 labor
1479 2201 1529 2225 est
1551 2194 1614 2234 piis
1638 2195 1810 2231 mentibuS,
1836 2195 1929 2225 etiam
1953 2200 2029 2235 post
2052 2205 2103 2226 ac-

1132 2243 1260 2275 ceptum
1294 2235 1489 2267 beneficium
1512 2238 1651 2267 retinere
1673 2236 1758 2267 hanc
1781 2237 1993 2273 sententiam,
2027 2247 2103 2268 vere

1131 2288 1192 2309 nos
1217 2289 1236 2308 a
1257 2278 1332 2309 Deo
1356 2279 1486 2309 adiutos
1511 2285 1543 2309 et
1568 2284 1718 2309 servatos
1743 2289 1828 2310 esse.
1874 2279 1941 2310 Sed
1960 2280 2102 2310 testimo-

1132 2321 1204 2357 niis,
1239 2330 1322 2361 quae
1357 2326 1388 2351 et
1422 2331 1522 2361 supra
1556 2327 1587 2351 et
1610 2322 1671 2352 iam
1697 2321 1844 2358 recitavi,
1874 2320 2102 2352 confirmemus

1130 2373 1204 2400 nOS,
1227 2365 1316 2401 utโ21)
1340 2369 1521 2394 statuamus
1547 2364 1641 2394 nobis
1664 2374 1729 2394 non
1753 2373 1844 2400 casu,
1868 2363 1926 2393 sed
1939 2362 2011 2393 Deo
2035 2365 2102 2404 opi-

111 2487 235 2525 Deum,
269 2490 357 2529 quod
390 2498 457 2519 non
492 2490 533 2519 sit
559 2489 655 2519 inane
678 2499 813 2525 nomen,
848 2500 914 2520 non
937 2489 1084 2531 negligat
1105 2511 1107 2522 .
1131 2492 1175 2521 20)
1194 2490 1289 2521 servet]
1313 2491 1384 2521 Comฮ
1408 2492 1426 2513 1ฮ
1449 2491 1470 2515 ยฒ-
1491 2492 1513 2514 4-
1535 2497 1618 2516 servat

111 2529 276 2566 homines,
300 2532 360 2561 sed
383 2541 461 2561 vere
484 2532 636 2562 exaudiat
657 2532 851 2562 invocantes
873 2533 906 2562 in
918 2531 1081 2562 Ecclesia.

1105 2538 1106 2541 โ
1129 2542 1174 2567 211
1194 2542 1231 2571 ut]
1250 2541 1321 2566 Editt.
1342 2542 1382 2564 20.
1403 2541 1521 2566 25-27โ
1541 2541 1615 2571 Coi-p.
1639 2543 1699 2564 1โs
1720 2545 1745 2565 et

1900 2591 1946 2613 62โถ
