2358 2933
93 112 154 142 941

93 205 318 234 senescentem
331 200 516 231 Ecclesiam
538 210 601 241 ego
624 200 772 239 portabo.
807 197 879 239 Ego
904 196 979 233 feci,
1003 207 1065 236 ego

92 245 209 281 feram,
245 254 307 284 ego
331 244 469 282 portabo
494 250 526 272 et
556 241 703 272 salvabo.
749 240 812 270 les.
836 239 887 270 48.
914 242 973 275 {vsu
1002 239 1063 276 ll.]

92 287 231 326 Propter
249 296 311 322 me,
334 290 468 325 propter
491 295 541 314 me
559 283 688 320 faciam,
711 289 745 313 ut
765 292 830 312 non
845 280 1063 321 blasphemer,

92 335 123 359 et
146 327 285 372 gloriam
307 337 411 357 meam
434 326 526 358 alteri
548 337 613 357 non
639 327 735 356 dabo.

176 369 341 400 Recensui
371 379 527 406 caussas,
561 374 695 409 propter
728 377 809 407 quas
832 365 985 396 Ecclesia
1019 365 1065 395 in—

90 413 242 454 gentibus
276 412 439 441 aerumnis
474 412 621 441 subiecta
655 416 715 440 est.
764 410 833 439 Nec
868 418 945 438 esse
979 407 1064 437 hanc

56 459 61 461 “
90 455 430 485 commemorationem
466 452 641 484 confictam
673 458 838 491 utcunque
872 451 914 480 ad
942 448 1065 479 demul-

89 497 212 527 cendos
236 496 360 526 animos
385 495 549 526 rhetorica
572 495 819 529 consuetudine,
841 493 901 523 sed
925 501 1063 522 caussas

90 548 186 569 veras
210 545 241 568 et
264 538 373 578 magni
397 538 548 568 momenti
571 546 657 573 esse,
679 537 721 566 ita
740 534 972 576 intelligemus,
992 535 1063 564 siet

88 586 223 611 nostras
251 589 425 610 aerumnas
460 586 491 609 et
524 577 674 619 publicas
703 584 823 608 attente
843 577 1063 608 considerabi-

88 633 168 652 mus
204 621 363 652 Ridentur
385 621 468 651 haee
491 622 532 651 ab
556 620 726 660 Epicureis
750 626 782 650 et
805 621 955 649 omnibus
978 618 1063 654 aliis,

88 665 142 704 qui
166 670 241 694 sunt
265 664 346 693 ebrii
369 661 602 703 voluptatibus,
626 664 735 701 aut55)
761 660 877 703 gloria.
924 662 991 691 Sed
1020 661 1063 700 pii

87 706 120 736 in
143 707 230 736 veris
253 706 417 735 aerumnis
440 715 480 735 ac
504 703 675 735 doloribus
698 710 885 745 agnoscunt
909 702 994 733 hanc
1007 704 1063 733 do-

88 748 224 777 ctrinam
259 753 291 777 et
324 757 435 777 veram
465 752 497 777 et
530 745 702 787 diligenter
736 746 952 776 meditandam
976 755 1062 781 esse,

86 789 126 819 Et
156 789 231 819 111116
262 790 456 819 excitandos
486 798 562 819 esse
597 789 724 818 animos
759 789 802 818 ad
830 788 976 818 timorem
1000 786 1061 816 Dei

87 837 118 861 et
151 831 197 861 ad
231 831 437 871 quaerendas
472 841 570 861 veras
605 830 862 861 consolationes.
911 829 952 859 Ut
977 830 1062 859 enim

87 874 231 904 remedia
265 873 422 904 salutaria
445 883 510 903 non
533 879 674 913 possunt
698 872 845 902 adhiberi
869 872 1062 909 niorbis‚⁵⁶)

86 925 152 946 non
186 914 355 955 explorata
389 925 525 950 caussa;
569 915 617 945 lta
645 925 706 944 nos
730 916 761 945 in
785 913 935 944 Ecclesia
965 922 1063 943 veras

87 958 291 988 miseriarum
313 963 500 987 nostrarum
526 967 664 987 caussas
688 955 873 997 intelligere
897 962 927 986 et
951 955 1063 995 deplo-

86 1009 161 1030 rare
183 1000 360 1035 discamus,
384 1005 417 1029 ut
440 1000 519 1029 iram
533 999 594 1029 Dei
618 1000 778 1030 adversus
803 1008 974 1028 commune
988 1007 1061 1036 pec-

87 1046 194 1072 catum
229 1047 259 1071 et
294 1047 409 1071 nostra
442 1040 620 1081 peculiaria
644 1041 763 1072 delicta
785 1049 1008 1081 agnoscamus
1032 1045 1063 1069 et

89 1093 338 1123 compescamus
364 1084 503 1122 impetus
517 1085 709 1114 aberrantes
727 1094 744 1113 a
758 1082 842 1124 lege,
856 1082 1063 1112 considerata

88 1126 309 1166 magnitudine
342 1124 545 1156 horribilium
574 1136 771 1166 poenarum;
815 1124 943 1155 Deinde
966 1124 1063 1154 etiam

88 1168 229 1198 remedia
254 1178 461 1208 quaeramus,

173 1209 386 1250 Philosophia
420 1216 559 1250 utraque
593 1211 623 1239 in
648 1220 684 1239 re
706 1215 804 1245 errat,
839 1219 900 1239 nec
925 1217 1062 1238 caussas

86 1251 282 1291 principales
305 1253 392 1282 videt
416 1251 629 1282 humanarum
652 1252 875 1287 miseriarum,
909 1260 971 1280 nec
995 1248 1064 1279 effi-

87 1295 178 1324 cacia
211 1294 352 1323 remedia
386 1303 572 1333 proponere
594 1300 722 1333 potest,
755 1292 867 1333 defigit
891 1291 1007 1323 oculos
1031 1292 1063 1321 in

86 1337 266 1373 materiam,
289 1345 351 1366 nee
375 1336 416 1365 de
435 1334 565 1373 homine
587 1334 683 1365 aliter
706 1345 804 1376 quam
829 1336 869 1364 de
888 1335 995 1375 pomis
1008 1340 1063 1364 aut

87 1378 183 1409 violis
218 1385 275 1409 aut
310 1378 395 1409 rosis
430 1378 563 1418 cogitat.
619 1377 716 1408 Unde
757 1378 796 1407 sit
832 1378 864 1407 in
898 1377 1062 1407 hominum

86 1427 203 1452 natura
227 1426 318 1451 tanta
340 1420 447 1458 labes,
471 1421 611 1461 ignorat.
658 1420 786 1451 Deinde
809 1429 874 1449 non
898 1418 984 1449 falso
1009 1429 1063 1448 ac-

87 1470 181 1495 cusat
215 1474 346 1494 errores
370 1469 400 1493 et
423 1473 545 1503 pravas
569 1463 763 1503 cupiditates
787 1461 969 1501 hominum,
1003 1461 1063 1491 sed

86 1507 230 1537 radicem
275 1507 422 1547 ignorat,
468 1515 529 1535 nec
564 1506 725 1545 vituperat.
758 1505 997 1546 ignorationem
1031 1509 1061 1533 et

86 1555 307 1588 contemptum
330 1548 402 1578 Dei.

172 1591 300 1622 Deinde
323 1592 467 1622 remedia
486 1591 650 1632 proponit,
685 1600 769 1631 quae
792 1588 939 1621 dolorem
963 1596 994 1619 et
1018 1590 1063 1618 in-

86 1635 307 1676 dignationem
341 1633 510 1665 frementis
546 1634 643 1663 animi
677 1638 809 1673 augent.
854 1632 994 1662 Tantum
1018 1632 1063 1661 di-

86 1683 176 1714 cunt,
212 1675 345 1714 1113111111,
381 1687 453 1707 611111
477 1675 547 1707 tolli
571 1686 637 1706 non
659 1676 779 1716 possit,
803 1675 992 1706 necessario
1017 1673 1063 1704 se-

86 1720 224 1750 rendum
248 1729 336 1756 esse,
366 1727 401 1750 ut
424 1719 452 1749 si
476 1728 578 1760 equos
601 1724 657 1749 aut
681 1720 784 1749 boves
808 1719 957 1748 iuberent
979 1726 1063 1746 mor-

86 1769 150 1792 tem
184 1762 347 1803 patienter
381 1760 478 1792 serre.
525 1761 610 1796 Quid
633 1762 720 1791 iuvat
746 1761 921 1801 (inquiunt)
945 1760 986 1789 ad
1009 1768 1064 1788 ne-

88 1805 268 1836 cessarium
302 1803 422 1834 malum
445 1805 581 1844 insuper
603 1804 725 1833 addere
747 1804 861 1833 inanes
885 1802 1064 1831 animorum

87 1848 253 1878 cruciatus
279 1853 309 1877 et
329 1846 406 1877 nihil
429 1845 660 1887 profecturos?
682 1846 796 1875 Bonus
814 1845 951 1880 animus,
964 1843 1065 1883 inquit

88 1889 241 1927 Plautus,
274 1891 306 1919 in
338 1900 372 1919 1·6
395 1887 479 1920 mala
504 1889 666 1919 dimidium
691 1893 739 1917 est
762 1886 848 1917 mali.
894 1887 962 1916 Nec
986 1885 1065 1915 miti-

89 1933 265 1973 gationem,
290 1931 443 1962 auxilium
466 1938 520 1962 aut
544 1930 771 1960 liberationem
783 1936 980 1969 proponunt,
1005 1927 1065 1956 sed

88 1976 198 2006 iubent
222 1974 339 2015 fugere
363 1984 476 2005 omnes
500 1983 727 2003 aerumnarum
742 1973 948 2007 occasiones,
967 1980 1067 2010 quan-

89 2025 156 2047 tum
179 2018 310 2047 omnino
334 2017 403 2047 fieri
426 2022 544 2056 potest.
590 2015 673 2045 Hinc
691 2014 842 2054 Epicurei
865 2013 1069 2054 praecipiunt

90 2059 257 2090 vitandam
299 2069 376 2089 esse
416 2058 685 2099 gubernationem
720 2056 949 2096 Reipublicae,
994 2055 1069 2094 quia

90 2100 297 2133 manifestum
322 2107 370 2131 est
391 2101 661 2141 gubernationem
687 2099 817 2139 plenam
849 2108 924 2128 esse
948 2096 1068 2127 sollici-

91 2145 236 2176 tudinum
271 2150 301 2174 et
337 2142 558 2183 periculorum
594 2148 624 2172 et
659 2152 760 2182 saepe
794 2141 938 2181 tragicos
962 2140 1068 2169 exitus

91 2186 222 2224 afferre,
245 2193 278 2217 ut
299 2184 496 2222 Palamedis,
519 2183 992 2225 Thrasybuli,‘Demosthenis,
1017 2180 1069 2211 Ci-

93 2229 235 2266 66101115,
271 2228 435 2268 Pompeii,
459 2226 612 2257 Caesaris
637 2234 667 2257 et
692 2226 829 2257 aliorum
854 2224 1069 2255 innumerabi-

93 2271 170 2302 lium
194 2270 344 2311 exempla
367 2276 537 2300 testantur.

93 2416 140 2444 55>
159 2416 200 2445 qui
218 2417 277 2440 sunt
297 2416 358 2440 ebrii
377 2416 425 2439 vol.
447 2415 502 2444 aut]
529 2414 600 2439 Editt.
620 2414 657 2436 18.
678 2413 717 2436 20.
738 2413 776 2437 22.
796 2413 835 2434 24.
857 2411 897 2434 25.
918 2411 948 2434 28
969 2424 999 2427 ,-
1020 2409 1071 2439 34.,

163 2449 235 2479 corp.
258 2450 341 2476 1—8.,
361 2450 418 2479 Opp.
440 2451 459 2471 1.
481 2449 503 2471 2.
525 2448 566 2478 qui
585 2448 647 2472 ebrii
665 2447 714 2471 vol.
735 2448 794 2471 sunt
811 2447 868 2470 aut:
886 2445 958 2470 Editt.
979 2443 1018 2467 26.
1030 2444 1069 2466 27.

164 2484 205 2513 qui
223 2484 287 2508 ebrii
305 2486 361 2507 sunt
382 2483 430 2507 vol.
449 2485 492 2506 aut

95 2534 140 2559 56)
160 2534 268 2565 morbis]
288 2534 359 2563 Coi-p.
381 2534 454 2555 1—8.
475 2533 498 2556 in
517 2533 612 2556 morbis

557 108 580 137 1.
603 106 706 138 LOCl
728 103 1006 136 THEOLOGICI:
1029 104 1072 135 D.
1095 104 1255 135 TERTlA
1276 104 1433 136 EORUM
1458 103 1613 134 AETAS.

2022 105 2084 136 942

1194 196 1304 237 Aliqui
1339 198 1509 238 graviores
1544 197 1640 226 etiam
1675 196 1811 225 virtutes
1841 196 2017 232 advocant,
2051 198 2083 226 in

1109 250 1174 280 qua
1203 240 1352 269 oratione
1387 240 1513 270 etiamsi
1543 238 1698 271 multa⁵⁷)
1733 238 1939 274 omittuntur,
1974 244 2083 268 tamen

1108 281 1171 312 hoc
1206 291 1319 312 verum
1354 288 1415 318 est,
1450 282 1537 322 quod
1568 281 1677 310 dicunt
1706 286 1843 320 propter
1866 278 1998 310 dolores
2017 290 2082 309 11011

1107 323 1292 354 faciendum
1326 334 1402 354 esse
1437 330 1551 354 contra
1574 322 1673 352 ullam
1696 323 1857 352 virtutem.
1904 321 1985 352 Cato
2008 332 2082 361 pro-

1108 371 1179 405 pter
1202 367 1395 397 moestitiam
1418 377 1482 396 non
1507 365 1603 394 debet
1627 365 1688 394 sibi
1712 365 1921 394 consciscere
1935 370 2083 399 mortem,

1107 408 1184 438 facit
1208 409 1293 438 enim
1317 414 1430 438 contra
1453 407 1617 438 iustitiam.
1648 405 1842 436 Coriolanus
1866 412 1999 446 propter
2021 406 2082 435 ira-

1107 450 1258 481 cundiam
1287 460 1353 480 non
1388 451 1484 480 debet
1514 449 1651 488 obsequi
1676 449 1843 487 cupiditati
1868 448 2028 478 vindictae
2052 452 2083 476 et

1106 493 1232 533 patriae
1266 491 1388 522 bellum
1410 491 1549 526 inferret.
1595 489 1808 520 obliviscitur
1832 491 1916 519 enim
1938 490 2081 529 pietatiS‚

1107 545 1204 575 quam
1228 535 1369 564 debebat
1388 535 1522 572 patriae.
1559 532 1800 562 Demosthenes
1824 530 1938 571 pulsus
1951 532 2083 561 civitate

1106 587 1172 607 non
1206 577 1304 607 debet
1337 577 1421 606 adeo
1452 574 1652 606 muliebriter
1674 573 1861 609 lamentari,
1896 572 1974 603 facit
1998 573 2083 603 enim

1107 625 1220 649 contra
1243 619 1447 655 modestiam,
1471 627 1554 658 (11136
1577 617 1607 646 111
1630 618 1673 648 55)
1709 617 1794 646 0111111
1817 616 1913 655 g‘estu
1935 614 2083 644 modera-

1106 662 1227 691 tionem
1252 659 1364 690 efficit.

1192 702 1250 733 His
1274 701 1556 733 consolationibus
1587 700 1732 730 recitatis
1757 699 1929 739 deplorant
1952 700 2083 740 generis

1105 744 1236 775 humani
1269 745 1416 774 miserias
1441 750 1472 774 et
1496 742 1653 783 colligunt
1679 741 1850 772 multorum
1875 740 2082 771 calamitoso-

1105 798 1175 817 rum
1199 785 1360 826 exempla,
1384 786 1472 826 quod
1495 784 1600 815 levius
1636 784 1762 814 videtur
1786 794 1861 814 esse
1885 794 1987 820 onus,
2007 784 2083 823 quia

1105 840 1177 860 cum
1218 828 1325 859 multis
1366 828 1500 858 serimus
1542 836 1746 858 communem
1781 827 1943 856 miseriam
1984 834 2084 865 gene-

1106 872 1150 901 ris
1184 871 1326 902 humani.
1371 870 1514 900 Tandem
1548 880 1621 899 cum
1645 869 1754 898 vident
1780 868 1939 909 quaedam
1957 869 2084 909 tragica

1105 912 1190 943 mala
1214 912 1303 943 nulla
1329 911 1555 943 consolatione
1578 911 1671 940 leniri
1695 921 1808 950 posse,
1833 909 2029 941 delabuntur
2041 912 2083 941 ad

1105 955 1197 992 illud,
1223 955 1388 994 Optimum
1412 964 1477 984 non
1501 954 1604 984 nasci.
1639 952 1686 982 lta
1710 953 1741 982 in
1754 952 1988 992 philosophica
2006 963 2082 982 con-

1106 996 1269 1028 solatione
1293 1003 1361 1027 tota
1384 1006 1545 1036 nusquam
1570 995 1689 1025 mentio
1715 1001 1763 1024 est
1787 995 1864 1031 Dei,
1893 993 1981 1024 nulla
2004 994 2083 1024 libe-

1107 1040 1199 1076 ratio,
1223 1038 1302 1070 nulli
1327 1040 1445 1075 exitus.
1468 1036 1577 1068 nullus
1601 1035 1777 1076 opitulator
1801 1037 1993 1067 ostenditur.
2027 1036 2081 1066 Et-

1106 1083 1134 1112 si
1164 1088 1291 1119 autem,
1326 1087 1358 1110 ut
1393 1086 1484 1110 recte
1507 1078 1657 1110 valentes
1683 1079 1880 1109 medicorum
1911 1088 2081 1108 sermones

1106 1134 1172 1154 non
1208 1124 1317 1164 magni
1340 1122 1475 1158 faciunt,
1510 1123 1552 1151 ita
1578 1122 1656 1151 ebrii
1680 1119 1903 1160 voluptatibus
1922 1130 1985 1150 nec
2008 1119 2082 1150 Phi-

1106 1165 1298 1205 losophicas
1332 1175 1394 1195 nec
1417 1162 1638 1204 Evangelia-as
1668 1162 1913 1192 consolationes
1933 1162 2082 1192 conside-

1105 1213 1193 1244 rant,
1227 1213 1336 1237 tamen
1360 1212 1516 1247 aegrotus
1540 1206 1666 1235 animus
1691 1205 1787 1235 avide
1810 1205 1941 1244 inquirit
1964 1210 1994 1234 et
2017 1214 2083 1234 1116-

1106 1250 1257 1285 dicinam.
1281 1249 1499 1288 undecunque
1524 1247 1668 1283 offertur,
1687 1247 1818 1286 accipit,
1842 1246 1980 1276 maxime
2003 1256 2082 1276 vero

1105 1292 1305 1332 acquiescit,
1341 1290 1369 1320 si
1404 1288 1563 1330 intelligat
1597 1300 1616 1318 a
1650 1288 1723 1318 Deo
1758 1288 1856 1319 certis
1891 1289 2084 1318 testimoniis

1107 1332 1368 1364 consolationem
1391 1333 1595 1373 propositam
1619 1341 1707 1368 esse,
1743 1330 1860 1360 deinde
1882 1331 2007 1370 quaerit
2032 1340 2083 1360 sa-

1105 1377 1248 1416 pientum
1284 1386 1322 1406 60
1350 1376 1512 1411 stationes,
1547 1383 1632 1414 quae
1662 1374 1693 1402 in
1717 1371 1895 1402 levioribus
1918 1372 2081 1402 aerumnis

1105 1419 1200 1449 etiam
1230 1387 1378 1448 nonnfflil
1411 1416 1534 1447 leniunt
1570 1414 1713 1445 dolores.
1770 1414 1811 1444 Et
1844 1412 1976 1443 collatio
2011 1415 2083 1453 ipsa

1105 1461 1327 1491 doctrinarum
1350 1461 1458 1489 bonae
1482 1458 1579 1489 menti
1603 1458 1715 1487 suavis
1739 1463 1790 1487 est
1813 1462 1844 1485 et
1867 1456 1956 1485 addit
1974 1454 2082 1486 lucem

1105 1503 1227 1540 divinis
1257 1501 1541 1533 consolationibus
1577 1509 1702 1540 easque
1736 1497 1902 1529 dulciores
1932 1495 2031 1527 efficit
2053 1502 2084 1527 et

1105 1547 1232 1577 animos
1256 1544 1434 1580 exuscitat„
1458 1550 1491 1574 ut
1517 1542 1590 1573 Deo
1616 1542 1740 1583 gratias
1763 1546 1874 1580 agant,
1898 1540 1985 1579 quod
2007 1548 2085 1569 vere

1105 1586 1194 1619 affici
1217 1598 1254 1617 se
1278 1592 1464 1617 nostrarum
1487 1585 1692 1615 miseriarum
1711 1593 1790 1614 cura
1813 1588 1878 1611 tam
1901 1580 2083 1611 illustribus

1106 1630 1299 1661 testimoniis
1334 1629 1488 1659 ostendit.
1534 1627 1691 1657 Exhibuit
1725 1626 1808 1656 enim
1841 1624 1939 1653 nobis
1969 1621 2084 1652 Filium

1107 1684 1213 1710 suum,
1248 1679 1281 1703 ut
1307 1678 1394 1702 esset
1421 1670 1514 1701 testis
1539 1676 1569 1699 et
1592 1670 1712 1709 pignus
1738 1676 1819 1698 suae
1841 1665 2086 1696 misericordiae

1107 1726 1187 1757 erga
1212 1725 1285 1751 nos.
1309 1720 1338 1744 et
1364 1712 1471 1743 multis
1497 1712 1711 1742 concionibus
1734 1707 1942 1748 amplissimis
1967 1706 2085 1746 promi-

1108 1759 1149 1788 sit
1182 1756 1333 1788 auxilium
1358 1762 1387 1786 et
1418 1754 1645 1785 liberationem
1677 1751 1875 1782 calamitosis
1900 1749 2086 1788 petentibus

1109 1811 1214 1840 opem,
1250 1805 1279 1829 et
1316 1796 1465 1838 exempla
1499 1796 1622 1826 addidit
1645 1794 1874 1825 liberationum
1898 1791 2086 1861 insiffnium,

1109 1849 1141 1873 et
1175 1842 1361 1882 experimur
1395 1840 1456 1879 ipsi
1491 1837 1638 1878 exempla
1672 1836 1870 1877 quotidiana.
1915 1832 2003 1862 Utie
2037 1837 2088 1862 est

1109 1886 1207 1926 igitur
1236 1884 1360 1914 habere
1382 1882 1414 1912 in
1439 1886 1620 1920 conspectu
1644 1885 1675 1910 et
1700 1880 1740 1909 ob
1766 1877 1883 1908 oculos
1902 1875 2010 1915 posita
2034 1883 2087 1904 ca-

1110 1929 1175 1967 pita
1198 1927 1373 1967 praecipua
1399 1922 1673 1958 consolationum,
1692 1930 1776 1962 quae
1800 1921 1829 1949 in
1848 1919 1995 1949 doctrina
2014 1927 2088 1948 coe-

1110 1970 1185 2000 lesti
1219 1968 1410 2003 traduntur,
1446 1972 1477 1996 et
1512 1974 1652 1995 necesse
1688 1969 1737 1994 est
1773 1968 1882 1992 certas
1906 1961 2087 1990 sententias

1111 2017 1287 2042 annotatas
1323 2016 1447 2045 tenere,
1482 2018 1566 2048 quae
1590 2008 1728 2037 doceant
1759 2010 1883 2034 mentes
1908 2004 1949 2033 de
1972 2001 2088 2032 volun—

1112 2059 1178 2085 tate
1205 2053 1278 2083 Dei.
1325 2051 1400 2081 Ideo
1436 2052 1521 2080 enim
1555 2050 1693 2080 traditae
1717 2053 1809 2083 sunt,
1843 2052 1877 2076 ut
1903 2045 2089 2085 cogitentur

1113 2103 1142 2127 et
1166 2095 1347 2126 accendant
1382 2103 1444 2123 nos
1474 2093 1514 2123 ad
1541 2093 1739 2133 agnitionem
1763 2089 1824 2119 Dei
1848 2094 1877 2118 et
1903 2095 2086 2127 proponam

1112 2137 1278 2169 auxilium.

1198 2221 1456 2253 Recensebimus
1480 2225 1586 2249 autem
1611 2219 1754 2259 quinque
1777 2217 1871 2249 locos
1891 2218 2089 2250 consolatio-

1112 2276 1187 2296 num
1210 2264 1349 2294 traditos
1373 2262 1490 2299 aDeo,
1510 2271 1592 2301 quos
1617 2261 1804 2290 meminisse
1828 2271 1967 2292 necesse
1985 2268 2046 2292 est.

1199 2348 1328 2378 Primus
1362 2346 1458 2377 locus
1482 2351 1548 2376 est:
1584 2345 1706 2375 Omnes
1729 2345 1878 2375 homines
1902 2355 1941 2375 ac
1964 2346 2088 2385 praeci-

1116 2477 1160 2505 57)
1179 2475 1270 2504 multa]
1289 2475 1361 2499 Editt.
1381 2475 1419 2498 22.
1440 2474 1478 2496 24.
1501 2473 1539 2495 28.
1561 2472 1601 2496 29.
1621 2471 1730 2494 31—33.
1753 2472 1823 2496 multi

1115 2527 1160 2557 58)
1180 2527 1204 2550 in
1223 2525 1354 2550 omittunt
1372 2524 1445 2548 Editt.
1465 2523 1504 2545 2¹2.
1525 2524 1564 2546 24.
