2358 2933
207 108 270 139 995

208 207 239 228 ut
263 200 294 228 in
317 208 429 229 eorum
459 198 663 228 invocatione
692 197 815 228 luceret
849 197 1015 229 consessio
1044 205 1076 229 et
1100 208 1178 229 vera

208 241 354 271 doctrina
383 239 478 270 latius
507 247 759 280 propagaretur,
791 247 856 270 tum
886 246 920 270 ut
941 239 1092 271 Ecclesia
1122 239 1178 271 ha-

208 284 297 313 beret
321 281 427 322 aliqua
450 281 601 320 hospitia.
648 282 720 311 Non
745 282 876 313 dubium
898 288 950 312 est
972 284 1094 321 primos
1122 292 1178 322 pa-

208 333 273 355 tres
292 325 321 354 in
338 334 398 354 suo
414 330 522 360 coetu,
540 323 657 359 Adam,
675 323 823 361 llenoch,
839 323 946 361 Nolia,
965 324 1069 355 fuisse
1082 326 1178 354 etiam

207 365 358 406 politicos
382 367 632 405 gubernatores,
655 366 738 396 sient
763 366 900 396 traditur
922 365 1037 396 Noliae
1061 365 1115 396 lex
1138 366 1178 395 de

206 408 376 448 puniendis
407 407 575 438 homicidis
591 409 648 447 Γ’).
694 407 822 438 Deinde
847 406 1094 438 Melchisedeck
1124 418 1178 437 ex-

206 460 321 489 presse
346 460 403 479 rex
428 448 621 489 appellatur.
652 449 818 480 Abraham
837 450 898 479 etsi
919 449 1041 489 hospes
1064 448 1124 480 fuit
1146 449 1177 479 in

205 490 318 522 alienis
341 492 502 530 imperiis,
532 498 639 522 tamen
663 498 693 522 et
717 491 828 533 Reges
856 490 984 532 aliquos
1006 489 1178 522 Ecclesiae

205 534 349 564 adiunxit
379 541 410 564 et
439 534 521 563 rexit
551 533 621 573 ipse
651 533 784 574 politico
813 535 947 574 imperio
971 544 1064 564 suam
1088 532 1178 563 sami-

205 575 280 607 liam
309 582 340 606 et
370 574 547 615 proeliatus
577 582 639 606 est.
685 575 807 607 Postea
837 575 955 616 loseph
985 586 1051 606 non
1080 575 1177 605 modo

206 619 302 655 rexit,
330 618 389 647 sed
413 619 508 648 etiam
531 619 626 648 novis
651 618 794 659 Legibus
819 628 954 658 regnum
976 617 1178 659 Aegyptium

206 660 381 690 constituit.
406 660 475 690 Nec
495 660 625 691 dubium
645 668 694 691 est
714 661 850 691 lormani
871 661 963 700 regni
980 659 1177 700 Aegyptiaci

206 703 383 732 institutam
416 712 435 731 a
471 701 607 743 loseph,
643 703 749 733 donee
782 701 908 739 floruit,
944 694 1178 732 antecelluisse

206 745 347 774 omnium
362 754 537 785 regnorum
551 745 667 781 ordini,
686 754 900 785 quaecunque
914 742 1044 774 suerunt
1059 748 1177 784 postea

206 793 273 816 toto
302 787 382 816 orbe
410 792 587 823 terrarum,
617 787 648 816 in
672 785 858 823 Chaldaea,
889 786 997 823 Ionia,
1027 785 1177 819 Graecia,

206 828 337 859 Romae.

290 870 396 902 Valde
421 878 542 908 errant,
566 871 619 911 qni
640 870 753 901 Soloni
776 877 829 901 aut
850 871 1002 911 Augusto
1022 871 1177 900 maiorem

207 915 350 945 tribuunt
373 912 537 954 politicam
561 914 768 952 sapientiam,
798 923 896 953 quam
925 913 974 942 his
1000 912 1094 948 viris,
1124 911 1178 952 qui

206 957 313 987 divina
343 955 416 986 luce
444 956 642 995 regebntur
671 961 703 986 et
726 955 832 986 Deum
859 964 937 985 vere
965 955 1177 990 invocabant,

208 998 339 1038 loseph,
374 997 520 1035 Danieli,
553 996 679 1028 Esdrae
708 1003 739 1028 et
768 995 939 1027 similibus.
985 997 1055 1027 Nec
1085 994 1178 1026 solus

207 1040 326 1081 loseph
349 1041 431 1071 inter
455 1040 625 1080 Principes
643 1039 828 1081 Aegyptios
846 1038 953 1069 Deum
977 1045 1066 1069 reete
1088 1039 1179 1068 invo-

207 1084 314 1120 cabat,
334 1083 393 1113 sed
411 1083 481 1113 eius
500 1083 695 1122 gubernatio
712 1091 823 1123 regem
841 1091 901 1112 sua
920 1086 1026 1111 aetate
1042 1090 1179 1121 regnan-

207 1133 269 1157 tem
293 1131 323 1155 et
348 1123 481 1162 multos,
511 1125 564 1165 qui
588 1135 652 1155 una
670 1122 914 1163 Rempublicam
938 1134 972 1153 re
999 1124 1112 1160 ebant,
1138 1122 1179 1153 ad

207 1167 404 1210 agnitionem
434 1168 501 1197 veri
530 1166 590 1197 Dei
618 1168 785 1206 pertraxit.
829 1166 952 1197 Postea
998 1165 1119 1200 lovsen
1149 1170 1180 1195 et

208 1209 326 1241 multos
346 1211 586 1250 gubernatores
610 1210 640 1239 in
659 1208 780 1249 populo
800 1207 902 1239 lsrael
920 1207 995 1238 Deo
1015 1200 1179 1248 placuisse

209 1251 285 1283 nihil
310 1253 438 1282 dubium
464 1259 524 1282 est.

293 1295 389 1329 Quod
407 1304 486 1324 vero
509 1293 624 1324 furiosi
642 1294 878 1333 Anabaptistae
902 1293 1023 1329 dictint,
1046 1296 1180 1331 propter

210 1335 485 1378 imperfectionem
504 1334 626 1376 populo
647 1334 748 1365 lsrael
772 1345 967 1365 concessum
987 1343 1061 1364 esse
1081 1333 1180 1364 domi-

209 1379 316 1410 cilium
346 1385 377 1409 et
407 1377 539 1418 politica
570 1376 692 1412 officia,
726 1376 914 1417 Responsio
945 1382 996 1406 est
1025 1374 1121 1415 plena
1135 1377 1178 1409 ⁴³)

209 1420 411 1453 insulsitatis.
457 1418 630 1460 Singulare
658 1418 721 1449 Dei
756 1419 949 1449 beneficium
983 1416 1059 1453 fuit,
1093 1418 1180 1457 quod

211 1470 330 1495 certam
353 1463 466 1493 sedem
488 1461 659 1492 Ecclesiae
682 1461 813 1491 tradidit
836 1470 876 1491 ac
905 1458 1048 1490 defendit
1075 1469 1179 1488 annos

210 1505 347 1546 amplius
371 1504 457 1535 mille
480 1504 738 1545 quadringentos
751 1505 806 1539 ⁴⁹).
848 1501 959 1533 Voluit
984 1501 1066 1532 enim
1088 1500 1181 1531 Deus

211 1555 333 1579 certum
356 1558 431 1578 esse
450 1546 570 1583 locum,
594 1547 624 1575 in
645 1556 709 1586 quo
728 1545 911 1576 testimonia
929 1543 1180 1585 promissionum

212 1591 390 1621 divinarum
413 1590 599 1625 ederentur,
622 1594 652 1619 et
671 1589 703 1618 in
723 1598 786 1629 quo
807 1587 957 1618 Christus
976 1591 1181 1622 nasceretur,

211 1634 295 1664 sicut
318 1642 418 1672 supra
444 1632 484 1661 de
508 1636 618 1661 vetere
637 1630 846 1661 Testamento
871 1630 1037 1670 copiosius
1060 1628 1181 1659 dictum

212 1682 270 1705 est.
316 1674 340 1703 Γ
344 1685 397 1705 um
420 1680 526 1704 autem
552 1674 583 1703 in
605 1671 726 1713 populo
750 1671 851 1703 lsrael
880 1671 988 1713 legem
1017 1676 1049 1701 et
1076 1668 1181 1710 politi-

213 1728 284 1748 cum
314 1716 459 1747 ordinem
487 1716 682 1756 approbavit
709 1721 740 1745 et
770 1724 870 1755 saepe
900 1720 1037 1745 testatus
1066 1717 1117 1742 est
1145 1722 1181 1742 se

213 1758 321 1789 officia
343 1757 398 1788 illa
419 1758 599 1797 postulare.
624 1758 705 1788 utin
723 1758 771 1788 eis
790 1757 954 1788 invocatio
968 1755 1180 1791 accendatur,

213 1801 330 1838 luceat,
354 1800 519 1831 confessio
540 1807 571 1830 et
591 1799 719 1830 dilectio
740 1810 819 1840 erga
829 1798 1010 1829 Ecclesiam
1029 1807 1182 1828 exercea-

213 1851 280 1880 tur,
312 1843 507 1883 significavit
538 1852 574 1872 se
603 1843 698 1873 etiam
720 1842 806 1882 apud
828 1840 909 1872 alias
933 1846 1049 1881 gentes
1073 1839 1181 1881 legem

213 1892 244 1916 et
266 1884 430 1925 politicum
453 1885 597 1915 ordinem
619 1885 820 1925 approbare,
844 1889 879 1915 ut
902 1881 1047 1923 exempla
1073 1887 1182 1912 osten-

215 1929 302 1958 dunt.
347 1927 429 1957 Nam
453 1926 588 1966 loseph,
619 1926 736 1957 Daniel
764 1932 796 1957 et
825 1926 878 1957 alii
907 1924 994 1956 multi
1022 1925 1181 1965 guberna-

215 1976 289 2000 runt.
322 1968 449 2009 politias
484 1970 567 1999 inter
596 1969 764 1999 Ethnicos.
830 1968 991 1998 Historias
1025 1967 1122 2007 igitur
1150 1967 1182 1996 in

216 2012 324 2052 regnis
349 2012 466 2041 ceteris
489 2018 583 2042 extra
601 2010 814 2042 Israeliticum
834 2011 1087 2041 consideremus.
1116 2007 1183 2038 Da-

216 2052 279 2083 niel
306 2054 506 2092 provineiam
535 2053 707 2083 Ethnicam
737 2054 820 2093 regit
851 2059 882 2084 et
913 2063 973 2083 suo
1005 2051 1182 2082 ministerio

216 2105 328 2136 regum
361 2096 660 2135 praestantissimos
694 2095 783 2126 flexit
813 2096 856 2126 ad
889 2095 1087 2136 agnitionem
1117 2094 1184 2123 veri

216 2137 294 2174 Dei,
326 2136 475 2168 videlicet
506 2147 695 2168 eversorem
723 2136 942 2178 lerosolymae
966 2134 1184 2167 Nabuchodo-

217 2189 317 2210 nosor
330 2181 373 2210 5⁰]
394 2185 423 2209 et
442 2180 513 2210 eius
532 2179 632 2211 filium
651 2179 787 2211 Darium
807 2179 948 2217 Medum,
968 2178 994 2210 C
1011 2189 1090 2209 ‘rum
1108 2178 1185 2208 Per-

217 2232 285 2252 sam
305 2228 335 2252 et
353 2220 474 2252 multos
493 2221 673 2263 Principes·
704 2222 780 2253 ldeo
799 2222 891 2254 Deus
911 2231 999 2262 popu
1014 2232 1065 2252 uin
1084 2218 1185 2251 lsrael

217 2265 247 2294 in
266 2263 468 2295 Monarchiis
491 2263 573 2295 alias
597 2264 671 2296 alibi
696 2265 860 2305 dispersit,
881 2271 917 2296 ut
940 2265 1090 2295 doctrina
1108 2273 1186 2294 vera

218 2376 263 2404 47)
280 2375 422 2404 homicidis]
441 2375 512 2400 Editt.
533 2377 571 2401 22.
591 2378 631 2400 24.
653 2377 769 2405 28-34.,
790 2378 849 2407 opp.
871 2378 890 2401 1.
910 2377 933 2399 2.
953 2376 1092 2401 homicidiis

219 2426 264 2456 48)
284 2428 323 2450 est
342 2425 427 2455 plena]
446 2426 516 2457 Coi-p.
539 2429 610 2451 1-8.
630 2428 704 2457 plena
724 2431 762 2452 est

218 2476 264 2506 49)
284 2475 505 2506 quadringentos]
525 2478 596 2502 Editt.
619 2479 640 2500 1.
660 2478 683 2501 3.
704 2478 902 2508 quadringentis-

219 2528 264 2552 50)
284 2526 522 2558 Nabuchodonosor]
544 2528 614 2552 Editt.
638 2530 657 2553 1.
676 2529 696 2552 3,
716 2529 915 2558 Nabogdonosor

836 106 942 138 PtiiL.
966 106 1067 138 MEL.
1092 105 1275 138 scnu¹TA
1300 105 1571 138 DoGMATiCA.

2127 110 2190 141 996

1222 199 1261 230 de
1290 198 1364 230 Deo
1393 197 1490 230 latius
1542 205 1766 240 ropagaretur.
1811 200 1846 231 ln
1875 199 2018 232 historiis
2042 200 2133 232 Evan
2159 212 2189 232 e-

1221 240 1293 271 licis
1316 242 1435 272 mentio
1459 240 1494 271 fit
1516 241 1750 272 eenturionum
1772 240 1907 283 aliquot,
1931 242 1986 282 qui
2008 241 2144 284 Evange
2158 244 2189 274 io

1223 283 1444 319 crediderunt3
1466 283 1532 313 lmo
1555 284 1587 313 in
1609 289 1711 314 totam
1735 282 1889 322 Cornelii,
1911 282 2018 315 militis
2041 284 2190 322 Romani,

1222 324 1374 356 {amiliam
1397 326 1537 366 Spiritus
1561 331 1697 356 sanctus
1720 326 1842 366 ingenti
1864 325 2032 363 miraculo,
2057 327 2192 367 perinde

1222 372 1255 397 ut
1278 367 1309 397 in
1332 366 1526 408 Apostolos,
1550 366 1673 398 effusus
1697 374 1757 398 est.

1307 426 1389 456 Cum
1417 426 1513 465 igitur
1542 432 1590 456 tot
1619 432 1730 456 extent
1759 432 1848 457 certa
1876 432 1907 457 et
1934 425 2073 457 illustria
2101 427 2190 458 testi-

1222 468 1331 497 monia
1349 472 1381 497 et
1399 466 1558 506 exempla,
1579 477 1662 507 quae
1682 468 1857 498 ostendunt
1871 467 1944 498 Deo
1995 467 2105 499 lacere
2134 478 2191 508 po·

1221 507 1343 539 liticum
1366 509 1527 546 ordinem,
1556 509 1621 539 lmo
1646 508 1753 539 officia
1777 509 1901 540 ordinis
1929 519 1972 550 po
1987 511 2052 540 itici
2080 511 2112 540 in
2139 511 2191 546 iis,

1222 551 1276 591 qui
1298 550 1404 582 Deum
1428 556 1518 581 recte
1541 552 1711 588 invocant,
1740 561 1816 581 esse
1842 552 1895 592 pia
1921 562 2021 592 opera
2044 557 2076 582 et
2098 561 2191 592 prae-

1223 594 1336 633 cipuos
1360 592 1467 623 cultus
1490 592 1570 629 Dei3
1598 594 1761 624 discamus
1784 593 1933 624 venerari
1956 603 2010 624 res
2028 592 2191 634 politicas,

1222 635 1365 676 imperia,
1388 634 1613 675 Magistratus,
1632 634 1736 676 leges,
1755 636 1887 673 iudicia,
1906 635 2132 666 distinctiones
2145 637 2191 672 ⁵¹)

1222 677 1446 714 dominiorum,
1466 682 1666 714 contractus,
1683 683 1837 718 tanquam
1850 678 1936 708 dona
1947 677 2021 715 Dei,
2039 683 2070 707 et
2084 677 2190 708 omnia

1222 717 1326 749 civilis
1350 719 1435 750 vitae
1459 728 1559 757 opera
1581 717 1760 749 referamus·
1783 720 1825 750 ad
1847 719 1909 750 hos
1931 719 2032 758 fines,
2058 725 2094 750 ut
2115 719 2190 750 Deo

1221 762 1252 792 in
1275 761 1326 791 his
1349 761 1607 791 ordinationibus
1631 761 1837 799 obediamus,
1861 767 1893 792 et
1914 767 1949 792 ut
1971 762 2136 792 invocatio
2159 766 2190 791 et

1222 803 1387 834 consessio
1412 808 1525 833 nostra
1547 803 1579 833 in
1597 802 1660 832 hac
1679 803 1836 833 societate
1853 802 1974 841 luceat,
1998 809 2029 834 et
2046 809 2081 834 ut
2100 812 2191 834 exer-

1223 856 1355 877 ceamus
1380 844 1586 875 dilectionem
1609 850 1758 875 mutuam.

1306 887 1455 918 Recitavi
1478 886 1627 927 exempla
1650 888 1923 927 gubernatorum,
1952 887 2005 927 qui
2028 886 2099 917 Deo
2123 885 2191 928 pla-

1223 935 1370 966 cuerunt,
1393 934 1425 959 ut
1449 928 1584 969 loseph,
1606 927 1739 966 Daniel,
1761 928 1930 959 Nahaman
1955 929 2074 970 Syrum
2097 934 2129 959 et
2150 929 2192 960 si-

1222 971 1324 1003 miles.
1365 971 1434 1002 Hos
1453 981 1525 1002 cum
1545 976 1673 1001 constet
1691 981 1710 1001 a
1729 970 1801 1001 Deo
1820 971 1948 1001 adiutos
1966 980 2054 1007 esse,
2076 972 2192 1003 truber-

1222 1015 1384 1045 nationem
1408 1023 1485 1044 esse
1508 1023 1592 1053 opus
1623 1019 1653 1043 et
1684 1012 1879 1043 beneficium
1902 1012 1963 1043 Dei
1989 994 2192 1044 manifestum

1224 1062 1285 1088 est.
1329 1055 1457 1086 Addam
1481 1060 1588 1086 autem
1612 1061 1643 1086 et
1666 1056 1706 1085 de
1728 1055 1879 1085 Heroicis
1904 1055 1983 1086 viris
2006 1056 2091 1095 apud
2114 1054 2192 1085 Eth-

1223 1100 1326 1135 nicos,
1346 1098 1399 1138 qui
1418 1096 1549 1128 fuerunt
1567 1098 1637 1127 sine
1656 1098 1823 1138 agnitione
1842 1106 1920 1128 vera
1937 1096 2012 1135 Dei,
2035 1102 2067 1127 et
2083 1103 2192 1128 tamen

1223 1152 1264 1172 ne
1287 1149 1392 1182 genus
1415 1139 1590 1170 humanum
1612 1149 1750 1179 prorsus
1773 1139 1927 1176 interiret,
1949 1149 1969 1170 a
1986 1139 2059 1170 Deo
2079 1138 2193 1170 arden-

1223 1184 1309 1215 tibus
1332 1182 1474 1213 motibus
1497 1182 1540 1212 ad
1563 1183 1712 1213 virtutem
1736 1181 1863 1212 excitati
1887 1187 1963 1212 sunt
1985 1187 2017 1212 et
2038 1182 2072 1212 in
2092 1181 2193 1212 rebus

1224 1225 1378 1267 gerendis
1407 1224 1524 1260 adiuti,
1554 1230 1589 1254 ut
1617 1222 1822 1261 Alexander,
1853 1222 1979 1264 Scipio,
2010 1223 2192 1264 Augustus.

1223 1268 1361 1298 Mirandi
1384 1271 1521 1296 eventus
1543 1266 1573 1296 in
1594 1267 1693 1296 rebus
1713 1266 1815 1307 gestis
1834 1264 1945 1296 talium
1963 1266 2107 1296 virorum
2125 1274 2192 1295 mo-

1224 1314 1339 1340 verunt
1362 1317 1477 1338 omnes
1499 1308 1695 1347 pmdentes,
1722 1313 1758 1338 ut
1784 1306 1964 1337 faterentur
1986 1316 2044 1337 eos
2068 1307 2192 1338 habere

1223 1353 1360 1391 impetus
1384 1348 1536 1380 meliores
1560 1355 1592 1380 et
1614 1348 1791 1385 feliciores,
1814 1359 1911 1389 quam
1933 1348 2134 1389 reliquorum
2148 1349 2192 1385 ⁵2)

1224 1393 1386 1423 hominum
1408 1390 1652 1421 multitudinem.
1697 1391 1773 1421 Ideo
1796 1390 1913 1421 Cicero
1936 1391 2048 1431 inquit,
2070 1389 2193 1421 nullum

1224 1434 1326 1465 fuisse
1350 1434 1453 1464 virum
1475 1442 1629 1473 magnum
1646 1433 1716 1463 sine
1738 1431 1852 1463 afflatu
1875 1432 1995 1463 divino.
2047 1431 2194 1472 Cumque

1223 1478 1264 1507 ad
1288 1475 1516 1507 constituenda
1538 1475 1670 1515 imperia
1693 1480 1748 1505 aut
1770 1474 1981 1505 instauranda
2004 1479 2035 1504 et
2053 1474 2095 1504 ad
2113 1472 2193 1514 poli-

1225 1520 1286 1549 tias
1316 1528 1355 1548 ac
1378 1523 1464 1548 artes
1492 1517 1710 1547 restituendas
1733 1516 1826 1547 Deus
1854 1517 1978 1547 inserat
2006 1515 2194 1557 singulares

1224 1567 1330 1592 motus
1359 1559 1479 1590 talibus
1510 1559 1646 1589 ducibus
1675 1565 1732 1589 aut
1761 1558 1957 1596 artificibus,
1987 1557 2194 1589 manifestum

1225 1603 1443 1635 testimonium
1474 1601 1615 1632 ostendit
1644 1602 1851 1642 praesentiae
1885 1610 1964 1631 suae
1997 1600 2029 1631 in
2061 1599 2194 1641 politiis,

1225 1647 1310 1676 sicut
1340 1644 1434 1675 Plato
1458 1644 1488 1673 4.
1519 1644 1559 1674 de
1586 1643 1731 1684 Legibus
1761 1643 1879 1683 inquit:
1915 1642 2195 1677 Quemadmodum

1227 1690 1328 1719 boves
1352 1697 1415 1717 non
1440 1696 1459 1716 a
1483 1687 1605 1723 bobus,
1628 1696 1689 1716 nec
1713 1695 1832 1726 caprae
1854 1695 1874 1716 a
1896 1685 2004 1725 capris
2026 1690 2195 1725 reguntur,

1225 1731 1282 1761 sed
1306 1740 1325 1760 a
1347 1729 1585 1769 praestantiore
1607 1734 1734 1764 natura,
1757 1726 1909 1758 videlieet
1930 1727 1971 1757 ab
1993 1725 2194 1763 hominibus,

1223 1774 1270 1803 sic
1288 1778 1405 1803 natura
1426 1770 1567 1801 humana
1589 1769 1746 1801 infirmior
1768 1775 1829 1807 est,
1852 1779 1949 1810 quam
1971 1774 2006 1799 ut
2029 1778 2066 1799 se
2089 1770 2192 1808 ipsam

1225 1824 1340 1856 regere
1358 1814 1472 1854 possit.
1508 1812 1617 1847 Quare
1636 1812 1727 1842 Deus
1750 1810 1905 1853 praefecit
1924 1811 2108 1842 civitatibus
2126 1819 2194 1841 non

1225 1858 1384 1893 homines,
1400 1856 1459 1886 sed
1473 1855 1690 1895 praestantius
1701 1861 1731 1885 et
1742 1856 1788 1893 ⁵3)
1815 1854 1954 1885 divinius
1967 1853 2130 1894 quoddam
2140 1862 2195 1894 ge—

1226 1910 1299 1936 nus,
1312 1898 1432 1929 heroas
1449 1896 1599 1928 videlicet
1610 1920 1618 1934 ,
1634 1897 1685 1937 qni
1700 1907 1772 1926 cum
1789 1895 1930 1926 habeant
1945 1896 2005 1934 ipsi
2016 1903 2195 1935 prosperos

1227 1951 1421 1977 successus,
1454 1940 1550 1970 nobis
1579 1948 1709 1980 quoque
1736 1938 1869 1977 imperia
1899 1947 2010 1967 eorum
2037 1941 2131 1977 grata
2164 1942 2195 1967 et

1227 1983 1336 2014 facilia
1354 1988 1438 2013 sunt.
1473 1981 1512 2012 Hi
1531 1982 1575 2012 ita
1594 1986 1707 2012 curant
1726 1990 1800 2014 noS,
1823 1986 1857 2010 ut
1876 1988 2003 2019 pacem,
2025 1979 2195 2019 pudorem,

1226 2026 1407 2057 libertatem
1427 2028 1640 2060 conservent,
1664 2028 1696 2052 et
1719 2022 1824 2052 addit:
1848 2021 1970 2052 Verum
1993 2026 2043 2051 est
2063 2021 2194 2057 dietum,

1228 2069 1281 2100 ubi
1303 2078 1368 2099 non
1392 2066 1503 2103 Deus,
1529 2066 1588 2096 sed
1611 2063 1758 2095 mortalis
1781 2063 1899 2105 aliquis
1923 2063 2124 2100 dominatur,
2152 2062 2196 2092 ibi

1227 2110 1384 2141 malorum
1409 2114 1440 2139 et
1462 2118 1687 2139 aerumnarum
1705 2105 1827 2137 nullum
1846 2114 1922 2137 esse
1941 2104 2103 2145 effugium.
2137 2104 2197 2135 Sa—

1227 2153 1429 2193 pientissime
1450 2149 1532 2181 haec
1556 2155 1587 2179 et
1608 2149 1779 2180 verissime
1802 2159 1822 2179 a
1839 2147 1976 2179 Platone
2000 2148 2086 2177 dicta
2108 2152 2195 2178 sunt.

1228 2195 1269 2226 Et
1302 2194 1384 2226 haec
1418 2193 1488 2224 eius
1521 2193 1622 2223 verba
1660 2191 1778 2222 intimis
1817 2190 1969 2221 sensibus
2005 2188 2195 2231 infigamus:

1228 2242 1317 2277 Λέγει
1339 2236 1374 2274 δὴ
1396 2239 1446 2266 καὶ
1468 2235 1516 2265 νῦν
1538 2232 1629 2269 οὕτως
1653 2233 1667 2263 ὁ
1691 2234 1774 2271 λόγος
1796 2233 1942 2276 ἀληθείᾳ,
1962 2231 2132 2273 χρώμενος,
2156 2229 2197 2265 ὥς

1228 2278 1306 2311 ’ὅσων
1330 2277 1365 2309 ἂν
1387 2279 1501 2308 πόλεων
1523 2276 1563 2314 μὴ
1586 2275 1674 2313 θεὸς,
1706 2275 1784 2305 ἄλλά
1806 2287 1853 2310 τις
1881 2274 1966 2315 ἄρχει
1994 2272 2117 2311 θνητὸς,
2147 2271 2196 2302 οὐκ

1228 2426 1273 2456 51)
1295 2424 1480 2454 distinctiones]
1498 2423 1570 2448 Editt.
1593 2421 1684 2445 1-16.
1707 2421 1747 2444 19.
1767 2421 1951 2446 distinctionem

1228 2477 1274 2506 52)
1294 2474 1458 2505 reliquorum]
1480 2474 1551 2499 Editt.
1572 2472 1663 2496 1—15.
1686 2472 1722 2496 19.
1742 2471 1864 2502 reliquam

1230 2526 1275 2554 53)
1294 2525 1327 2556 et]
1349 2526 1419 2551 Editt.
1440 2525 1480 2548 20.
1499 2524 1546 2549 25..
1567 2524 1636 2552 com.
1660 2522 1733 2545 1—8.
1753 2527 1783 2546 ae
