2358 2933
227 104 306 136 1035

307 196 448 227 Primum
473 197 638 232 doctrina,
674 204 759 235 quae
782 201 943 226 monstrat
966 206 1064 226 veros
1088 194 1194 226 cultus

222 249 250 270 et
276 246 365 270 taxat
389 238 633 269 commenticios
663 244 693 268 et
725 247 879 268 caussam
902 239 1043 269 ostendit
1065 236 1194 269 liberta-

223 283 261 313 tis
291 283 322 312 in
352 280 566 320 Adiaphoris,
600 280 814 320 proponenda
842 285 902 310 est.
947 280 1030 311 Nam
1053 281 1106 320 qui
1129 289 1194 310 non

222 325 399 355 didicerunt
426 332 577 353 caussam
606 321 766 352 libertatis
790 328 822 352 et
843 321 952 353 adbuc
976 328 1090 362 putant
1113 322 1194 352 ritus

221 366 296 397 illos
320 376 396 396 esse
420 363 539 401 cultus,
563 375 635 394 cum
656 364 857 394 dubitatione
881 364 1104 395 conscientiae
1126 365 1194 394 vio·

221 408 287 440 lant
315 408 514 438 traditiones.
562 407 674 436 Omnis
701 412 807 437 autem
837 406 994 437 dubitatio
1023 407 1194 437 conscien-

222 453 285 481 tiae
313 450 442 489 impedit
475 450 726 479 invocationem.
772 447 881 482 Quare
912 449 998 488 apud
1028 458 1105 485 eos,
1139 448 1193 488 qui

221 494 400 523 doctrinam
425 502 489 521 non
513 491 683 522 audierunt
710 498 740 521 et
770 497 845 521 sunt
875 490 1025 521 homines
1054 490 1192 520 modesti

220 542 251 567 et
275 533 411 569 dociles,
433 544 499 564 non
521 534 629 563 subito
653 533 806 564 mutanda
824 539 875 563 est
893 534 1110 570 consuetudo,
1134 531 1192 562 sed

220 579 309 618 prius
343 577 454 606 doceri
489 585 546 606 eos
576 575 687 606 utilius
722 582 788 613 est,
821 576 905 606 sicut
934 573 1058 606 Paulus
1092 575 1193 615 inquit

221 619 324 657 lRom.
354 619 402 655 l-i,
433 619 491 657 l.]:
527 618 690 649 Inlirmum
721 618 753 648 in
781 617 844 648 fide
874 618 1029 648 assumite
1057 627 1123 648 non
1150 617 1192 647 ad

220 662 457 697 dubitationes,
480 661 512 691 id
536 667 604 697 est,
632 659 778 691 homines
802 658 944 695 dociles,
974 661 1029 700 qui
1051 657 1191 699 amplexi

219 711 293 735 sunt
317 702 549 744 Evangelium,
579 703 638 733 sed
661 709 767 733 tamen
791 701 898 733 adhuc
921 700 1043 742 aliquid
1067 701 1192 731 dubita-

220 748 316 777 tionis
339 746 459 776 habent
483 746 523 775 de
540 745 591 774 his
611 743 760 775 cultibus.
785 745 911 775 erudite
934 750 966 774 et
989 742 1192 780 confirmate,

218 796 251 820 ut
276 789 379 819 sciuit
405 798 441 817 se
465 797 530 817 non
552 797 691 827 peccare
714 787 850 817 abiectis
873 786 923 817 his
948 787 1075 816 ritibuS.
1114 785 1192 816 ldeo

219 838 327 861 autem
341 830 583 861 confirmentur.
610 840 660 866 ne,
684 830 711 858 si
731 840 803 859 cum
817 829 1017 859 dubitatione
1028 828 1192 864 abiiciunt,

220 873 438 903 conscientiae
469 870 590 911 fugiant
618 871 723 901 Deum
754 876 785 901 et
815 871 1020 901 excutiantur
1041 868 1138 900 Fides
1162 875 1191 899 et

221 916 396 946 invocatio.
444 914 564 945 Verum
594 914 725 953 quamlo
754 914 796 943 sit
828 912 904 943 utile
928 913 1123 943 mutationes
1147 911 1193 942 sa-

221 968 310 994 cere,
338 957 489 987 iudicium
512 963 561 986 est
586 956 657 995 piae
680 956 816 992 mentis,
847 961 971 986 tantum
994 955 1081 985 absit
1103 960 1193 994 petu-

220 1000 328 1030 lantia.

305 1042 483 1081 Postquam
508 1048 613 1071 autem
638 1041 786 1070 doctrina
810 1040 850 1070 de
873 1041 960 1070 veris
975 1044 1007 1070 et
1019 1037 1114 1069 falsis
1128 1037 1194 1069 cul-

220 1086 305 1115 tibus
329 1091 359 1114 et
385 1085 424 1113 de
447 1083 597 1114 libertate
624 1083 686 1113 iam
714 1083 886 1123 proposita
909 1088 975 1119 est,
1010 1081 1193 1112 conceden-

220 1128 294 1158 dum
319 1134 367 1156 est
392 1125 532 1166 exempli
556 1134 692 1162 caussa,
720 1131 753 1156 ut
781 1123 912 1155 inutiles
936 1124 1017 1155 ritus
1040 1124 1194 1154 abiician-

220 1177 288 1207 tur,
323 1179 382 1198 nec
412 1169 589 1207 pertinacia
618 1177 730 1197 eorum
752 1165 917 1197 laudanda
939 1172 1007 1203 est,
1042 1166 1097 1206 qui
1120 1175 1194 1196 cum

221 1218 402 1253 agnoscant
439 1211 620 1241 doctrinam
653 1219 765 1240 veram
799 1218 891 1246 esse,
931 1215 1040 1239 tamen
1074 1208 1194 1238 acerbe

222 1254 367 1295 flagitant
392 1262 506 1283 omnes
529 1253 619 1282 ritus.

306 1296 396 1326 Haec
419 1295 596 1335 pertinacia
620 1292 787 1333 multiplex
811 1292 1003 1323 scandalum
1026 1298 1092 1328 est,
1120 1291 1194 1331 quia

222 1338 389 1370 continuat
414 1337 527 1367 hostes
556 1346 654 1366 verae
682 1336 849 1366 doctrinae
878 1341 910 1365 et
935 1335 1066 1365 adducit
1094 1335 1194 1364 imbe-

222 1380 364 1412 cilliores
388 1381 418 1410 in
444 1379 693 1414 dubitationem,
729 1378 782 1417 qui
805 1382 950 1408 metuunt
974 1386 1040 1406 non
1062 1375 1195 1414 probari

223 1434 315 1454 usum
343 1421 503 1453 libertatis
532 1420 615 1456 illis,
651 1421 705 1460 qui
738 1420 888 1450 doctrina
920 1417 974 1449 vel
1001 1418 1194 1448 auctoritate

221 1464 432 1501 antecellunt,
456 1470 486 1494 et
511 1464 723 1494 contristatur
735 1461 894 1491 interdum
908 1460 1047 1500 Spiritus
1060 1466 1194 1489 sanctus

221 1510 252 1539 in
275 1506 556 1542 imbecillioribus,
580 1515 653 1535 cum
677 1503 790 1534 dolent
812 1513 849 1533 se
868 1503 1020 1534 accusari
1042 1501 1194 1532 levitatis.

222 1550 291 1581 Hac
314 1551 354 1580 de
378 1560 413 1580 re
436 1549 569 1589 prodest
594 1548 734 1578 recitare
751 1545 931 1583 historiam,
954 1554 1038 1586 quae
1058 1549 1146 1575 extat
1163 1544 1194 1573 in

225 1594 337 1634 quinto
360 1591 443 1622 libro
468 1591 611 1621 Eusebii.

306 1633 505 1665 Nobilissimi
524 1633 693 1673 coniuges,
716 1630 848 1662 Attalus
865 1637 897 1660 et
909 1629 1082 1661 Blandina.
1108 1628 1196 1669 Lug—

223 1678 298 1709 duni
322 1678 353 1708 in
378 1686 511 1707 carcere
540 1682 632 1706 erant
659 1679 794 1715 propter
817 1671 991 1714 Evangelii
1015 1669 1196 1712 professio—

222 1730 296 1751 nem
320 1719 563 1759 comprehensi,
593 1727 631 1747 ac
656 1726 756 1756 saepe
778 1716 1045 1756 producebantur
1066 1714 1100 1744 in
1121 1711 1197 1743 loca

225 1761 468 1803 suppliciorum,
491 1768 524 1791 ut
548 1760 760 1791 flecterentur
782 1759 824 1788 ad
847 1757 1064 1788 abiiciendam
1076 1754 1197 1787 Christi

224 1805 474 1835 invocationem.
508 1803 588 1833 Erat
611 1810 718 1832 autem
741 1811 807 1831 una
828 1798 911 1831 alius
935 1799 1093 1840 quispiam
1107 1797 1198 1828 Chri-

224 1849 349 1878 stianus
380 1848 411 1877 in
444 1855 594 1881 carcere,
631 1845 683 1885 qui
718 1842 940 1884 singularibus
969 1841 1131 1872 exercitiis
1160 1849 1197 1869 se

225 1890 427 1925 macerabat,
460 1898 526 1919 non
560 1887 654 1922 vino,
688 1896 752 1916 non
787 1895 886 1915 carne
919 1885 1081 1915 utebatur.
1137 1881 1197 1912 Hic

225 1931 334 1963 Attalo
360 1932 468 1961 divina
491 1929 691 1960 revelatione
715 1929 900 1958 mandatum
925 1932 991 1963 est,
1018 1931 1053 1956 ut
1077 1925 1197 1955 diceret

226 1974 269 2005 illi
294 1974 426 2010 duriori,
450 1979 483 2003 ut
509 1971 734 2002 communibus
758 1971 840 2000 cibis
864 1975 1026 2005 uteretur,
1049 1977 1110 1998 nec
1133 1967 1198 1996 sin-

227 2015 340 2059 gulare
362 2014 544 2056 exemplum
564 2014 682 2044 ceteris
700 2018 917 2053 proponeret;
939 2017 971 2042 et
988 2010 1071 2041 ratio
1089 2009 1199 2040 addita

227 2066 293 2097 est,
334 2059 421 2099 quod
455 2058 604 2088 rudiores
639 2056 861 2087 existimarent
894 2053 977 2084 haec
1012 2051 1199 2083 discrimina

228 2103 373 2133 ciborum
409 2110 484 2131 esse
522 2099 794 2140 praestantiorem
829 2095 949 2127 cultum
983 2095 1063 2132 Dei,
1105 2103 1199 2135 quem

228 2154 372 2175 errorem
395 2143 500 2174 taxari
523 2141 642 2182 prosit,
666 2151 731 2172 non
755 2138 951 2170 confirmari.
995 2136 1127 2168 Attalus
1150 2145 1200 2166 re-

227 2186 422 2218 velationem
445 2184 490 2216 illi
514 2185 634 2216 duriori
657 2189 688 2214 et
712 2182 830 2213 ceteris
852 2182 884 2212 in
907 2190 1043 2212 carcere
1055 2179 1200 2219 exponit,

228 2239 328 2271 quare
352 2235 383 2259 et
406 2227 460 2259 ille
484 2228 698 2267 obtemperat,
721 2231 753 2256 et
776 2224 875 2255 ceteri
898 2223 961 2254 hac
984 2232 1070 2253 voce
1091 2221 1200 2252 admo-

229 2273 285 2302 niti
308 2271 496 2302 crudiuntur
521 2276 551 2299 et
575 2268 817 2300 confirmantur.
852 2266 943 2296 Haec
966 2265 1103 2296 historia
1126 2273 1200 2304 gra-

229 2325 301 2344 vem
325 2323 478 2343 caussam
502 2313 626 2348 recitat,
650 2321 708 2341 cur
724 2309 839 2340 horum
863 2308 1053 2348 pertinacia,
1078 2307 1133 2347 qui
1155 2306 1200 2335 in-

231 2355 379 2397 telligunt
404 2355 589 2385 discrimina
612 2352 772 2389 cultuum,
797 2362 861 2382 non
885 2352 927 2381 sit
950 2349 1136 2391 probanda,
1159 2357 1200 2378 ne

231 2398 352 2429 scilicet
377 2407 468 2428 error
492 2398 523 2426 in
542 2396 664 2436 ignaris
689 2402 718 2426 et
735 2394 955 2425 dubitationes
968 2388 1200 2423 inimbecillio-

232 2443 319 2471 ribus
346 2439 586 2471 confirmentur.

316 2483 386 2513 Etsi
414 2488 521 2512 autem
550 2479 605 2510 illa
628 2479 761 2509 durities
785 2478 942 2508 interdum
968 2483 1017 2507 est
1041 2475 1200 2516 quaedam

770 102 881 134 PHlL.
904 102 1006 134 MEL.
1030 102 1215 135 SCRIPTA
1236 102 1512 134 DOGMATICA.

2125 105 2206 136 1036

1239 205 1390 233 caussas,
1412 205 1478 226 non
1501 196 1604 226 servit
1617 195 1703 233 Deo,
1725 196 1785 226 sed
1807 203 1988 237 aucupatur
2012 198 2205 230 benevolen-

1238 237 1314 268 tiam
1336 243 1512 277 potentum,
1536 238 1590 277 qui
1612 238 1828 269 adversantur
1845 237 2036 280 Evangelio.

1322 278 1427 310 Multo
1452 280 1548 310 etiam
1570 280 1674 321 magis
1698 286 1852 319 peccant,
1882 281 1936 321 qui
1959 291 2032 313 cum
2054 281 2205 313 hostibus

1237 320 1407 362 Evangelii
1431 320 1610 359 colludunt,
1633 328 1782 362 premunt
1804 328 1894 353 recte
1916 324 2085 361 docentes,
2108 324 2206 364 impe·

1238 363 1328 393 diunt
1351 369 1420 394 arte
1438 362 1608 403 Evangelii
1632 374 1764 394 cursum
1787 372 1818 395 et
1841 365 2026 406 significant
2049 376 2086 396 se
2108 364 2206 396 alium

1236 403 1408 436 Ecclesiae
1431 411 1550 436 statum
1570 406 1758 436 desiderare
1781 414 1813 437 et
1836 414 2020 447 expectare.
2053 407 2094 437 Et
2116 407 2205 447 hi³⁶)

1237 447 1270 476 in
1300 446 1350 477 his
1379 448 1614 479 controversiis
1644 448 1747 478 videri
1779 448 1893 479 volunt
1927 450 2001 480 iusti
2036 459 2205 487 censores,

1237 490 1342 519 neutri
1364 490 1448 529 parti
1471 490 1601 529 addicti,
1625 491 1754 531 integri,
1779 491 1968 531 incorrupti.
2009 492 2076 522 Sed
2097 493 2206 522 memi-

1235 531 1326 561 nisse
1350 532 1514 562 debebant
1536 542 1652 563 vocem
1675 532 1797 563 Christi
1831 532 1924 570 [Luc.
1951 533 2006 570 ll,
2029 533 2112 571 23.]:
2144 532 2207 568 Qui

1239 583 1304 603 uon
1328 573 1455 614 colligit
1477 583 1614 612 mecum,
1639 575 1805 616 dispergit.

1321 615 1356 646 ln
1380 615 1530 646 civilibus
1555 618 1791 648 controversiis
1822 616 1886 648 hoc
1915 617 1985 648 fieri
2012 624 2139 658 potest,
2171 624 2206 649 ut

1235 667 1300 688 non
1330 668 1441 688 sumas
1468 659 1525 688 tibi
1550 659 1702 690 iudicium
1732 660 1772 690 de
1799 659 1956 690 alterutra
1987 665 2093 699 parte,
2127 659 2206 690 nihil

1235 700 1319 730 enim
1349 710 1432 739 opus
1464 706 1515 730 est
1543 699 1680 741 singulis
1708 702 1793 732 scire
1815 700 1921 732 aliena
1943 702 2084 742 negotia.
2130 702 2206 733 Non

1235 751 1317 782 opus
1341 748 1411 772 erat
1431 741 1608 782 Pomponio
1631 742 1742 773 Attico
1766 753 1942 784 quaerere,
1963 745 2084 781 utrius,
2113 743 2207 775 Pom-

1234 785 1297 824 peii
1319 794 1362 814 an
1384 783 1469 821 Iulii,
1499 794 1618 815 caussa
1642 785 1756 815 iustior
1779 792 1879 816 esset.
1924 786 1992 816 Sed
2014 786 2055 816 de
2077 792 2207 817 contro-

1235 827 1352 856 versiis
1376 827 1544 857 doctrinae
1568 837 1706 858 necesse
1729 834 1779 857 est
1802 826 1952 868 singulos
1965 828 2038 867 pios
2051 828 2205 865 iudicare,

1236 868 1387 908 amplecti
1412 875 1441 898 et
1471 868 1616 908 profiteri
1638 879 1734 906 vera,
1762 870 1849 900 iuxta
1872 867 1949 899 illud
1975 868 2062 907 [Gal.
2089 869 2117 907 l,
2141 870 2206 908 9.]›:

1237 911 1273 940 Si
1297 911 1369 950 quis
1393 909 1481 941 aliud
1505 910 1720 952 Evangelium
1743 912 1853 948 docet,
1877 911 2049 942 anathema
2071 912 2122 942 sit.
2168 912 2207 942 Et

1237 952 1405 983 confessio
1428 953 1581 983 mandata
1603 960 1652 984 est
1679 953 1806 990 [Matth.
1832 953 1882 990 10,
1905 954 1987 991 221:
2022 953 2085 988 Qui
2109 955 2209 985 conii-

1238 995 1357 1025 tebitur
1379 1005 1430 1025 mc
1454 1006 1565 1026 coram
1588 995 1784 1033 hominibus,
1808 995 1991 1026 confitebor
2014 1002 2045 1026 et
2060 1006 2123 1037 ego
2136 1005 2208 1026 eum

1239 1047 1350 1067 coram
1372 1037 1470 1067 Patre
1494 1036 1639 1068 coelesti.

1323 1079 1413 1110 Haec
1441 1080 1587 1120 cogitent
1615 1081 1722 1110 bonae
1754 1086 1879 1110 mentes
1908 1085 1940 1111 et
1968 1080 2121 1111 studeant
2148 1090 2209 1111 sua

1237 1120 1449 1152 confessione
1473 1128 1506 1152 et
1527 1123 1596 1152 suis
1621 1120 1738 1152 officiis
1761 1121 1874 1153 fovere
1898 1128 1930 1152 et
1948 1123 2030 1153 tueri
2040 1121 2209 1154 Ecclesias

1239 1170 1328 1194 recte
1352 1164 1520 1201 docentes,
1544 1170 1659 1195 ornent
1683 1163 1770 1195 hunc
1792 1170 1999 1204 praesentem
2023 1170 2152 1202 statum,
2175 1170 2208 1194 ut

1238 1206 1371 1236 dicitur:
1403 1206 1574 1246 Spartam,
1603 1217 1699 1247 quam
1721 1213 1806 1236 nacte
1822 1216 1838 1236 s
1861 1216 1916 1244 es,
1940 1216 2030 1236 orna.
2045 1208 2090 1241 3⁷)
2133 1206 2209 1237 Non

1238 1247 1404 1278 colludant
1422 1258 1494 1278 cum
1511 1248 1661 1279 hostibus
1676 1249 1836 1284 veritatis,
1858 1258 1921 1278 nec
1933 1255 2091 1289 quaerant
2103 1249 2209 1280 animo

1238 1289 1334 1320 aliam
1354 1289 1536 1320 Ecclesiam
1559 1295 1615 1320 aut
1637 1289 1725 1320 aliud
1748 1290 1970 1327 ministerium,
1995 1300 2068 1320 cum
2090 1291 2208 1327 sciant,

1238 1342 1322 1372 quae
1346 1331 1498 1362 Ecclesia
1526 1338 1616 1362 recte
1640 1332 1765 1362 doceat.
1810 1331 1901 1363 Deus
1924 1330 1993 1363 vult
2014 1342 2076 1362 nos
2099 1342 2208 1363 amare

1238 1373 1421 1404 Ecclesiam
1451 1379 1540 1403 recte
1571 1375 1743 1404 docentem
1773 1379 1804 1403 et
1834 1374 1976 1404 studium
2004 1375 2033 1404 ei
2062 1379 2209 1406 nostrum

1239 1415 1418 1452 declarare,
1443 1414 1512 1446 vult
1529 1416 1741 1446 ministerium
1759 1414 1930 1456 Evangelii
1940 1415 2068 1447 honore
2079 1414 2166 1447 affici
2178 1425 2210 1447 et.

1238 1458 1352 1495 iuvari,
1376 1458 1459 1488 sicut
1483 1464 1513 1488 et
1530 1456 1683 1488 Psalmus
1708 1457 1849 1495 [121‚6.1
1875 1458 2047 1498 praecipit:
2070 1457 2209 1498 Rogate‚

1239 1510 1322 1540 quae
1351 1500 1393 1530 ad
1422 1509 1537 1540 pacem
1571 1506 1648 1530 sunt
1677 1498 1864 1530 Ierusalem.
1913 1499 1955 1530 Et
1980 1500 2108 1531 additur
2136 1510 2210 1540 pro-

1238 1542 1352 1573 missio
1375 1542 1555 1573 mercedis:
1579 1541 1648 1572 Erit
1671 1542 1870 1572 abundantia
1892 1540 2102 1583 diligentibus
2124 1548 2166 1573 te.

1325 1584 1406 1615 Cum
1434 1584 1531 1625 igitur
1553 1582 1760 1615 manifestum
1782 1585 1824 1615 sit
1846 1583 1974 1615 defendi
1995 1583 2084 1615 idola
2106 1590 2139 1616 et
2161 1594 2210 1616 er-

1239 1636 1332 1657 rores
1356 1627 1397 1657 ab
1420 1625 1571 1657 hostibus
1584 1625 1805 1657 Ecclesiamm
1818 1632 2003 1657 nostrarum
2022 1632 2054 1657 et
2069 1636 2210 1657 necesse

1239 1669 1281 1700 sit
1303 1668 1418 1710 fugere
1441 1667 1530 1699 idola
1553 1675 1585 1699 et
1607 1674 1736 1699 constet
1757 1669 1789 1699 in
1801 1667 1960 1699 Ecclesiis
1977 1669 2102 1700 nostris
2119 1674 2211 1700 recte

1240 1713 1352 1743 doceri
1375 1717 1406 1742 et
1428 1717 1573 1743 remotos
1597 1721 1674 1742 esse
1697 1710 1857 1741 idolorum
1881 1709 2006 1748 cultus,
2034 1711 2138 1752 pietas
2160 1719 2209 1741 est

1239 1753 1301 1785 has
1323 1753 1491 1785 Ecclesias
1514 1752 1628 1784 fovere
1651 1759 1682 1784 et
1704 1752 1755 1784 his
1780 1762 1816 1784 se
1839 1753 2026 1794 adiungere.
2060 1752 2209 1784 vitemus

1241 1795 1398 1827 scandala
1429 1796 1532 1827 omnis
1562 1796 1711 1837 generis,
1743 1806 1809 1826 non
1837 1801 2010 1836 praetextu
2038 1793 2210 1836 Evangelii

1241 1839 1402 1869 serviatur
1424 1839 1560 1879 privatis
1590 1837 1776 1876 affectibus,
1812 1848 1876 1868 non
1904 1843 2092 1878 premantur
2119 1843 2211 1869 recte

1241 1882 1416 1918 docentes,
1450 1891 1515 1911 non
1544 1881 1760 1920 impediantur
1788 1880 1896 1911 studia
1929 1881 2002 1919 piae
2030 1880 2210 1916 doctrinae,

1241 1924 1300 1953 sed
1326 1929 1361 1954 ut
1385 1924 1416 1953 in
1439 1921 1578 1954 alveolis
1600 1932 1680 1962 apes
1709 1921 1858 1963 singulae
1884 1920 2055 1952 conserunt
2078 1920 2209 1952 labores

1242 1975 1321 1996 suos
1344 1965 1385 1996 ad
1409 1975 1611 1996 communem
1633 1963 1819 2001 utilitatem,
1849 1964 1893 1994 ita
1917 1974 1978 1994 nos
2002 1962 2210 1994 conferamus

1243 2006 1361 2049 singuli
1386 2008 1493 2038 omnia
1516 2007 1624 2038 studia
1647 2012 1677 2036 et
1702 2004 1812 2037 officia
1835 2012 1950 2036 nostra
1972 2006 2014 2035 ad
2027 2004 2168 2036 salutem
2179 2011 2211 2035 et

1242 2048 1508 2090 tranquillitatem
1529 2047 1755 2080 Ecclesiarum
1776 2053 1866 2078 recte
1889 2048 2088 2085 docentium,
2111 2053 2144 2078 et
2166 2047 2212 2078 iu—

1242 2102 1355 2123 vemus
1378 2093 1431 2132 pia
1453 2092 1571 2128 studia,
1597 2097 1631 2121 ut
1653 2091 1695 2121 ad
1718 2095 1870 2130 posteros
1894 2090 2045 2121 doctrina
2066 2099 2149 2129 pura
2171 2089 2211 2120 de

1242 2135 1315 2166 Deo
1339 2140 1371 2166 et
1395 2135 1435 2166 de
1457 2133 1599 2164 Domino
1622 2138 1737 2164 nostro
1754 2132 1829 2163 lesu
1846 2131 1977 2163 Christo
1999 2136 2210 2173 propagetur.

1327 2177 1362 2207 In
1403 2176 1549 2208 secundo
1582 2181 1762 2217 praecepto
1798 2175 1928 2206 dicitur:
1971 2174 2046 2205 Non
2079 2173 2213 2205 habebit

1242 2219 1335 2250 Deus
1363 2220 1539 2256 insontem,
1573 2219 1759 2258 quicunque
1787 2227 1906 2248 nomen
1929 2215 1992 2247 Dei
2013 2225 2098 2247 vane
2118 2225 2212 2247 usur—

1243 2262 1378 2302 paverit.
1423 2261 1497 2292 Non
1525 2260 1657 2291 dubium
1684 2265 1733 2290 est
1756 2260 1855 2300 igitur
1876 2268 2002 2299 poenas
2024 2257 2097 2289 Deo
2120 2258 2212 2288 datu·

1243 2314 1300 2335 ros
1325 2314 1400 2335 esse
1423 2313 1547 2340 omnes,
1573 2303 1627 2343 qui
1647 2300 1817 2343 Evangelii
1841 2301 2022 2332 doctrinam
2045 2298 2212 2331 scandalis

1244 2346 1453 2377 dedecorant.
1504 2345 1554 2375 Ac
1586 2344 1637 2375 his
1667 2343 1788 2375 ultimis
1821 2343 2024 2384 temporibus
2056 2343 2090 2373 in
2122 2347 2212 2372 tanta

1244 2387 1437 2419 confusione
1477 2387 1661 2428 opinionum
1696 2392 1727 2417 et
1761 2385 2029 2427 gubernationum
2063 2381 2212 2425 profecto

1244 2483 1288 2511 36]
1308 2483 1333 2507 bi
1351 2483 1429 2507 abes!
1447 2488 1465 2506 a
1483 2482 1555 2511 corp.
1576 2482 1599 2504 2.
1618 2481 1641 2505 4.

233 2525 402 2567 gravitatis
427 2522 601 2558 simulatio,
625 2529 731 2552 tamen
756 2530 855 2560 saepe
877 2519 959 2551 alias
982 2518 1079 2549 habet
1103 2526 1200 2547 veras
1220 2530 1224 2549 i
1244 2526 1289 2555 37)
1309 2526 1342 2549 De
1361 2525 1407 2549 hoc
1424 2524 1555 2554 proverbio
1575 2523 1630 2547 ride
1650 2522 1745 2547 Erasmi
1763 2521 1841 2550 Adag.
1860 2522 1913 2546 thil.
1933 2521 1959 2545 11.
1977 2523 2041 2545 cent.
2061 2521 2086 2544 v.
2105 2524 2173 2549 prov.
2191 2520 2210 2542 1.

2316 1278 2331 1318 z:

2317 1330 2329 1373 r

2323 1392 2327 1406 0

2316 1361 2334 1492 i

2316 1494 2336 1598 g

2316 1624 2334 1647 ν’.
