2358 2933
134 104 193 135 741
600 102 624 131 1.
649 99 749 131 LOCI
772 98 1048 130 THEOLOGICI:
1072 99 1114 130 D.
1139 99 1299 131 TERTIA
1322 100 1481 132 EORUM
1504 101 1661 133 AETAS.
2076 107 2137 139 742

219 194 286 226 Sed
317 205 391 225 eum
410 194 451 223 de
470 193 535 223 hoc
553 191 722 224 intellectu
739 193 840 233 Legis
860 199 892 223 et
912 192 953 222 de
971 192 1110 232 agnitio-

132 248 174 269 ne
192 238 322 278 peccati
341 237 557 266 concionatur
570 235 798 277 Evangeliuni,
817 240 932 275 putant
951 233 1043 264 multi
1061 240 1110 265 tu-

132 286 259 311 mentes
279 279 497 319 persuasione
515 278 707 318 sapientiae,
727 277 788 308 1135
809 287 884 307 6556
903 275 1108 318 hyperbolas

132 323 283 359 Stoicas,
314 321 432 362 quibus
458 319 536 351 nihil
555 330 637 360 opus
657 321 708 351 sit.
755 320 822 350 Sed
844 330 917 350 cum
937 317 1110 359 disciplina

130 375 190 405 per
208 373 285 394 sese
304 363 384 394 satis
405 362 548 393 difficilis
567 373 620 393 res
640 364 698 400 sit,
723 362 925 392 contendunt
945 360 1024 392 nihil
1043 372 1109 392 am-

130 406 216 447 plius
234 406 372 446 requiri,
392 412 425 436 et
443 405 529 436 hanc
548 404 807 446 qualemcunque
826 403 1024 444 diligentiam
1044 414 1109 435 me-

131 450 193 480 rem‘
215 449 442 478 remissionem
461 454 688 487 peccatorum,
720 453 752 478 et
779 457 855 477 esse
881 447 1035 477 iustitiam
1055 458 1109 477 co-

130 502 198 522 ram
218 490 292 522 Deo
305 513 314 528 ,
344 497 375 521 et
398 491 441 521 ad
460 490 521 521 has
541 490 702 520 humanas
721 490 971 530 imaginationes
992 489 1108 531 Orige-

129 544 188 564 nes
223 540 255 564 et
274 532 428 564 Monachi
458 532 542 564 male
573 533 782 563 detorserunt
801 531 950 562 Paulum.
997 531 1108 567 Quare

128 577 238 607 nativa
257 574 351 607 Pauli
370 576 532 606 sententia
550 586 591 605 ex
622 576 694 614 ipso
714 573 817 606 Paulo
838 581 869 605 et
886 573 1012 615 reliquo
1032 585 1105 605 con·

130 628 232 649 censu
251 618 470 659 Propheticae
491 624 521 648 et
541 616 759 658 Apostolicae
778 618 961 658 scripturae
980 618 1108 648 discen-

129 662 170 692 da
189 667 251 698 est,
270 671 337 692 non
357 671 397 691 ex
416 660 567 691 humanis
588 660 807 699 opinionibus.

214 703 381 740 Secundo,
410 709 586 743 postquam
605 701 687 733 haec
709 704 749 733 de
768 702 940 743 disciplina
960 713 1108 743 praemo—

127 746 273 783 nuimus,
301 756 387 776 nunc
413 745 455 775 ad
482 754 638 775 caussam
664 746 862 776 accedimus.
909 744 1032 776 Similis
1057 751 1108 775 est

127 786 299 818 Ecclesiae
331 788 448 818 concio
474 799 492 818 a
519 787 677 828 principio
704 794 780 828 post
808 794 976 828 receptum
1002 788 1109 817 Adam

127 840 233 871 usque
262 831 304 860 ad
330 830 436 860 finem.
483 829 602 860 Statim
625 831 658 860 in
678 829 836 860 Paradiso
857 831 1038 860 institutum
1058 836 1107 860 est

127 873 339 904 ministerium
359 873 603 913 praedicandae
621 873 857 912 poenitentiae,
889 879 920 903 et
941 873 1015 902 data
1035 883 1109 913 pro-

127 916 240 946 missio
267 915 308 945 de
336 921 474 946 venturo
500 913 694 951 liberatore,
731 925 770 945 ex
796 926 860 956 qua
886 913 1110 955 intelligebant

127 958 221 997 primi
244 963 399 997 parentes
427 968 463 988 se
483 958 594 997 recipi.
641 957 709 988 Sed
729 956 812 988 haec
832 959 1007 998 promissio
1028 968 1108 998 pau-

127 999 217 1030 latim
243 998 366 1030 clarius
392 998 559 1040 patefacta
583 1006 634 1030 est
652 1009 758 1040 usque
778 1000 818 1030 ad
840 999 960 1031 Christi
981 1000 1108 1039 praedi-

128 1042 307 1078 cationem,
333 1043 387 1082 qui
415 1048 446 1072 et
483 1043 555 1081 ipse
581 1042 647 1073 hoc
682 1043 861 1073 ministerio
898 1041 1108 1083 fungebatur,

126 1084 167 1115 Et
197 1083 370 1124 Apostolis
401 1084 567 1114 mandavit
600 1085 685 1115 idem
715 1085 927 1115 ministem'um
957 1086 1106 1125 inquiens

128 1130 134 1164 Ι
140 1126 220 1157 Luc.
230 1126 283 1163 24,
292 1127 377 1165 47.]:
398 1126 444 1157 lte
463 1127 691 1167 praedicantes
704 1128 936 1167 poenitentiam
951 1133 983 1157 et
994 1127 1108 1157 remis-

127 1169 253 1199 sionem
278 1175 490 1209 peccatomm
515 1170 547 1199 in
567 1171 697 1200 nomine
717 1180 802 1200 meo.
849 1169 959 1204 Quare
979 1179 1108 1209 semper

127 1212 158 1242 in
176 1210 330 1242 Ecclesia
349 1222 470 1242 sonare
497 1218 625 1251 oportet
645 1213 923 1252 praedicationem
941 1213 1107 1252 poeniten-

128 1254 201 1291 tiae,
220 1264 304 1294 quae
323 1255 357 1284 fit
376 1264 460 1284 voce
478 1253 592 1295 Legis,
611 1265 670 1294 per
690 1265 786 1294 quam
794 1253 887 1284 Deus
907 1254 1013 1295 arguit
1030 1264 1107 1294 pec-

128 1301 201 1326 cata
227 1301 342 1326 nostra
369 1306 442 1327 cum
462 1305 598 1326 externa
617 1302 684 1327 tum
703 1297 876 1333 interiora,
904 1295 1012 1337 qualia
1031 1302 1107 1326 sunt

125 1348 192 1369 non
211 1338 334 1376 timere,
353 1349 419 1369 non
440 1337 575 1379 diligere
593 1338 720 1376 Deum,
748 1349 813 1369 non
834 1340 1002 1370 confidere
1020 1338 1106 1369 Deo.

125 1380 175 1411 Fit
194 1386 225 1411 et
244 1391 328 1411 voce
346 1380 517 1422 Evangelii
537 1382 726 1412 accusantis
746 1382 913 1419 mundum,
933 1382 1022 1422 quod
1041 1392 1107 1412 non

127 1424 235 1454 audiat
262 1422 362 1454 filium
388 1423 469 1461 Dei,
499 1434 566 1454 non
592 1430 766 1455 moveatur
790 1425 860 1454 eius
893 1425 1052 1465 passione
1076 1431 1105 1454 et

126 1467 369 1496 resurrectione
389 1472 452 1496 etc.
498 1466 576 1497 Ideo
596 1467 696 1508 inquit
718 1466 870 1497 Christus
892 1466 1106 1505 [1011.16‚S.1:

127 1508 268 1548 Spiritus
289 1514 424 1539 sanctus
451 1514 565 1549 arguet
589 1509 744 1540 mundum
771 1510 810 1539 (16
836 1516 992 1549 peccato,
1019 1510 1107 1550 quod

125 1561 191 1581 non
211 1551 359 1581 credunt.
397 1550 439 1581 Et
457 1550 551 1581 Rom.
575 1552 603 1582 1.
619 1554 682 1589 [vs.
696 1551 758 1590 18.]
780 1551 960 1582 Revelatur
977 1553 1024 1582 ira
1044 1551 1107 1582 Dei

126 1593 167 1623 de
198 1592 293 1623 coelo
314 1603 414 1634 super
432 1604 561 1624 omnem
580 1594 777 1634 impietatem
797 1601 827 1625 et
847 1595 1035 1625 iniustitiam
1049 1594 1107 1625 110-

125 1636 245 1666 minum
265 1641 327 1666 etc.

211 1678 255 1709 Ut
285 1679 382 1719 igitur
402 1680 532 1719 expavit
551 1679 657 1710 Adam
677 1689 737 1710 seu
760 1679 869 1710 David
889 1680 1028 1711 audiens
1050 1690 1106 1710 vo-

126 1730 196 1751 cem
216 1720 280 1751 Dei
299 1722 507 1759 accusantis,
538 1722 582 1752 ita
601 1732 694 1752 mens
714 1732 780 1752 non
800 1723 898 1759 dura,
919 1733 985 1753 non
1006 1723 1106 1753 obsti—

126 1769 202 1794 nata
222 1765 434 1803 expavescit,
461 1770 491 1795 et
518 1766 668 1805 agnoscit
690 1764 796 1795 Deum
816 1775 893 1795 vere
912 1766 1011 1795 irasci
1030 1776 1106 1806 pec-

126 1811 200 1837 cato
220 1812 250 1836 et
270 1807 386 1846 punire
407 1813 589 1846 peccatum.
636 1807 675 1837 Hi
697 1812 842 1837 terrores
863 1818 964 1848 saepe
984 1808 1106 1838 descri-

124 1848 169 1889 pti
188 1855 263 1878 sunt
283 1849 314 1879 in
334 1848 485 1880 Psalmis.
531 1849 622 1880 Psal.
643 1849 693 1880 36.
716 1850 787 1887 137,
808 1850 852 1888 4.]
890 1850 963 1880 Non
984 1858 1034 1881 est
1054 1861 1105 1881 53-

125 1892 210 1921 nitas
222 1891 253 1921 in
269 1901 368 1922 carne
378 1902 451 1922 mea
464 1903 483 1922 a
495 1890 823 1930 fioeieiraetuae,non
837 1899 887 1923 651
897 1904 961 1933 pax
971 1894 1105 1924 ossibus

126 1934 206 1963 meis
236 1943 256 1963 a
289 1932 374 1964 facie
399 1940 615 1975 peccatorum
642 1946 798 1965 meorum.
845 1935 884 1965 Et
915 1936 1044 1976 quidem
1070 1942 1104 1966 ut

124 1975 194 2006 Lex
211 1975 298 2007 113116
316 1977 397 2007 iram
417 1978 529 2018 generi
550 1977 691 2008 humano
712 1978 896 2016 denuntiat,
915 1978 961 2008 lta
992 1988 1104 2009 omnes

126 2017 329 2049 calamitates
354 2019 515 2050 humanae
540 2026 615 2050 sunt
642 2021 734 2061 quasi
759 2032 824 2051 vox
844 2020 948 2062 Legis
975 2032 1036 2051 nos
1064 2021 1104 2052 de

126 2059 243 2091 iraDei
264 2062 445 2092 admonens
465 2068 495 2092 et
517 2072 631 2093 omnes
652 2063 692 2093 ad
713 2064 947 2104 poenitentiam
967 2074 1103 2095 vocans.

211 2102 339 2141 Tertio,
372 2115 444 2134 cum
476 2115 568 2134 mens
595 2104 736 2136 hominis
763 2105 825 2136 hac
844 2116 928 2136 voce
946 2114 1104 2147 arguente

124 2152 261 2185 peccata
287 2146 526 2186 perterrefacta
554 2153 620 2184 est,
650 2149 758 2179 audiat
791 2150 1045 2188 promissionem
1071 2150 1102 2179 in

123 2187 306 2229 Evangelio
325 2190 539 2229 propositam,
564 2195 594 2220 et
614 2195 735 2221 statuat
754 2192 870 2221 remitti
891 2193 952 2222 sibi
965 2198 1103 2232 peccata

125 2232 228 2272 gratis
247 2238 383 2272 propter
397 2231 560 2262 Christum
579 2242 638 2272 per
657 2234 923 2264 misericordiam.
944 2245 1010 2265 non
1029 2245 1103 2275 pro—

122 2279 196 2313 pter
226 2275 453 2305 contritionem
483 2281 537 2304 aut
571 2274 778 2306 dilectionem
814 2283 869 2307 aut
902 2276 964 2307 alia
991 2287 1101 2318 opera.

125 2315 196 2346 Hoc
214 2317 313 2347 modo
333 2327 408 2347 cum
428 2318 492 2347 lide
510 2327 547 2347 se
566 2328 657 2348 mens
678 2319 789 2359 erigit,
808 2319 970 2350 donantur
990 2321 1102 2350 remis-

124 2359 172 2389 sio
191 2365 404 2398 peccatorum
424 2366 456 2390 et
475 2359 708 2391 reconciliatio.
737 2361 772 2391 Si
792 2363 876 2392 enim
894 2362 1102 2393 iudicandum

125 2407 232 2439 esset,
263 2408 328 2432 tum
355 2403 484 2433 demum
509 2413 570 2432 nos
589 2401 759 2433 habituros
781 2414 857 2434 esse
876 2405 1101 2435 remissionem

124 2450 345 2483 peccatorum,
372 2456 444 2475 cum
466 2446 616 2475 contritio
637 2451 690 2475 3111
711 2445 841 2476 dilectio
862 2445 1032 2477 sufficiens
1053 2458 1102 2478 65-

124 2492 185 2522 set,
204 2487 392 2528 adigeretur
410 2488 537 2518 animus
562 2488 602 2517 ad
623 2488 892 2528 desperationem.
938 2489 1049 2523 Quare
1068 2496 1101 2520 ut

123 2527 242 2559 habeat
268 2535 388 2560 certam
409 2536 440 2560 et
461 2529 585 2560 firmam
606 2529 885 2568 consolationem,
909 2533 1027 2571 pendet
1048 2533 1101 2563 be—

1153 192 1307 224 neficium
1326 194 1388 225 Dei
1420 204 1485 225 non
1513 204 1553 225 ex
1578 196 1765 227 conditione
1798 197 1963 237 dignitatis.
1989 208 2135 239 nostrae,

1154 237 1214 266 sed
1234 246 1274 266 ex
1293 236 1367 267 sola
1386 237 1613 268 misericordia
1632 245 1767 279 propter
1775 238 1942 271 Christum
1962 243 2134 281 promissa.

1155 276 1302 318 Cumque
1328 279 1421 310 Deus
1448 281 1579 310 remittit
1605 288 1762 320 peccata,
1793 281 1889 313 simul
1915 284 2014 314 donat
2038 287 2135 317 nobis

1155 319 1309 360 Spiritum
1329 327 1490 358 sanctum,
1511 323 1565 362 qui
1584 333 1689 354 novas
1709 325 1848 355 virtutes
1868 326 1900 355 in
1918 326 1978 366 piis
1991 326 2134 366 inchoat,

1155 363 1238 393 sicut
1255 364 1301 403 ⁴⁹)
1331 363 1403 395 Gal.
1424 364 1453 393 3.
1476 368 1538 401 [vs.
1562 365 1626 403 140]
1648 367 1781 396 dicitur:
1819 367 1861 397 Ut
1882 369 2135 408 promissionem

1154 404 1296 444 Spiritus
1324 407 1526 446 accipiamus
1553 417 1613 446 per
1637 408 1744 439 fidem.
1798 410 1889 441 Haec
1916 410 1993 440 nihil
2012 412 2133 443 habent

1153 446 1395 488 perplexitatis,
1422 456 1453 479 et
1487 460 1505 479 a
1532 451 1593 490 piis
1613 451 1775 482 mentibus
1800 453 1831 482 in
1851 452 2018 491 Ecclesia.
2051 465 2134 496 quae

1153 496 1272 520 norunt
1292 492 1449 522 exercitia
1476 491 1677 532 spiritualia,
1701 504 1862 532 pavores,
1887 495 2133 528 consolationes

1154 539 1185 562 et
1203 533 1455 571 invocationem,
1475 534 1565 565 clare
1583 534 1820 576 intelliguntur.
1857 537 1952 569 Nunc
1972 539 2069 580 igitur
2087 547 2130 570 te-

1153 576 1305 606 stimonia
1325 576 1476 607 addenda
1495 583 1607 615 erant,
1633 579 1690 608 sed
1710 579 1873 610 vocabula
1892 581 1982 620 prius
2002 580 2134 622 diligen-

1154 618 1218 648 tius
1239 617 1439 649 declaranda
1461 625 1548 649 sunt.

1238 659 1291 690 De
1314 659 1471 698 Pes-cato,
1495 662 1536 692 de
1560 661 1661 703 Lege,
1685 673 1786 703 supra
1811 665 1931 695 dictum
1955 673 2022 695 est:
2046 677 2133 697 nunc

1154 702 1194 732 de
1215 704 1335 733 ceteris
1360 704 1477 741 dicam,
1504 705 1544 734 de
1567 704 1740 736 vocabulis
1765 706 2020 745 lustiticationis,
2044 709 2132 739 Fidei

1154 751 1184 775 et
1209 744 1355 776 Gratiae.

1240 787 1529 819 lUSTlFlCATlO
1561 790 1724 830 significat
1760 792 1987 824 remissionem
2016 804 2133 834 pecca-

1153 836 1260 860 torum
1283 837 1315 860 et
1338 830 1638 862 reconciliationem
1658 844 1717 864 sca
1736 836 1995 874 acceptationem
2018 847 2132 877 perso-

1153 883 1216 903 nae
1244 873 1285 903 ad
1308 874 1408 904 vitam
1433 881 1610 905 aeternam.
1657 876 1740 907 Nam
1765 877 1926 908 Hebraeis
1950 878 2132 911 lustificare

1155 921 1203 945 est
1223 914 1358 946 forense
1377 917 1526 953 verbum,
1550 925 1584 947 ut
1600 918 1628 947 si
1649 919 1770 949 dicam:
1805 919 1952 960 Populus
1964 921 2131 953 Romanus

1154 957 1342 988 iustificavit
1362 958 1547 999 Scipionem
1570 968 1765 992 accusatum
1788 973 1807 992 a
1826 962 1989 1001 Tribunis,
2014 965 2045 995 id
2069 972 2132 1003 est,

1153 998 1295 1030 absolvit
1326 1010 1386 1031 seu
1418 1002 1537 1032 iustum
1566 1005 1797 1042 pronuntiavit.
1860 1005 2003 1047 sumpsit
2034 1008 2133 1049 igitur

1152 1041 1278 1073 Paulus
1293 1043 1430 1074 verbum
1450 1044 1645 1076 iustificandi
1671 1057 1710 1077 ex
1731 1049 1966 1079 consuetudine
1980 1049 2131 1081 Hebraici

1153 1086 1317 1115 sermonis
1347 1096 1407 1126 pro
1431 1088 1626 1118 remissione
1648 1096 1860 1129 peccatorum
1885 1097 1916 1121 et
1940 1091 2131 1124 reconcilia-

1152 1128 1240 1158 tione
1274 1138 1333 1158 seu
1368 1130 1607 1169 acceptatione.
1660 1131 1754 1161 Hanc
1790 1142 1866 1163 esse
1902 1134 1965 1164 vim
1999 1133 2130 1174 phrasis

1152 1169 1347 1207 Hebraicae,
1367 1171 1484 1201 eruditi
1504 1182 1618 1203 omnes
1638 1180 1770 1211 norunt,
1790 1181 1819 1205 et
1842 1175 1990 1216 exempla
2007 1179 2131 1217 passim

1153 1213 1250 1242 obvia
1276 1219 1362 1243 sunt.
1409 1213 1604 1254 Quanquam
1627 1222 1748 1253 autem,
1771 1224 1806 1247 ut
1830 1223 1925 1248 antea
1951 1219 2033 1256 dixi.
2058 1231 2129 1251 cum

1152 1254 1245 1284 Deus
1262 1255 1391 1285 remittit
1410 1263 1559 1295 peccata,
1580 1257 1676 1288 simul
1695 1258 1793 1289 donat
1808 1258 1962 1299 Spiritum
1981 1269 2130 1293 sanctum

1151 1296 1360 1328 inchoantem
1378 1308 1482 1329 novas
1502 1300 1650 1338 virtutes,
1668 1307 1776 1331 tamen
1789 1312 1881 1332 mens
1894 1304 2130 1343 perterrefacta

1152 1340 1289 1380 primum
1313 1342 1441 1381 quaerit
1472 1343 1700 1374 remissionem
1723 1352 1935 1383 peccatorum
1960 1353 1990 1377 et
2016 1357 2130 1378 recon-

1152 1381 1365 1413 ciliationem:
1390 1384 1430 1414 de
1454 1384 1518 1414 hac
1536 1386 1680 1426 angitur,
1704 1387 1745 1417 de
1764 1386 1827 1417 hac
1847 1389 1977 1419 dimicat
1990 1390 2022 1420 in
2042 1391 2129 1420 veris

1151 1426 1343 1465 pavoribus,
1366 1436 1433 1456 non
1456 1427 1610 1467 disputat,
1635 1439 1719 1469 quae
1742 1431 1878 1461 virtutes
1902 1430 2030 1462 infiisae
2053 1434 2128 1470 sint,

1152 1477 1237 1508 quae
1254 1469 1315 1498 etsi
1334 1470 1530 1500 comitantur
1542 1470 1855 1510 reconciliationem,
1879 1479 1988 1504 tamen
2007 1485 2128 1516 nequa-

1152 1520 1249 1550 quam
1269 1511 1476 1542 iudicandum
1497 1518 1559 1551 est,
1583 1520 1731 1544 nostram
1751 1515 1939 1556 dignitatem
1962 1523 2017 1548 aut
2041 1528 2130 1548 mun-

1152 1553 1262 1583 ditiem
1286 1563 1439 1584 caussam
1464 1565 1540 1585 esse
1564 1557 1766 1587 remissionis
1790 1565 2014 1598 peccatorum.
2053 1560 2129 1591 ldeo

1152 1595 1249 1626 toties
1273 1595 1456 1627 inculcatur
1478 1598 1640 1638 particula
1665 1599 1787 1631 Gratis.

1397 1723 1458 1754 DE
1483 1725 1728 1757 VOCABULO
1752 1728 1878 1759 FlDEl.

1239 1807 1371 1838 Phrasis
1396 1808 1572 1851 diligenter
1595 1813 1837 1844 consideranda
1865 1822 1931 1851 est,
1964 1821 1993 1845 et
2018 1816 2130 1846 viden-

1151 1850 1237 1887 dum,
1263 1851 1340 1891 quid
1364 1858 1440 1892 agat
1460 1852 1596 1891 Paulus,
1624 1865 1698 1885 cum
1723 1857 1766 1886 ait
1797 1855 1903 1893 {Rom-
1925 1857 1956 1895 3,
1980 1857 2129 1896 20.‘.>S.]:

1150 1892 1366 1924 lustificamur
1388 1905 1453 1924 non
1478 1897 1632 1936 operibus
1656 1899 1790 1936 nostris,
1815 1900 1874 1929 sed
1901 1899 1963 1930 fide
1986 1900 2017 1930 in
2039 1900 2129 1931 Chri-

1150 1941 1246 1966 stum.
1278 1935 1436 1967 Romanis
1456 1939 1589 1969 auribus
1604 1939 1684 1970 haec
1698 1942 1802 1972 oratio
1815 1953 1901 1973 nova
1922 1950 1983 1974 est.
2020 1944 2131 1979 Quare

1149 1978 1237 2008 initio
1262 1980 1452 2019 quaerenda
1483 1987 1533 2011 est
1563 1983 1673 2013 nativa
1702 1985 1864 2015 sermonis
1894 1986 2127 2027 interpretatio.

1148 2020 1323 2052 Iustificari
1352 2024 1506 2062 operibus
1531 2024 1693 2065 significat
1718 2029 1877 2068 consequi
1902 2030 2127 2062 remissionem

1149 2069 1179 2093 et
1203 2064 1323 2094 iustum
1349 2074 1409 2095 5611
1432 2073 1603 2106 acceptum
1628 2067 1702 2098 Deo
1728 2079 1805 2100 esse
1824 2078 1959 2111 propter
1976 2074 2127 2113 proprias

1148 2106 1284 2136 virtutes
1309 2116 1369 2137 seu
1393 2106 1490 2139 facta.
1525 2108 1670 2140 Econtra
1696 2122 1787 2149 vere,
1811 2112 1983 2145 lustificari
2008 2115 2072 2146 fide
2094 2117 2126 2147 in

1149 2147 1323 2186 Christum,
1342 2151 1506 2190 significat
1526 2154 1684 2194 consequi
1701 2156 1926 2187 remissionem
1947 2164 1977 2188 et
1994 2159 2125 2198 iustum,

1147 2191 1211 2222 hoc
1242 2198 1309 2228 est,
1345 2200 1516 2234 acceptum
1546 2197 1690 2236 reputari
1720 2207 1786 2228 non
1815 2206 1951 2239 propter
1974 2204 2125 2243 proprias

1147 2235 1302 2270 virtutes,
1337 2236 1396 2266 56(1
1425 2243 1560 2277 propter
1588 2239 1801 2270 mediatorem
1825 2241 1924 2272 filium
1947 2242 2020 2274 Dei.
2068 2246 2124 2276 Sic

1147 2275 1312 2307 intellecto
1336 2287 1488 2309 sermone
1513 2282 1661 2320 conspici
1690 2289 1814 2322 potest,
1849 2287 2012 2325 quomodo
2037 2287 2123 2320 hanc

1147 2320 1404 2359 propositionem
1425 2328 1455 2351 61
1475 2333 1590 2353 vocem
1606 2323 1790 2365 Evangelii,
1814 2325 2033 2360 lustificamur
2045 2330 2121 2369 fide,

1146 2361 1270 2392 Paulus
1295 2370 1439 2402 opponat
1464 2363 1571 2403 alteri,
1596 2376 1682 2406 quae
1704 2374 1755 2398 est
1778 2379 1843 2399 vox
1869 2369 1997 2401 humani
2010 2373 2119 2404 iudicii

1147 2414 1205 2435 seu
1224 2404 1336 2446 Legis,
1360 2405 1578 2438 lustiticamnr
1601 2410 1768 2448 operibus.
1814 2410 1858 2442 Ut
1881 2412 2030 2453 Baptista
2055 2414 2120 2446 cla—

1145 2542 1191 2572 49)
1212 2542 1274 2567 sicut
1293 2542 1372 2567 abest
1390 2543 1424 2568 ub
1443 2543 1513 2568 [ditt.
1538 2546 1606 2569 1-4.
1626 2546 1647 2569 6.
1669 2547 1689 2570 7.
1709 2548 1733 2571 9.
