2358 2933
84 129 147 165 389

85 226 257 258 affectibus
281 223 452 255 flectendis
471 223 513 253 ad
536 229 659 253 certam
681 222 939 252 moderationem
958 227 987 251 et
1007 231 1061 251 ae-

87 267 380 310 quabilitatem,30l
404 276 464 297 seu
494 266 704 300 suavitaten13
735 264 833 305 idque
851 264 982 304 proprie
1006 272 1062 293 vo-

88 316 182 341 catur
207 309 322 347 ἤθικόν.
366 308 483 349 Neque
517 317 599 338 vero
623 312 757 338 accusat
789 305 974 336 naturalem
1006 306 1063 335 im-

87 352 293 388 munditiem,
322 361 385 381 nec
407 351 527 381 iudicat
549 349 605 380 illa
628 359 753 379 summa
781 349 858 379 vitia
886 347 1065 388 pugnantia

89 404 162 424 cum
183 394 286 433 prima
315 392 446 430 tabula,
477 392 710 422 dubitationem
734 390 774 421 de
797 390 888 425 Deo,
917 389 1065 420 diffiden-

88 436 164 465 tiam
187 439 219 464 et
236 434 358 464 similes
377 435 512 465 morbos
531 435 564 464 in
582 439 698 464 natura
716 433 855 463 hominis
877 431 1065 462 haerentes.

89 476 134 507 At
156 475 225 506 Lex
253 475 316 506 Dei
343 485 409 505 non
433 480 557 505 tantum
579 475 714 513 requirit
744 481 799 505 aut
828 473 981 514 prohibet
1011 484 1067 504 ex-

89 524 183 548 terna
204 515 310 554 sacta‚
340 527 406 547 non
430 522 552 547 tantum
576 515 711 555 requirit
738 515 828 544 illam
856 515 1068 555 diligentiam,

90 561 131 590 de
160 570 225 600 qua
254 558 441 600 philosophi
474 558 692 598 praecipiunt,
723 555 1066 596 cohercendorumffl)

90 601 279 638 affectuun13
298 602 356 631 sed
370 601 504 641 requirit
515 606 663 630 naturam
676 600 720 629 ita
732 599 990 629 consentientem
1001 597 1069 639 legi

91 643 170 681 Dei,
199 645 283 674 sicut
311 653 399 673 nunc
425 642 691 682 concupiscentia
715 647 878 682 repugnat
902 639 969 682 legi
994 640 1067 671 Dei.

91 686 132 716 Et
154 686 330 726 praecipue
360 686 495 725 requirit
522 685 669 714 notitiam
691 684 754 714 Dei
780 684 926 721 firmam,
955 693 1069 713 verum

90 729 237 758 timorem
255 727 334 764 Dei,
363 727 487 757 firmam
512 727 663 757 fiduciam
682 726 763 763 Dei,
788 724 967 766 perfectam
991 724 1069 755 dile-

90 770 246 804 ctionem;
266 774 401 799 accusat
424 769 562 799 vitiosos
587 768 723 799 affectus
747 774 779 799 et
800 769 906 808 ipsam
932 773 1069 798 naturae

90 811 339 847 immunditiem,
370 820 431 841 seu
454 812 754 850 concupiscentiam
772 812 952 851 parientem
976 811 1068 840 vitio-

90 863 147 883 sos
171 852 318 883 affectus.
363 853 436 883 Hoc
461 854 558 883 sentit
583 852 717 891 Paulus,
743 863 816 884 cum
835 853 937 894 inquit
961 852 1068 890 [Rom.

92 896 123 932 7,
138 895 219 932 144:
240 895 308 925 Lex
329 901 378 925 est
392 894 583 935 spiritualis,
601 894 665 926 hoc
678 902 740 932 est,
759 894 940 936 spiritualia
959 895 1066 935 requi-

90 947 186 974 rens,
209 947 321 967 veram
346 937 410 967 Dei
434 938 597 974 notitiam,
621 948 735 968 verum
761 939 926 973 timorem,
956 947 1069 967 veram

90 979 252 1015 fiduciam,
270 978 448 1019 perfectam
468 978 686 1016 dilectionem,
707 980 793 1010 sicut
811 980 853 1009 ait
866 979 936 1009 Lex
955 979 1068 1017 [Deut-

90 1021 195 1060 6,5.]:
215 1020 344 1061 Diliges
363 1021 539 1051 Dominum
558 1021 665 1051 Deum
692 1028 782 1051 tuum
805 1031 845 1051 ex
868 1028 938 1051 toto
959 1021 1068 1051 corde.

91 1063 164 1093 Hoc
187 1063 362 1093 discrimen
386 1062 469 1104 legis
494 1062 556 1092 Dei
586 1069 617 1092 et
635 1062 744 1104 legum
773 1063 988 1094 humanarum
1011 1072 1069 1093 seu

90 1104 320 1146 philosophiae
338 1114 411 1135 cum
430 1115 496 1135 non
522 1105 769 1135 considerarent
790 1105 988 1136 Scholastici
1013 1105 1069 1135 do-

92 1154 214 1184 ctores,
237 1153 434 1188 pepererunt
453 1146 574 1177 multos
599 1157 741 1178 errores.

175 1190 317 1220 Primum
359 1189 522 1220 finxerunt
556 1188 631 1231 lege
643 1191 688 1227 S²)
724 1190 786 1220 Dei
820 1200 887 1220 non
924 1189 1069 1220 damnari

90 1231 271 1264 naturalem
301 1230 619 1268 imbecillitateni,33)
649 1231 801 1262 videlicet
831 1227 1092 1272 concupiscen-'

90 1277 178 1306 tiam.

175 1319 347 1348 Secundo:
366 1316 431 1357 legi
440 1318 485 1352 S4)
505 1316 566 1347 Dei
585 1317 739 1347 satisfieri
758 1327 816 1356 per
835 1326 935 1356 opera
954 1322 1070 1346 nostra

91 1360 274 1396 exteriora,
301 1360 392 1395 item,
418 1368 476 1399 per
496 1365 648 1389 conatum
672 1359 859 1389 interiorem
879 1358 1069 1389 voluntatis.

90 1403 188 1433 etiam
211 1402 239 1431 si
261 1407 423 1442 repugnet
443 1402 721 1441 eoncupiscentia.

176 1443 305 1474 Tertio:
339 1443 379 1474 Et
410 1444 539 1484 quidem
563 1444 689 1485 fingunt
707 1443 775 1485 legi
794 1453 897 1484 posse
917 1442 1070 1473 satisfieri

93 1488 164 1517 sine
183 1486 308 1526 Spiritu
326 1491 452 1516 sancto.

177 1528 318 1563 Quarto:
344 1538 410 1559 non
441 1538 518 1559 esse
546 1534 682 1568 peccata
707 1529 959 1564 dubitationem,
989 1526 1070 1558 diffi-

90 1571 231 1602 dentiam
250 1571 291 1601 de
310 1569 480 1601 voluntate
498 1570 560 1601 Dei
580 1576 610 1601 et
633 1570 754 1601 similes
778 1578 898 1601 motus.

97 1740 270 1771 ricordiae.
314 1740 463 1770 Breviter
480 1739 560 1770 nihil
580 1740 768 1771 discernunt
786 1742 870 1771 inter
893 1750 965 1770 eam
983 1740 1072 1771 iusti-

96 1783 191 1820 tiam,
211 1792 308 1823 quam
326 1782 395 1812 Lex
415 1782 478 1812 Dei
498 1783 645 1822 requirit,
667 1789 697 1813 et
717 1793 814 1823 quam
835 1784 952 1813 docent
977 1782 1071 1823 leges

97 1823 252 1865 politicae
271 1823 325 1854 vel
344 1823 563 1865 philosophia.

182 1866 301 1897 Sexto:
326 1866 403 1897 hinc
428 1868 599 1897 extiterunt
623 1868 716 1897 etiam
747 1869 872 1898 somnia
898 1868 938 1898 de
968 1866 1071 1908 perfe-

97 1909 223 1945 ctione,
249 1909 289 1939 de
318 1907 482 1946 consiliis.
510 1910 550 1939 de
578 1910 732 1949 operibus
759 1911 1071 1951 supererogationis.

96 1951 182 1986 Quia
206 1951 290 1981 enim
317 1952 520 1982 somniabant
549 1961 586 1982 se
611 1951 675 1993 legi
700 1952 911 1990 satisfacere,
942 1953 1073 1984 addide-

97 1998 170 2024 runt
188 1998 301 2034 postea
313 2016 321 2031 ,
347 1994 511 2034 quomodo
532 1993 607 2034 plus
628 1996 722 2025 etiam
741 1994 811 2025 fieri
829 1996 949 2035 possit,
975 2006 1071 2036 quam

96 2035 150 2066 lex
167 2035 322 2075 postulat.

95 2083 220 2118 postea.

183 2119 250 2151 Sed
280 2119 404 2150 Paulus
438 2119 649 2162 belligeratur
675 2132 749 2153 cum
773 2121 839 2152 illis
872 2122 1072 2153 Pharisaicis

98 2162 306 2203 opinionibus
325 2162 367 2192 de
385 2161 471 2203 lege,
491 2169 522 2193 et
540 2164 680 2195 ostendit
698 2164 772 2206 lege
783 2164 846 2195 Dei
864 2175 929 2195 non
950 2170 1072 2196 tantum

99 2316 144 2346 80)
165 2316 382 2346 aequabilitatem]
408 2317 443 2340 sic
472 2316 543 2341 Editt.
573 2318 592 2341 1.
612 2318 634 2342 4.
654 2319 677 2342 5.
707 2319 728 2343 8.
747 2320 770 2342 9.
793 2319 861 2343 11-
876 2319 913 2343 13.
944 2321 968 2342 et
997 2319 1070 2348 Opp.;

167 2350 238 2374 Editt.
259 2351 280 2374 2.
300 2351 323 2374 6.
345 2351 368 2374 7.
392 2351 429 2374 14.
450 2351 630 2380 aequalitatem

101 2401 146 2431 81)
167 2400 391 2431 cohercendorum]
413 2400 455 2424 Ed.
477 2402 499 2425 2.
520 2401 613 2431 typoth.
633 2407 732 2427 errore:
752 2402 935 2427 cohercendum

100 2451 144 2481 82)
164 2451 232 2481 lege]
251 2451 323 2475 Editt.
341 2452 364 2475 2.
385 2452 408 2475 6.
429 2452 467 2475 7.:
486 2451 537 2481 legi

100 2501 144 2531 83)
163 2502 305 2525 naturalem
315 2501 534 2532 imbecillitatem]
545 2503 617 2528 Editt.
632 2504 737 2528 11-13-
746 2504 834 2534 etOpp.
844 2511 849 2528 τ
859 2505 975 2529 naturale
984 2505 1069 2529 vitium

100 2550 145 2579 84)
164 2551 226 2581 legi]
244 2551 286 2576 Ed.
308 2552 346 2575 11.
368 2552 424 2581 lege

533 130 555 160 1.
578 129 677 161 LOCl
699 127 975 160 THEOLOGICI:
1000 128 1036 158 C.
1061 126 1270 159 SECUNDA
1293 126 1447 158 EORUM
1470 127 1626 158 AETAS.

367 2036 434 2066 Sed
454 2036 494 2066 de
515 2036 663 2068 consiliis
689 2042 718 2067 et
737 2036 939 2078 perfectione
965 2039 1071 2068 dicam
1093 2037 1096 2062 2

2018 126 2080 157 390

1108 220 1230 261 requiri
1254 218 1363 250 civilia
1375 228 1486 259 opera,
1505 218 1564 249 sed
1577 218 1754 258 perfectam
1773 217 1989 248 obedientiam
2003 228 2082 259 erga

1108 262 1232 297 Deum3
1252 268 1283 292 et
1300 262 1451 293 accusari
1471 270 1536 291 non
1556 266 1679 291 tantum
1698 258 1839 290 actualia
1856 265 2003 299 peccata,
2022 260 2082 290 sed

1109 306 1205 335 etiam
1240 309 1389 334 naturam
1424 303 1592 338 vitiosam3
1631 302 1796 333 contendit
1830 301 1938 339 [Rom.
1964 301 1994 338 3,
2017 301 2083 339 234

1109 356 1223 377 omnes
1249 355 1325 376 reos
1349 355 1441 382 esse,
1467 346 1627 375 neminem
1653 344 1719 385 legi
1744 343 1946 374 satisfacere.
1992 342 2082 374 Haec

1109 389 1170 419 nisi
1191 389 1348 426 sciantur,
1367 398 1433 417 non
1453 393 1560 427 potest
1583 385 1718 426 intelligi
1739 386 1932 416 beneficium
1952 384 2084 422 Christi,

1109 437 1143 461 ut
1161 436 1277 470 postea
1301 431 1459 461 dicemus.
1504 429 1646 459 Proinde
1669 429 1701 458 in
1722 427 1897 459 Corinthiis
1924 427 1973 465 [11.
1994 427 2025 465 3,
2046 427 2085 458 13

1111 476 1176 513 sq.]
1197 472 1262 502 huc
1287 471 1513 503 accommodat
1538 477 1650 512 typum
1674 472 1714 501 de
1733 469 1819 500 facie
1844 470 1930 500 Mosi
1958 469 2084 504 velata;

1111 516 1154 546 ait
1173 515 1313 545 Iudaeos
1332 523 1397 544 non
1417 514 1529 544 videre
1546 515 1579 543 in
1599 513 1695 543 finem
1714 512 1815 553 legis,
1841 512 1905 542 hoc
1930 517 1993 549 est,
2018 522 2084 542 non

1110 558 1300 596 perspicere
1318 556 1426 596 legem
1444 554 1610 595 perfecte,
1636 556 1694 586 sed
1721 554 1797 585 velo
1822 560 1948 585 mentes
1973 563 2085 584 eorum

1111 598 1280 638 impeditas
1300 607 1387 627 esse.
1432 597 1497 627 Ubi
1516 596 1626 627 velum
1645 597 1730 627 hanc
1756 598 1860 636 ipsam
1879 594 1997 626 falsam
2015 605 2085 636 per-

1112 641 1301 670 suasionem
1320 638 1484 680 intelligit,
1509 638 1573 669 hoc
1600 645 1666 675 est,
1694 638 1827 669 carnale
1847 649 1907 669 seu
1926 637 2022 669 ciw'le
2039 639 2086 670 iu—

1113 683 1249 720 dicium,
1269 683 1357 723 quod
1376 681 1429 712 lex
1447 687 1570 712 tantum
1589 682 1733 722 requirat
1752 680 1860 712 civilia
1879 691 1996 721 opera,
2020 690 2084 712 non

1112 731 1249 755 accuset
1278 730 1427 755 naturam
1457 724 1626 761 vitiosam,
1656 724 1744 764 quod
1770 723 1835 764 legi
1859 723 1996 754 satisfiat
2028 733 2088 765 per

1092 782 1093 796 1
1112 767 1197 797 hanc
1223 767 1423 807 diligentiam
1448 766 1641 803 humanam,
1667 766 1755 806 quod
1778 767 1842 796 sint
1859 766 1935 796 iusti
1957 774 2088 807 propter

1092 820 1223 849 ¹opera,
1248 810 1308 840 etsi
1335 809 1462 839 interim
1488 809 1588 839 corda
1614 807 1711 848 plena
1731 813 1806 839 sunt
1833 808 2032 839 dubitatione
2059 816 2087 839 et

1112 851 1184 882 aliis
1204 852 1330 882 vitiosis
1350 850 1532 881 affectibus.
1579 850 1651 881 Hoc
1677 849 1787 881 velum
1811 849 1882 881 tolli
1908 850 2004 881 docet.
2029 861 2087 891 per

1112 894 1293 930 Chlistum,
1314 904 1388 924 cum
1407 893 1560 923 videlicet
1579 893 1808 934 agnoscimus,
1833 902 1895 923 nos
1914 903 1990 923 esse
2011 902 2087 924 reos

1111 937 1180 966 irae
1199 936 1280 971 Dei,
1300 946 1362 965 nec
1380 945 1482 976 posse
1501 934 1694 966 satisfacere
1712 934 1778 976 legi
1796 935 1877 972 Dei,
1901 946 1940 966 ac
1960 936 2087 977 quaeri-

1090 988 1184 1016 ¹mus
1220 978 1496 1014 misericordiam,
1533 983 1563 1007 et
1596 979 1766 1009 statuimus
1796 988 1858 1008 nos
1888 978 2088 1018 pronuntian'

1112 1022 1217 1051 iustos
1244 1026 1377 1060 propter
1403 1018 1579 1050 Chlistum.
1625 1019 1734 1061 Atque
1757 1021 1799 1050 ita
1818 1019 1944 1050 liberati
1964 1021 2087 1051 dubita-

1111 1064 1199 1093 tione
1233 1072 1311 1092 vere
1347 1063 1560 1102 agnoscimus
1594 1067 1625 1092 et
1659 1063 1852 1093 invocamus
1881 1062 1988 1093 Deum
2026 1069 2087 1094 etc.

1113 1105 1224 1139 Quare
1250 1105 1333 1141 etff‘)
1366 1103 1562 1134 scholastici
1588 1104 1760 1142 doctoreS,
1792 1115 1865 1135 cum
1893 1104 1968 1135 illas
1998 1106 2087 1145 ipsas

1113 1147 1263 1178 Iudaicas
1297 1152 1328 1176 et
1357 1145 1508 1176 carnales
1542 1147 1713 1186 opiniones
1744 1147 1785 1177 de
1816 1146 1908 1188 Lege
1937 1147 2088 1184 doceant,

1113 1191 1208 1220 etiam
1234 1190 1398 1219 intuentur
1423 1190 1455 1218 in
1480 1187 1596 1219 faciem
1621 1188 1707 1219 Mosi
1726 1187 1885 1228 velatam,
1916 1200 1976 1220 nec
2001 1196 2088 1220 recte

1112 1232 1256 1262 iudicant
1275 1231 1316 1261 de
1340 1230 1415 1272 lege
1427 1230 1501 1268 Dei,
1521 1241 1560 1261 ac
1581 1231 1730 1262 doctrina
1749 1242 1860 1262 eorum
1872 1231 1971 1272 plane
1983 1233 2087 1273 ipsum

1113 1273 1222 1304 velum
1246 1279 1311 1310 est,
1336 1284 1401 1314 quo
1426 1273 1497 1304 Lex
1515 1274 1721 1304 obscuratur.
1767 1273 1826 1304 Est
1852 1275 1936 1305 enim
1962 1282 2089 1315 smnpta

1113 1317 1154 1346 ab
1177 1315 1320 1347 humano
1341 1322 1373 1345 et
1400 1314 1523 1346 carnali
1546 1316 1665 1346 iudicio
1692 1315 1732 1346 de
1751 1315 1893 1358 legibus.
1939 1317 2088 1358 Evange-

1112 1357 1190 1389 lium
1210 1364 1318 1389 autem
1337 1360 1452 1399 retegit
1465 1357 1551 1389 Mosi
1569 1357 1700 1396 faciem,
1720 1369 1793 1390 cum
1805 1359 1837 1389 in
1850 1360 2090 1399 praedicatione

1113 1401 1332 1441 poenitentiae
1357 1401 1513 1438 ostendit,
1540 1402 1617 1442 quid
1642 1411 1720 1432 vere
1738 1400 1792 1431 lex
1818 1402 1977 1442 requirat,
2003 1403 2090 1442 quod

1114 1450 1249 1474 accuset
1270 1453 1394 1474 omnes.
1424 1443 1514 1474 Haec.
1534 1443 1623 1474 volui
1642 1444 1730 1474 initio
1750 1444 1895 1474 breviter
1913 1444 2090 1474 admonere

1115 1486 1155 1516 de
1186 1486 1374 1516 discrimine
1404 1485 1490 1528 legis
1515 1485 1578 1517 Dei
1608 1492 1638 1516 et
1663 1485 1772 1527 legum
1797 1485 2027 1524 humanarum5
2056 1493 2090 1516 ut

1092 1546 1093 1570 i
1115 1529 1268 1565 sciamus,
1289 1529 1366 1569 quid
1385 1528 1439 1559 lex
1456 1528 1519 1559 Dei
1538 1530 1694 1569 requirat,
1715 1535 1745 1559 et
1764 1529 1805 1559 de
1828 1538 1889 1560 usu
1908 1527 1992 1569 legis
2013 1529 2089 1558 divi—

1092 1572 1094 1610 '5
1114 1581 1176 1601 nae
1196 1576 1284 1601 recte
1302 1571 1448 1602 iudicare
1466 1572 1645 1612 possimus.

177 1612 316 1648 Quinto:
342 1613 418 1653 quia
443 1612 509 1653 legi
533 1619 647 1653 putant
673 1612 867 1644 satisfacere
893 1613 1070 1650 hominem,

91 1656 217 1697 fingunt
259 1665 332 1686 eum
376 1655 496 1685 iustum
532 1656 733 1695 pronuntiari
768 1662 901 1696 propter
938 1656 1071 1696 propria
1092 1675 1094 1693 4

93 1708 211 1738 opera,
231 1703 263 1728 et
282 1697 411 1738 quidem
432 1698 503 1728 sine
523 1697 597 1735 fide,
615 1698 648 1728 id
669 1704 729 1735 est,
749 1699 819 1728 sine
838 1698 957 1728 fiducia
976 1699 1070 1728 mise·
1092 1694 1095 1726 ἴ

1438 1664 1468 1695 D
1479 1666 1487 1696 i
1498 1666 1607 1696 visio
1639 1665 1758 1707 legum.

1201 1740 1344 1771 Primum
1373 1741 1481 1772 solent
1503 1741 1567 1772 hae
1591 1743 1721 1782 species
1747 1744 1932 1773 recensexi:
1959 1742 2011 1774 lex
2034 1754 2089 1774 na-

1114 1789 1223 1820 turae,
1242 1782 1297 1813 lex
1317 1784 1443 1821 divina,
1462 1783 1517 1814 lex
1535 1784 1687 1815 humana.
1732 1784 1841 1826 Leges
1863 1786 1991 1816 divinae
2014 1793 2088 1816 sunt

1094 1821 1095 1856 ἶ
1115 1825 1228 1868 leges.
1260 1837 1344 1867 quae
1366 1827 1553 1868 ubicunque
1577 1832 1685 1857 extant
1710 1838 1784 1857 cum
1808 1828 1840 1857 in
1859 1827 1955 1857 Mose
1972 1833 2039 1858 tum
2056 1829 2088 1858 in

1115 1867 1207 1899 libris
1227 1867 1408 1910 Evangelii.
1454 1870 1520 1900 Sed
1540 1880 1741 1910 quanquam,
1775 1875 1809 1900 ut
1833 1875 1947 1910 postea
1973 1870 2088 1907 dicam,

1117 1910 1292 1941 Christiani
1312 1910 1406 1941 liberi
1425 1918 1501 1943 sunt
1518 1923 1535 1942 a
1557 1911 1631 1952 lege
1643 1911 1740 1948 Mosi,
1759 1918 1865 1942 tamen
1883 1911 1936 1942 hic
1950 1912 2087 1943 docendi

1117 1963 1217 1984 causa
1236 1952 1330 1994 leges
1349 1953 1518 1984 'Mosaicae
1548 1954 1785 1985 discernendae
1804 1959 1896 1992 sunt,
1920 1960 1954 1984 ut
1973 1960 2086 1994 postea

1115 1994 1244 2026 facilius
1270 1997 1396 2027 ostendi
1415 1998 1530 2037 possit,
1551 1997 1628 2037 quid
1647 1997 1687 2027 sit
1706 1996 1775 2027 Lex
1798 2002 1950 2034 naturae,
1970 2002 2001 2027 et
2019 1997 2086 2037 qui-

1116 2040 1178 2069 bus
1205 2037 1334 2079 legibus
1360 2049 1420 2069 nos
1446 2040 1622 2069 debeamus
1649 2039 1875 2069 obedientiam.
1920 2038 2087 2069 Mosaicae

1115 2080 1207 2122 leges
1227 2082 1259 2111 in
1277 2088 1344 2111 tres
1365 2082 1496 2112 ordines
1517 2082 1762 2112 distribuuntur.
1808 2080 1903 2111 Aliae
1926 2087 2003 2112 sunt
2021 2091 2086 2112 mo-

1116 2123 1216 2160 rales,
1235 2123 1318 2154 aliae
1337 2123 1524 2161 iudiciales,
1543 2124 1607 2154 hoc
1633 2129 1694 2160 est,
1712 2122 1876 2160 forenses,
1894 2122 1977 2154 aliae
1997 2133 2086 2154 cere-

1116 2164 1286 2196 moniales.
1332 2165 1478 2197 Morales
1503 2176 1677 2203 vocamus,
1704 2176 1788 2206 quae
1813 2166 1979 2196 continent
1995 2176 2086 2206 prae-

1116 2214 1209 2248 cepta
1236 2210 1405 2245 virtutum,
1430 2219 1514 2249 quae
1540 2210 1582 2239 ad
1601 2218 1716 2239 omnes
1740 2209 1910 2248 pertinent.
1954 2207 1994 2238 Et
2013 2209 2086 2249 quia

1116 2250 1299 2292 decalogus
1326 2252 1467 2282 continet
1498 2261 1655 2282 summam
1683 2250 1797 2284 talium
1819 2256 2086 2291 praeceptorum:

1116 2294 1188 2324 ideo
1207 2292 1426 2333 appellatione
1446 2293 1596 2334 decalogi
1614 2293 1805 2333 plerumque
1824 2292 1970 2323 solemus
1995 2291 2086 2323 intel-

1115 2335 1218 2377 ligere
1246 2335 1381 2366 moralia
1411 2342 1605 2375 praecepta,
1639 2336 1825 2375 ubieunque
1854 2336 1886 2364 in
1917 2336 2086 2374 scripturis

1116 2384 1241 2414 extant,
1262 2388 1346 2417 quae
1364 2378 1565 2417 praecipiunt
1585 2376 1705 2418 aliquid
1726 2377 1766 2407 de
1785 2378 1937 2407 virtutum
1951 2376 2086 2407 officiis:

1117 2420 1297 2451 cuiusmodi
1325 2426 1401 2451 sunt
1430 2427 1601 2460 praecepta
1631 2419 1726 2450 Rom.
1755 2419 1805 2450 12.
1824 2425 1855 2449 et
1872 2417 1958 2449 alibi.
2004 2419 2085 2449 Nam

1116 2557 1161 2586 85)
1181 2560 1204 2580 et
1225 2557 1363 2580 omitluut
1384 2557 1455 2581 Editr.
1477 2555 1581 2581 11-13.
1600 2560 1623 2580 et
1643 2556 1700 2586 Opp.
