2358 2933
111 107 176 139 253

130 480 240 502 methodus.

176 1359 197 1388 1,
215 1358 239 1383 b.

547 104 571 135 1.
600 104 703 136 LOCI
725 102 1000 135 THEOLOGICI:
1031 103 1067 134 C.
1092 103 1306 136 SECUNDA
1326 102 1483 135 EORUM
1505 102 1662 134 AETAS.

700 286 867 319 LOCI
911 285 1310 319 COMMUNES
1354 288 1529 320 PHIL.

771 378 988 411 MDXXXIH.
1014 378 1119 410 altera
1141 386 1218 420 post
1241 382 1458 412 ascensionis-

312 467 403 498 Sicut
432 467 465 497 in
492 464 564 496 aliis
592 465 718 495 artibus
746 474 889 495 necesse
918 470 970 494 est
992 462 1114 494 infor?

267 519 357 541 mare
380 508 572 545 methodos,
602 517 707 547 eaque
736 517 790 537 res
821 516 974 548 magnam
992 505 1093 537 habet

267 551 455 589 utilitatem,
491 550 567 591 quia
600 548 694 580 aliter
727 559 835 590 neque
864 549 953 579 initia
986 558 1094 588 neque

268 596 375 625 exitus
410 594 527 623 artium
560 592 650 622 cerni
684 597 845 631 possunt,
885 601 926 621 ac
955 589 1094 632 intelligi

269 637 346 677 quid
375 637 408 666 in
437 645 563 665 summa
593 635 715 665 docere
745 642 799 664 aut
825 631 958 663 efficere
980 631 1093 670 velint,

268 679 316 709 lta
344 678 481 718 prodest
508 678 541 707 in
572 676 722 707 doctrina
753 675 941 707 Christiana
970 675 1095 705 metho-

269 721 347 751 dum
379 718 552 760 aliquaml)
582 717 762 756 informari,
796 718 861 748 hoc
885 723 947 754 est,
982 718 1096 747 ordine

271 761 429 804 colligere
450 762 647 801 praecipuos
671 760 778 797 locos,
800 766 835 791 ut
859 758 996 801 intelligi
1019 769 1096 799 pos-

270 806 312 836 sit
334 805 411 845 quid
433 805 465 834 in
489 814 615 834 summa
632 803 826 843 profiteatur
842 803 991 833 doctrina
1005 801 1097 833 Chri-

269 848 391 884 stiana,
426 846 503 888 quid
530 846 572 876 ad
606 856 678 876 eam
705 846 885 885 pertineat,
920 845 997 885 quid
1030 854 1097 874 non

269 890 441 930 pertineat.
497 888 589 919 Haec
623 889 707 918 enim
740 888 852 918 videre
889 886 1096 917 Christianos

274 941 416 962 necesse
451 936 514 967 est,
550 930 661 965 Quare
694 930 791 961 etiam
825 928 917 960 multi
950 936 1097 959 veterum

272 973 479 1015 collegerunt
518 972 703 1003 methodos.
778 971 862 1006 Quid
915 972 1001 1002 enim
1047 978 1096 1001 est

274 1018 381 1057 ipsum
405 1013 613 1056 Symbolum,
640 1015 702 1044 nisi
714 1013 789 1044 talis
803 1014 962 1054 quaedam
974 1012 1098 1044 metho-

275 1057 359 1089 dus?
383 1057 546 1098 Origenes
569 1056 645 1086 Peri
664 1055 834 1094 archon121)
861 1056 1028 1095 copiosius
1041 1066 1098 1086 vo-

271 1099 330 1131 luit
369 1099 454 1129 idem
493 1104 721 1140 argumentum
761 1103 923 1134 tractare,
971 1097 1031 1127 sed
1066 1098 1098 1127 id

273 1143 431 1182 scriptum
453 1151 520 1171 non
542 1142 661 1181 probat
684 1139 825 1171 ecclesia
856 1150 916 1170 ne(-
941 1145 1029 1169 extat
1053 1140 1098 1169 in-

273 1191 413 1226 tegrum.
446 1183 569 1214 Extant
591 1184 814 1214 enarrationes
837 1183 869 1212 in
893 1180 1097 1223 Symbolum,
1119 1189 1121 1199 ⁸

275 1225 380 1267 qualis
416 1231 466 1256 est
495 1225 665 1266 Cypriani,
700 1235 783 1266 quae
816 1225 968 1255 videntur
1003 1224 1098 1254 etiam

274 1269 338 1299 hoc
363 1267 500 1298 consilio
523 1268 667 1308 scriptae
683 1273 718 1298 ut
730 1268 814 1298 viam
827 1267 996 1297 doctrinae
1008 1265 1099 1296 Chri—

275 1311 401 1342 stianae
435 1309 741 1350 complecterentur.

274 1352 403 1384 libellus
418 1352 422 1369 ¹
437 1353 477 1383 de
500 1352 564 1383 fide
577 1351 763 1383 Christiana
785 1352 827 1382 ad
843 1351 988 1389 Petrum,
1013 1351 1099 1391 apud

274 1395 506 1437 Augustinum.
573 1394 696 1426 Postea
739 1394 970 1425 Damascenus
1011 1393 1099 1433 apud

277 1438 426 1469 Graecos
450 1444 481 1467 et
493 1437 737 1479 Longobardus
761 1437 848 1477 apud
865 1435 984 1467 latinos
1005 1436 1100 1476 quasi

277 1490 436 1511 summam
454 1478 713 1510 Ecclesiasticae
736 1480 906 1510 doctrinae
925 1477 1099 1518 complecti

278 1523 386 1552 conati
409 1528 494 1552 sunt.
540 1522 581 1552 Et
605 1522 734 1563 quidem
752 1521 1031 1563 Longobardus‘2)
1056 1521 1099 1551 ita

277 1565 391 1594 recitat
427 1565 581 1605 dogmata
621 1570 655 1595 ut
689 1573 752 1594 nec
785 1564 907 1594 muniat
941 1562 1100 1593 lectorem

279 1607 462 1646 scripturae
484 1607 697 1643 testimoniis,
722 1616 785 1636 nec
808 1606 848 1636 de
871 1615 996 1636 summa
1021 1606 1101 1635 scri-

277 1655 393 1689 pturae
416 1648 574 1688 disputet,
589 1658 651 1679 nec
664 1648 815 1679 ostendat
829 1648 906 1688 quid
917 1648 1102 1678 vetustissi-

277 1692 321 1722 mi
349 1696 482 1721 autores
511 1692 692 1727 senserint,
725 1690 785 1720 sed
808 1689 895 1720 velut
919 1700 960 1720 ex
995 1690 1102 1720 vicino

278 1734 386 1769 sumit,
420 1732 633 1773 plaerumque
661 1733 746 1763 dicta
780 1733 958 1774 Augustini
984 1733 1102 1773 partim

279 1777 445 1815 discerpta
468 1773 624 1814 replicat,
649 1774 893 1806 Commemorat
916 1775 1012 1805 etiam
1035 1775 1102 1814 opi-

278 1819 395 1848 niones
418 1816 573 1858 wlgares
597 1817 812 1858 quorundam,
833 1818 886 1858 qui
906 1817 1101 1848 dissentiunt

278 1861 319 1891 ab
342 1859 536 1901 Evangelio,
572 1860 721 1901 deindess)
757 1860 829 1899 ipse
865 1861 1026 1891 convertit
1060 1860 1102 1890 ad

279 1912 317 1933 se
347 1903 488 1933 omnium
517 1903 736 1933 recentiorum
767 1902 891 1939 studia,
924 1903 978 1943 qui
1007 1903 1102 1933 etiam

278 1947 377 1982 non4)
400 1946 509 1975 iuvant
535 1945 774 1982 conscientias,
805 1954 912 1986 neque
936 1945 1102 1984 disputant

280 1988 320 2018 de
343 1998 467 2018 summa
491 1988 684 2027 scripturae,
708 1988 769 2018 sed
792 1988 901 2018 securi
922 1988 1059 2018 traditas
1083 1998 1102 2018 a

279 2030 503 2071 Longobardo
527 2031 706 2060 sententias
731 2035 763 2060 et
787 2040 931 2061 Summas
960 2031 1101 2060 retinent

280 2078 434 2113 tanquam
456 2071 719 2113 irrefragabiles,
743 2071 867 2103 Postea
890 2073 1012 2103 addunt
1037 2073 1102 2103 dis-

279 2115 465 2154 putationes
496 2125 536 2145 ex
564 2113 788 2155 philosophia,
817 2114 895 2146 nihil
927 2116 969 2145 ad
992 2116 1102 2146 iuvan-

281 2157 355 2187 dam
401 2158 635 2187 conscientiam
668 2158 880 2197 pertinentes,
927 2157 1104 2199 plaeraque

281 2199 375 2229 etiam
400 2200 519 2230 docent
546 2198 653 2239 palam
677 2201 903 2231 dissentientia
931 2202 972 2231 ab
996 2200 1103 2231 Evan-

146 2345 173 2376 1)
197 2344 318 2375 aliquam]
337 2342 395 2369 MS.
416 2345 535 2375 aliquem.

129 2388 168 2416 1³)
188 2387 203 2411 i.
223 2393 245 2411 e.
264 2386 325 2418 περὶ
343 2383 444 2419 ἀρχῶν.

144 2438 173 2467 2)
193 2438 261 2462 Haec
279 2438 303 2462 in
322 2438 394 2462 Editt.
412 2444 462 2463 non
481 2439 607 2467 leguntur.

145 2489 173 2519 3)
193 2486 266 2513 Post
286 2489 377 2513 deinde
396 2487 454 2513 Μς.
475 2487 593 2513 ent-hibet
612 2489 728 2513 conciliat
748 2488 799 2512 secl
818 2491 1009 2520 empnnctum.

145 2532 174 2560 4)
193 2529 266 2555 Post
284 2537 335 2556 non
353 2532 385 2554 in
404 2529 460 2555 Ms.
480 2533 608 2563 apparet
627 2534 713 2556 amant
750 2530 801 2555 sed
821 2533 1015 2563 eapunctum.

1118 919 1119 925 ,
1141 893 1217 919 test.

797 1308 886 1339 Talis
921 1314 971 1339 est
1002 1309 1121 1339 etiam,

1137 462 1222 505 gelio
1246 464 1286 494 de
1309 466 1503 495 remissione
1525 469 1738 503 peccatorum
1757 469 1787 493 et
1807 462 1964 494 iustifica-

1136 507 1225 536 tione
1234 509 1278 536 et¹
1292 507 1333 537 de
1346 506 1418 537 aliis
1431 507 1546 538 w'cinis
1562 504 1656 536 locis.
1674 505 1742 536 Sed
1755 515 1828 536 meo
1843 505 1964 536 iudicio

1137 558 1278 579 necesse
1302 554 1352 579 est
1374 550 1406 579 in
1421 548 1576 579 methodo
1590 549 1736 579 veritatis
1756 547 1965 589 dogmatibus

1138 592 1264 621 munire
1273 592 1494 622 conscientias
1509 591 1692 630 scripturae
1704 590 1910 620 testimoniis.
1923 589 1965 619 ad

1138 633 1222 663 haec
1234 634 1330 664 etiam
1339 634 1514 664 ostendere
1522 633 1598 673 quid
1605 633 1817 663 vetustissimi
1827 632 1967 671 scripto-

1140 685 1194 706 res
1213 676 1246 705 in
1261 674 1403 706 ecclesia
1417 676 1592 706 senserint.
1627 674 1717 705 Haec
1732 684 1794 704 nos
1812 680 1967 714 quantum

1139 719 1320 758 poterimus
1354 717 1467 748 facere
1502 718 1704 748 conabimur.
1752 716 1860 746 Habet
1893 717 1966 756 ipsa

1140 762 1306 800 scriptura
1329 771 1422 791 suam
1446 761 1609 801 quandam
1633 758 1821 789 methodum
1844 763 1875 788 et
1899 758 1967 798 qui-

1141 804 1215 833 dem
1243 803 1467 833 artificiosam.

1140 847 1181 876 ab
1205 847 1278 885 ipso
1302 846 1416 876 ordine
1434 844 1591 876 historiae
1609 845 1778 884 aptissime
1802 843 1886 874 sumi
1909 853 1967 883 po-

1263 888 1355 918 Initio
1379 888 1419 917 de
1440 888 1617 925 creatione,
1641 886 1682 916 de
1704 892 1843 926 peccato
1866 885 1968 916 homi-

1142 931 1205 967 nis,
1231 931 1271 960 de
1293 930 1567 970 promissionibus
1590 928 1744 970 loquitur,
1766 934 1884 968 postea
1903 934 1968 958 tra-

1143 973 1187 1003 dit
1220 971 1346 1014 legem.
1389 973 1505 1002 deinde
1547 973 1644 1002 docet
1678 969 1893 1012 Evangelium
1928 970 1969 1000 de

1143 1014 1288 1045 Christo.
1334 1014 1375 1045 Et
1394 1013 1515 1045 Paulus
1540 1015 1671 1045 omnino
1694 1012 1879 1043 methodice
1903 1012 1969 1043 dis-

1142 1062 1234 1097 putat
1258 1057 1298 1087 de
1320 1057 1499 1096 praecipuo
1522 1054 1694 1097 Evangelii
1717 1054 1791 1086 loco
1816 1055 1856 1085 de
1879 1055 1969 1085 iusti-

1143 1099 1311 1136 ficatione,
1347 1100 1401 1130 ubi
1431 1098 1573 1139 explicat
1607 1098 1782 1129 discrimen
1816 1096 1901 1139 legis
1938 1103 1970 1127 et

1142 1140 1325 1182 Evangelii.
1389 1141 1552 1172 lohannes
1587 1141 1762 1181 praecipue
1796 1141 1892 1170 docet
1928 1140 1969 1170 de

1143 1189 1259 1214 natura
1284 1183 1422 1221 Christi,
1458 1185 1537 1214 Item
1568 1184 1608 1214 (10
1636 1184 1756 1215 iustitia
1785 1182 1870 1213 fidei.
1917 1182 1969 1213 Ac

1143 1224 1293 1265 profecto
1328 1225 1417 1257 nulla
1451 1226 1625 1257 methodus
1659 1226 1766 1267 magis
1807 1225 1969 1256 concinna

1143 1267 1312 1299 informari
1333 1275 1444 1310 potest
1467 1280 1564 1310 quam
1586 1268 1669 1299 haec
1692 1269 1766 1308 ipsa
1786 1269 1970 1307 scripturae

1144 1312 1258 1348 series,
1283 1312 1311 1342 si
1335 1313 1405 1353 quis
1430 1321 1501 1342 eam
1524 1312 1621 1343 modo
1646 1312 1802 1342 observet
1819 1316 1850 1341 et
1868 1316 1970 1340 atten—

1145 1354 1210 1384 dat.
1246 1353 1312 1384 Sed
1336 1355 1411 1395 quia
1433 1354 1570 1394 prodest
1591 1353 1737 1385 fortasse
1759 1353 1853 1394 quasi
1871 1351 1970 1383 titulis

1145 1402 1175 1427 et
1210 1402 1307 1427 notas
1337 1397 1460 1427 addere
1493 1398 1574 1437 ipsis
1603 1396 1786 1436 scripturae
1816 1394 1900 1426 locis
1928 1395 1971 1426 ad

1144 1439 1369 1469 admonendos
1393 1438 1537 1470 lectores
1560 1450 1622 1471 nos
1646 1445 1826 1469 statuemus
1846 1437 1970 1469 metho-

1146 1482 1232 1518 dtmt,
1258 1481 1294 1512 ln
1317 1492 1381 1523 qua
1404 1483 1640 1522 propemodum
1659 1487 1834 1522 sequentes
1855 1483 1859 1499 ¹
1884 1480 1971 1511 hanc

1144 1525 1250 1564 ipsam
1284 1525 1403 1555 seriem
1432 1526 1617 1565 scripturae
1649 1524 1846 1565 praecipuos
1875 1522 1970 1553 locos

1147 1567 1377 1605 ostendemus,
1406 1574 1440 1599 ut
1463 1568 1602 1609 agnosci
1632 1568 1663 1597 111
1687 1567 1850 1606 scriptura
1875 1566 1969 1597 citius

1146 1609 1294 1649 possint,
1337 1609 1461 1641 Postea
1500 1611 1554 1641 ubi
1590 1611 1622 1640 111
1667 1610 1831 1649 scriptura
1875 1607 1971 1640 fuerit

1147 1653 1259 1693 agnita
1283 1653 1387 1683 series
1410 1651 1527 1683 horum
1549 1651 1709 1689 locorum,
1726 1650 1804 1682 nihil
1817 1661 1899 1691 opus
1913 1651 1972 1681 erit

1147 1693 1211 1724 hac
1233 1700 1348 1724 nostra
1373 1695 1522 1734 epitome.
1564 1695 1647 1726 Sunt
1669 1700 1777 1725 autem
1800 1692 1870 1724 sere
1892 1692 1970 1731 loci,

1147 1737 1231 1767 intra
1255 1747 1338 1777 quos
1363 1742 1431 1767 tota
1453 1738 1689 1778 propemodum
1714 1737 1865 1767 doctrina
1878 1735 1972 1766 Chri-

1148 1779 1252 1809 stiana
1276 1784 1440 1817 versatur,

1190 1820 1243 1852 De
1267 1822 1339 1851 deo.
1386 1821 1482 1856 Quod
1505 1832 1589 1853 unus
1614 1823 1656 1852 sit
1679 1822 1771 1853 deus.

1192 1863 1288 1899 Quod
1312 1870 1378 1894 tres
1403 1865 1467 1895 sint
1489 1875 1653 1904 personae
1676 1864 1862 1895 divinitatis.

1190 1906 1243 1937 De
1267 1907 1442 1937 creatione.
1488 1907 1540 1937 De
1564 1918 1665 1938 causa
1687 1907 1825 1947 peccati.

1190 1949 1243 1980 De
1266 1949 1407 1980 hominis
1432 1950 1555 1981 viribus-
1579 1956 1610 1980 et
1634 1950 1674 1980 de
1695 1949 1800 1981 libero
1824 1950 1894 1980 arb.

1190 1992 1243 2023 De
1265 1991 1350 2034 lege.
1395 1991 1447 2023 De
1474 1999 1612 2032 peccato
1641 2000 1673 2023 et
1695 1993 1811 2032 poenis
1834 1992 1971 2032 peccati.

1191 2035 1243 2065 De
1266 2035 1551 2074 promissionibus.
1597 2035 1650 2066 De
1674 2034 1818 2066 Christo.

1190 2077 1243 2108 De
1265 2076 1464 2119 Evangelio,
1503 2077 1556 2108 De
1595 2078 1781 2108 discrimine
1822 2076 1907 2119 legis
1941 2083 1972 2107 et

1147 2118 1330 2161 Evangelii.

1190 2162 1243 2193 De
1266 2163 1454 2193 discrimine
1476 2163 1598 2193 veteris
1622 2169 1653 2193 et
1677 2164 1753 2194 novi
1776 2169 1852 2194 test.

1189 2205 1242 2236 De
1265 2206 1381 2245 spiritu
1404 2212 1434 2236 et
1457 2204 1561 2236 litera.
1608 2205 1660 2236 De
1683 2206 1798 2247 gratia.

1190 2247 1243 2278 De
1265 2248 1510 2279 Iustiflcatione.
1555 2247 1607 2279 De
1630 2249 1939 2288 praedestinatione.

1191 2290 1242 2321 De
1266 2291 1464 2330 poenitentia
1488 2297 1519 2321 et
1542 2292 1735 2321 remissione
1747 2298 1969 2331 peecatorum.

1191 2333 1243 2364 De
1266 2333 1340 2363 fide.
1380 2333 1431 2364 De
1454 2335 1630 2365 donatione
1653 2334 1787 2374 spiritus
1812 2334 1917 2364 sancti
1940 2339 1971 2364 et

1148 2377 1214 2407 vita
1236 2376 1408 2411 aete1·na.⁵)

2054 100 2119 131 254

2018 514 2042 544 2,
2061 518 2084 537 a.

1527 802 1638 833 Series
1668 802 1753 832 enim
1777 801 1968 842 dogmatum
1981 808 2107 834 ordosmpt.

2006 1448 2030 1478 2,
2048 1447 2073 1478 b,

2023 1796 2074 1817 Loet.

1165 2532 1194 2561 5)
1213 2531 1263 2555 vita
1283 2530 1400 2560 aeterna]
1421 2529 1475 2555 Sic
1494 2528 1552 2554 Ms.
1573 2529 1632 2554 sed.
1652 2529 1706 2555 Ed.
1729 2531 1816 2555 1535.:
1834 2531 1900 2555 vitae
1920 2533 2055 2555 aeternae.
