2358 2933
84 103 146 136 789

85 206 123 226 ea
170 201 220 226 est
261 193 450 235 explicatio,
483 200 515 224 et
548 194 591 224 sit
622 194 740 224 modus
774 192 889 223 harum
911 192 1054 222 tenuium

85 235 337 268 cavillationum.
368 235 404 267 Si
426 242 596 266 numerant
608 236 719 266 Fidem
738 236 820 265 inter
832 233 1053 274 Theologieas

84 279 239 315 virtutes,
268 287 408 308 necesse
431 283 482 308 est
503 288 570 308 non
591 283 716 308 tantum
738 275 875 317 intelligi
896 276 1054 313 notitiam,

83 320 189 361 qualis
223 325 273 350 est
305 320 338 350 in
371 318 532 357 Diabolis,
568 319 634 350 Sed
656 319 763 356 fidem,
797 328 861 359 qua
883 318 924 348 ad
948 316 1055 348 Deum

83 362 269 393 accedimus
303 366 336 392 et
358 371 430 392 eum
453 363 659 397 invocamus3
701 370 768 390 non
786 360 974 390 accedimus
998 370 1054 390 au-

83 411 147 434 tem
176 404 208 433 in
242 404 330 434 veris
365 405 560 443 pavoribus,
595 404 622 433 si
656 402 834 433 iudicemus
857 402 1053 432 manendum

82 454 158 475 esse
191 445 225 474 in
257 450 415 485 perpetua
448 446 654 476 dubitatione.
698 444 781 475 Nam
816 444 974 474 dubitatio
999 442 1054 474 illa

83 486 165 525 parit
187 484 298 527 fugam
320 492 352 517 et
375 487 483 518 odium
505 487 579 524 Dei,
603 493 637 516 ut
660 485 753 516 Rom.
780 486 806 516 7,
832 486 873 516 (le
895 486 1053 525 peccatis,

81 538 166 567 quae
187 538 247 567 per
268 527 390 569 Legem
413 535 500 566 sunt,
524 529 650 559 dicitur.

486 649 649 680 Nonum.

165 742 252 774 Mala
275 753 376 784 opera
397 749 563 773 merentur
586 747 738 772 aeternas
761 750 901 781 poenas:

167 785 255 826 Ergo
279 786 366 815 bona
389 794 490 824 opera
512 790 678 814 merentur
701 784 800 814 vitam
823 788 999 813 aeternam.

252 826 495 867 Consequentia
517 826 645 856 videtur
667 824 778 856 valere
807 835 826 854 a
849 824 1031 854 contrariis.

166 868 382 907 Respondeo:
405 866 551 904 Valet-et,
574 869 601 898 si
626 868 790 898 contraria
809 872 921 897 essent
932 866 1055 906 pariter

82 913 220 950 integra.
265 909 354 940 Mala
377 911 502 950 integre
525 915 710 949 repugnant
732 909 814 949 Legi
838 908 916 944 Dei3
959 907 1054 938 Bona

81 952 223 982 nondum
258 950 462 982 satisfaciunt
503 951 587 992 Legi
619 950 693 981 Dei.
759 950 870 981 Manet
905 950 989 980 enim
1023 950 1054 979 in

81 993 211 1024 Sanctis
234 994 350 1034 ingens
373 991 590 1029 imbecillitaS,
614 994 747 1032 etiam‘J)
771 1003 844 1023 cum
862 993 894 1022 in
918 997 987 1022 tota
1010 992 1055 1021 di-

80 1033 219 1074 sciplina
252 1041 386 1065 externa
412 1033 522 1065 nullus
545 1040 595 1064 est
619 1044 757 1071 naevus,
780 1040 813 1064 et
835 1033 957 1065 multae
979 1039 1055 1064 sunt

81 1075 283 1107 excellentes
307 1077 455 1113 virtutes,
478 1083 513 1107 ut
536 1077 567 1106 in
583 1076 687 1107 Iesaia
709 1082 741 1107 et
754 1075 926 1113 similibus,
945 1081 1055 1106 tamen

80 1124 211 1149 manent
234 1118 388 1149 interiora
410 1117 496 1149 mala
518 1117 630 1155 multa,
665 1118 884 1149 dubitationes
908 1119 939 1148 in
964 1119 1056 1148 invo-

81 1161 221 1197 catione,
244 1159 335 1191 multi
358 1161 466 1191 vitiosi
479 1159 629 1197 affectus,
654 1159 883 1197 confidentiae,
907 1158 1056 1190 diffiden-

80 1203 154 1232 tiae.
199 1202 277 1232 ltem
299 1208 441 1242 spectra,
461 1211 545 1242 quae
558 1200 721 1232 Diabolus
741 1202 863 1239 obiicit,
874 1208 911 1233 ut
923 1203 1055 1232 invoca-

81 1244 200 1274 tionem
212 1244 372 1283 impediat,
385 1254 469 1284 quae
479 1249 575 1273 vocat
582 1242 717 1280 Paulus,
727 1243 863 1283 [Ephes.
872 1244 904 1281 6,
915 1243 979 1281 162]
990 1242 1056 1273 tela

80 1286 192 1326 ignita,
204 1286 320 1325 quibus
332 1286 377 1315 ita
388 1286 577 1316 sauciantur
588 1286 750 1316 interdum
763 1287 858 1316 etiam
871 1287 925 1326 qui
937 1286 1056 1316 virtute

80 1325 255 1364 excentum
278 1334 311 1357 ut
336 1328 415 1357 mori
438 1326 590 1363 mallent,
614 1338 710 1367 quam
734 1328 856 1358 sentire
879 1338 918 1359 ea
942 1327 1055 1358 vulne-

82 1380 127 1406 ra,
152 1370 237 1399 sicut
256 1368 378 1399 Paulus
403 1370 548 1410 queritur
560 1370 601 1399 de
625 1369 791 1409 colaphis,
805 1380 888 1410 quos
903 1370 1021 1410 accipit
1036 1380 1053 1400 a

79 1410 234 1442 Diabolo.
259 1410 337 1442 Item
355 1411 461 1448 [Rom.
474 1411 504 1449 7,
516 1411 582 1449 244
602 1411 705 1441 Miser
718 1422 780 1453 ego
793 1411 903 1449 homo,
918 1413 990 1453 quis
1004 1422 1055 1442 ine

81 1453 235 1484 liberabit
247 1463 267 1483 a
280 1463 420 1492 corpore
432 1454 544 1483 mortis
557 1453 653 1484 huius
661 1454 675 1484 *ἔ
687 1453 723 1483 ln
734 1453 785 1484 his
797 1455 939 1485 miseriis
953 1464 1054 1495 agno-

81 1502 178 1526 scunt
200 1495 243 1536 pii
267 1494 520 1526 imbecillitatem
543 1505 652 1533 suam,
675 1497 786 1527 vident
809 1506 846 1527 se
868 1507 935 1527 non
959 1498 1054 1527 satis-

82 1536 190 1568 facere
214 1537 294 1578 Legi
318 1537 391 1574 Dei,
411 1547 477 1568 non
500 1538 570 1567 sine
592 1543 730 1578 peccato
754 1548 841 1576 esse,
874 1544 907 1569 et
928 1539 960 1568 in
989 1538 1053 1569 hac

80 1578 259 1610 humilitate
282 1578 476 1621 confugiunt
499 1580 540 1610 ad
563 1579 824 1620 propitiatorem.
870 1581 961 1611 Haec
984 1591 1053 1611 cer-

80 1621 198 1652 tamina
232 1631 296 1652 non
319 1627 438 1652 norunt
460 1621 670 1663 hypocritae,
693 1624 748 1663 qui
771 1621 976 1663 disciplinam
1000 1633 1053 1654 ex-

81 1670 206 1696 ternam
228 1664 390 1695 somniant
410 1674 486 1695 esse
509 1664 608 1705 Legis
634 1663 863 1704 impletionem.

463 1783 673 1815 Decimum.

166 1877 342 1908 Peccatum
366 1883 415 1907 est
439 1877 547 1907 odium
571 1876 645 1915 Dei,

166 1919 258 1961 Ergo
280 1919 401 1949 iustitia
424 1925 475 1949 est
498 1918 626 1950 dilectio
646 1919 717 1951 Dei<

166 1961 421 1992 Concedendum
462 1967 513 1992 est
551 1967 653 1992 totum
700 1969 944 2003 argumentum3
988 1962 1055 1993 Sed

81 2004 353 2035 considerandum
377 2009 426 2034 est
449 2002 562 2042 simul,
591 2014 657 2034 non
682 2014 757 2036 esse
779 2005 903 2045 pariter
925 2006 1055 2046 integra

81 2046 164 2077 haec
188 2046 367 2077 contraria:
387 2045 470 2077 Nam
494 2045 624 2077 dilectio
648 2054 697 2078 est
721 2046 876 2088 languida
899 2053 930 2078 et
947 2047 1055 2078 adhuc

81 2087 190 2119 multis
224 2088 376 2118 sordibus
405 2088 577 2128 impedita,
611 2095 661 2127 et,
684 2096 717 2120 ut
741 2096 838 2120 antea
861 2090 937 2127 dixi,
961 2100 1055 2120 acce-

81 2131 160 2162 dunt
182 2128 315 2161 Diaboli
339 2128 404 2160 tela
426 2130 546 2170 ignita,
581 2141 667 2171 quae
689 2132 785 2162 etiam
808 2133 986 2172 impediunt
1008 2132 1054 2162 in-

80 2173 299 2209 vocationem,
333 2178 367 2203 ut
388 2173 507 2203 accidit
528 2172 636 2214 Moysi
667 2175 709 2205 ad
731 2185 854 2215 rupem.
899 2175 974 2205 Non
997 2175 1055 2216 igi-

81 2222 133 2246 tur
167 2213 329 2245 satisfacit
350 2214 432 2255 Legi
455 2214 517 2245 Dei
552 2222 665 2247 nostra
687 2215 839 2255 dilectio,
862 2227 923 2248 nec
946 2216 1055 2258 placet

80 2263 213 2297 propter
235 2257 401 2298 propriam
423 2256 673 2297 perfectionem,
709 2260 767 2290 sed
790 2259 899 2300 placet
920 2266 1056 2301 propter

81 2299 304 2337 Mediatorem‚
322 2305 357 2330 ut
381 2309 481 2340 supra
505 2300 625 2331 dictum
649 2307 707 2331 est.

166 2341 248 2372 Cum
271 2342 370 2383 igitur
393 2343 519 2373 dicunt:
560 2341 701 2374 Dilectio
725 2350 775 2375 est
797 2345 939 2383 iustitia,
973 2354 1054 2385 ergo

80 2382 267 2415 Dilectione
289 2385 364 2414 iusti
388 2394 511 2415 sumus.
557 2384 831 2425 Respondendum
855 2393 920 2417 est:
952 2387 986 2417 Si
1009 2388 1054 2418 iu-

80 2519 110 2546 9)
130 2520 298 2546 imbecillitas.
318 2520 404 2551 etiam]
426 2521 499 2547 Editt-
522 2524 541 2547 1.
561 2522 583 2545 3.
603 2523 771 2549 imbecillitas.
790 2523 930 2551 infirmitas,
949 2525 1025 2550 etiam

545 102 567 132 l.
590 101 692 133 LOCl
714 99 993 133 THEOLOGICI:
1039 99 1080 131 D.

1103 98 1263 131 TERTIA
1281 97 1437 129 EORUM
1460 96 1615 128 AETAS.
2014 95 2073 125 790

1101 192 1141 222 sti
1174 190 1336 232 significat
1371 190 1531 221 habentes
1557 189 1720 225 virtutem,
1755 193 1790 218 ut
1812 186 2004 227 Philosophi
2028 186 2074 217 lo—

1100 239 1254 274 quuntur,
1276 232 1365 263 valet
1388 231 1641 272 consequentia;
1665 230 1731 261 Sed
1755 230 1781 259 si
1806 229 1970 270 significat
1990 230 2075 259 acci-

1100 275 1226 315 pientes
1260 274 1486 305 remissionem
1510 278 1734 313 peccatorum,
1759 282 1825 302 non
1850 270 1937 302 valet
1961 281 2075 301 conse-

1100 317 1241 358 quentia.
1286 316 1370 347 Nam
1392 326 1454 347 nee
1474 317 1506 346 in
1529 315 1744 345 antecedente
1768 314 1816 344 sic
1850 312 1985 353 intelligi
2019 324 2076 353 po—

1099 365 1164 390 test
1187 359 1307 390 iustitia
1329 368 1389 398 pro
1413 369 1459 395 re,
1485 367 1569 398 quae
1591 356 2004 392 mereaturremissionem,
2018 356 2076 384 sed

1098 412 1159 441 pro
1183 402 1312 437 virtute,
1336 406 1368 430 ut
1393 401 1422 430 si
1446 400 1567 430 dicam:
1592 398 1730 429 Solvere
1750 399 1911 429 venditori
1924 403 1975 428 est.
1987 398 2075 428 iusti·

1100 444 1155 480 tia,
1177 442 1267 484 Ergo
1291 442 1427 473 solvens
1452 442 1613 472 venditori
1636 447 1686 471 est
1710 441 1824 471 Iustus.
1858 439 1956 471 Tales
1980 450 2075 479 argu-

1099 486 1164 516 tiae
1183 486 1224 516 ab
1249 485 1382 516 eruditis
1406 482 1504 515 facile
1527 490 1668 523 possunt
1692 483 1870 513 diiudicari.

1451 575 1725 606 Undecimum.

1187 652 1312 683 lustitia
1337 658 1387 682 est
1410 653 1441 682 in
1466 651 1646 689 voluntate,

1186 694 1283 725 Fides
1306 704 1372 725 non
1397 699 1445 724 est
1466 695 1497 724 in
1521 694 1702 731 voluntate,

1187 736 1276 778 Ergo
1299 746 1365 767 non
1389 735 1603 767 iustificantur
1626 736 1700 767 fide.

1186 779 1258 809 Etsi
1277 780 1319 819 ¹⁰)
1349 789 1449 819 supra
1472 778 1707 819 aliquantulum
1731 779 1862 808 mutatis
1888 778 1998 808 verbis
2024 788 2076 808 res

1101 823 1214 853 eadem
1233 827 1374 852 tractata
1397 828 1466 857 est,
1501 827 1608 851 tamen
1639 827 1670 851 et
1693 820 1778 851 hanc
1797 819 1936 850 fornfflm
1959 830 2078 860 propo-

1101 875 1155 901 no,
1191 870 1223 894 ut
1248 864 1388 894 studiosi
1411 869 1637 893 exerceantur.
1686 863 1825 893 Primum
1855 862 2005 903 neganda
2029 869 2077 892 est

1100 907 1216 937 minor.
1261 906 1343 936 Nam
1378 905 1461 936 fides
1496 905 1659 946 significat
1693 905 1846 936 assentiri
1869 904 2078 945 promissioni

1100 948 1175 985 Dei,
1201 948 1289 989 quod
1313 954 1365 978 est
1388 948 1419 978 in
1439 947 1619 985 intellectu,
1643 954 1674 978 et
1699 958 1772 978 cum
1794 946 1857 978 hoc
1871 957 2012 978 assensu
2024 956 2078 976 ne-

1102 991 1248 1022 cessario
1280 991 1456 1021 coniuncta
1486 996 1536 1021 est
1566 990 1685 1021 fiducia
1708 991 1740 1020 in
1760 988 1939 1027 voluntate,
1963 988 2078 1020 voleus

1102 1039 1133 1063 et
1162 1033 1328 1072 accipiens
1358 1032 1554 1072 promissam
1574 1031 1888 1069 reconciliationem,
1913 1038 1945 1063 et
1969 1032 2079 1072 acqui-

1101 1084 1220 1105 escens
1243 1075 1275 1104 in
1298 1080 1479 1105 monstrato
1503 1074 1695 1106 Mediatore.
1725 1074 1794 1105 Nisi
1809 1075 1891 1105 enim
1905 1073 2001 1105 simul
2013 1073 2080 1104 vel-

1101 1116 1206 1147 lemus
1239 1122 1271 1147 et
1294 1118 1520 1156 acciperemus
1544 1118 1739 1157 promissam
1764 1115 2077 1154 reconciliationem,

1101 1165 1247 1189 maneret
1270 1158 1350 1200 suga
1374 1164 1406 1188 et
1428 1169 1544 1199 pavor,
1567 1169 1628 1189 nec
1652 1160 1805 1189 existeret
1828 1169 1892 1199 pax
1914 1169 1973 1190 seu
1987 1160 2078 1200 quies

1103 1201 1325 1231 conscientiae
1355 1210 1415 1231 seu
1446 1202 1566 1231 cordis.
1612 1201 1722 1235 Quare
1757 1199 1975 1242 appellatione
2005 1201 2078 1232 fidei

1101 1252 1180 1274 vere
1204 1241 1432 1282 complectitur
1442 1242 1668 1284 Evangelium,
1689 1242 1772 1274 velle
1787 1242 1930 1274 oblatam
1942 1246 2079 1284 promis—

1101 1286 1236 1315 sionem.
1283 1284 1478 1325 Quanquam
1513 1292 1620 1316 autem
1655 1285 1827 1326 displicent
1858 1286 1942 1316 haec
1964 1287 2078 1317 adver-

1101 1328 1210 1365 sariiS,
1235 1328 1289 1368 qui
1313 1328 1473 1358 acerrime
1497 1329 1714 1366 contendunt,
1760 1328 1840 1359 nihil
1863 1328 1999 1369 intelligi
2023 1339 2079 1359 no-

1100 1371 1185 1400 mine
1214 1369 1288 1400 fidei
1322 1370 1383 1400 nisi
1411 1371 1574 1408 notitiam,
1609 1370 1714 1412 qualis
1739 1377 1770 1401 et
1793 1372 1824 1402 in
1843 1370 1993 1401 Diabolis
2018 1378 2079 1408 est,

1101 1418 1209 1442 tamen
1238 1413 1279 1442 ad
1303 1412 1402 1443 talem
1426 1413 1573 1443 notitiam
1595 1412 1799 1453 impossibile
1823 1419 1872 1444 est
1897 1423 2079 1454 congruere

1101 1455 1188 1485 dicta
1209 1453 1264 1484 illa
1289 1454 1393 1496 [Rom.
1412 1455 1443 1492 5,
1469 1455 1529 1493 l.1:
1564 1455 1733 1486 lustificati
1757 1455 1820 1487 fide
1842 1465 1957 1496 pacem
1980 1455 2076 1486 habe-

1100 1506 1180 1527 mus,
1228 1497 1307 1527 Item
1332 1497 1438 1534 [Rom.
1462 1497 1493 1537 9,
1517 1497 1599 1536 33.]:
1631 1498 1693 1533 Qui
1718 1499 1819 1529 credit
1843 1499 1875 1528 in
1899 1508 1989 1535 eum,
2013 1508 2077 1528 non

1101 1537 1330 1570 confundetur.

1186 1581 1314 1612 Deinde
1337 1592 1454 1614 rursus
1477 1582 1541 1613 hoc
1565 1593 1694 1620 moneO,
1720 1585 1807 1624 quod
1831 1586 1929 1615 toties
1954 1585 2075 1616 dictum

1100 1629 1167 1654 est:
1191 1624 1359 1662 Iustitiam,
1382 1626 1515 1665 quaein
1539 1626 1634 1656 nobis
1658 1632 1719 1664 est,
1743 1637 1820 1658 esse
1843 1628 1874 1658 in
1898 1626 2075 1659 voluntate.

1101 1665 1166 1696 Sed
1189 1666 1356 1698 iustificari
1381 1667 1434 1699 hic
1458 1668 1621 1709 significat
1646 1670 1806 1710 consequi
1829 1680 1849 1700 a
1867 1669 1940 1700 Deo
1965 1671 2077 1701 remis—

1100 1709 1226 1739 sionem
1260 1715 1471 1749 peccatorum
1507 1716 1538 1741 et
1560 1712 1818 1751 acceptationem
1841 1713 1882 1743 ad
1902 1714 2000 1743 vitam
2024 1723 2076 1743 ae-

1100 1757 1237 1781 ternam.
1285 1751 1375 1783 Haec
1411 1753 1602 1794 contingunt
1630 1754 1726 1784 nobis
1761 1760 1896 1795 propter
1919 1755 2076 1785 Mediato-

1101 1803 1169 1823 rem
1203 1795 1371 1825 sedentem
1394 1795 1436 1825 ad
1460 1795 1606 1826 dextram
1628 1798 1753 1827 aeterni
1777 1796 1906 1833 Patris3
1948 1798 2006 1828 sed
2029 1804 2075 1827 ta-

1100 1846 1174 1866 men
1198 1836 1262 1867 fide
1286 1837 1390 1877 accipi
1415 1843 1554 1877 oportet.
1589 1838 1630 1868 Et
1653 1838 1748 1869 simul
1773 1839 1915 1879 Spiritus
1940 1845 2075 1871 sanctus

1101 1878 1207 1915 datur,
1242 1878 1403 1910 inchoans
1443 1890 1562 1910 novam
1593 1880 1701 1911 lucem
1736 1887 1767 1912 et
1794 1892 1899 1913 novas
1926 1883 2076 1919 virtutes,

1101 1922 1219 1961 quibus
1255 1932 1315 1952 nos
1349 1921 1421 1953 Deo
1451 1923 1652 1960 subiicimus,
1687 1924 1804 1964 quibus
1839 1924 2010 1956 inchoatur
2044 1926 2074 1955 in

1101 1963 1196 1993 nobis
1215 1964 1282 1994 vita
1294 1970 1446 2001 aeterna3
1470 1965 1553 1996 sicut
1566 1964 1716 1996 Christus
1729 1967 1847 2007 inquit:
1872 1967 1952 2004 [loh.
1970 1968 2018 2005 17,
2031 1968 2074 2005 3.1

1100 2005 1189 2037 Haec
1213 2012 1264 2037 est
1286 2007 1353 2037 vita
1371 2012 1517 2045 aeterna,
1540 2013 1574 2038 ut
1597 2015 1779 2049 agnoscant
1798 2015 1830 2039 te
1842 2008 1949 2040 solum
1963 2020 2075 2040 verum

1100 2058 1175 2078 esse
1192 2048 1310 2086 Deum,
1332 2055 1363 2080 et
1383 2060 1477 2090 quern
1500 2051 1616 2081 misisti
1639 2050 1746 2082 Iesum
1771 2062 1846 2082 esse
1870 2051 2045 2083 Christum.

1186 2090 1248 2125 Qui
1271 2091 1398 2132 fingunt
1420 2093 1630 2123 dubitandum
1655 2103 1732 2124 esse
1744 2094 1785 2124 de
1798 2093 2074 2127 reconciliatione.

1099 2139 1129 2164 et
1152 2134 1299 2174 inquiunt
1321 2133 1483 2165 hominem
1506 2135 1626 2166 iustum
1646 2146 1723 2167 esse
1734 2137 1875 2177 propriis
1888 2138 2073 2174 virtutibus,

1099 2181 1222 2206 tantum
1245 2176 1367 2207 habent
1389 2177 1654 2218 imaginationem
1677 2178 1861 2217 Ethnicam,
1894 2189 1956 2210 nec
1979 2190 2073 2212 acce-

1099 2219 1178 2249 dunt
1200 2219 1242 2249 ad
1261 2218 1367 2249 Deum
1389 2220 1509 2250 fiducia
1531 2219 1733 2259 Mediatoris,
1757 2232 1831 2252 cum
1853 2227 1960 2252 tamen
1980 2222 2072 2253 Deus

1099 2260 1193 2292 aliter
1216 2260 1279 2292 coli
1303 2271 1369 2292 non
1392 2260 1480 2300 velit,
1504 2272 1565 2293 nec
1591 2262 1666 2294 velit
1691 2265 1862 2302 exaudire,
1896 2265 1957 2295 nisi
1981 2265 2072 2295 invo-

1099 2309 1211 2335 cantes
1235 2304 1355 2335 fiducia
1380 2303 1579 2335 Mediatoris.

1098 2490 1221 2548 ¹⁰}tE¹⁵³¹
1243 2491 1315 2515 mitt.
1338 2493 1376 2514 ιε.
1397 2492 1436 2515 20.
1458 2492 1496 2514 22.
1517 2493 1555 2515 24.
1578 2493 1703 2519 28—34..
1732 2496 1803 2525 corp.
1829 2497 1909 2523 1-s.,
1931 2497 1988 2527 opp.
2011 2500 2028 2520 l.
2050 2500 2070 2520 κ,

1869 2580 1914 2603 50*
