2358 2933
105 129 169 162 509

107 228 140 253 et
168 221 294 252 firmum
318 226 384 257 est,
411 229 452 251 ac
474 218 547 250 fere
558 221 603 253 66)
627 220 761 251 totidem
783 219 896 251 verbis
918 219 951 249 in
975 219 1081 249 edicto

108 262 313 295 Constantini
341 267 458 293 contra
479 261 673 292 Donatistas
695 263 838 302 positum
861 267 930 299 est,
958 266 993 291 ut
1015 260 1083 290 Au-

108 307 258 347 gustinus
281 309 389 334 narrat
413 303 564 343 Epistola
590 304 660 334 166.

192 347 300 377 Docet
322 346 407 376 idem
430 346 592 377 sententia
610 345 731 376 Christi
752 345 879 383 [Matth.
903 344 956 381 23,
979 344 999 374 2
1019 347 1082 385 sq.]

108 390 232 420 Sedent
254 389 286 419 in
306 387 471 418 Cathedra
489 388 598 428 Moysi
621 388 753 419 scribae
776 392 809 417 et
826 386 997 417 Pharisaei
1020 392 1083 417 etc.

107 430 270 471 Quicquid
298 430 448 467 dixerint,
471 429 571 461 facite
601 436 664 459 etc.
709 429 802 459 Haec
830 428 995 458 sententia
1018 437 1084 458 non

107 473 239 504 damnat
267 473 481 503 ministeiium
499 471 668 508 malorum,
698 471 758 501 sed
787 470 967 500 confirmat.
1006 470 1085 500 Item

108 513 259 546 christus
293 515 369 544 dicit
394 514 522 552 [Matth.
548 514 599 551 13,
622 513 709 551 474,
740 513 772 542 in
794 512 857 542 hac
879 513 948 542 sita
969 510 1085 543 Eccle-

107 558 190 587 siam
219 555 355 586 similem
385 566 462 586 esse
488 565 635 596 sagenae
664 555 786 585 missae
814 555 847 584 in
875 564 986 590 mare,
1020 563 1085 594 qua

106 599 295 639 promiscue
324 599 399 628 boni
427 604 458 629 et
480 597 556 628 mali
578 598 691 637 pisces
714 597 896 636 capiuntiu:
941 595 1005 626 Ubi
1028 606 1084 625 au-

106 646 173 672 tem
200 639 353 670 Ecclesia
381 645 449 677 est,
478 640 522 669 ibi
553 646 583 669 et
613 639 850 669 administratio
881 645 942 668 est.
993 637 1083 678 Ergo

107 692 182 714 cum
215 681 291 712 mali
324 682 390 712 sint
422 682 453 711 in
477 680 644 717 Ecclesia,
673 680 842 711 habebunt
865 680 962 710 etiam
984 680 1084 710 admi-

107 723 333 755 nistrationem
375 729 437 753 etc.
504 723 545 754 Et
581 724 710 763 quidem
740 722 892 753 Christus
926 722 1083 762 praedicit

107 775 192 801 Matth.
214 774 252 798 13.
267 766 313 805 67)
328 767 411 803 [vsS.
425 764 467 795 38
480 784 518 787 ——
534 765 602 803 4Ο.]
621 766 654 795 in
666 763 821 796 Ecclesia
832 763 938 794 malos
953 762 1083 794 futuros

108 817 184 839 esse
196 817 302 848 usque
316 807 358 837 ad
370 808 683 838 consummationem
694 807 816 837 mundi.
835 806 926 847 Ergo
942 805 1083 836 humano

107 850 227 881 iudicio
261 859 327 879 non
350 855 492 889 possunt
515 848 589 880 mali
613 858 752 889 prorsus
776 849 923 888 separari
948 856 1010 878 etc.
1034 848 1083 877 lo-

108 901 212 923 annes
234 891 390 922 discernit
412 902 506 922 suum
530 890 673 921 officium
696 891 736 921 ab
757 890 875 921 effectu
893 890 1085 921 Sacramen-

109 939 217 965 torum
240 932 370 971 [Matth.
394 932 425 970 3,
451 933 533 971 1!.]:
558 933 630 974 Ego
655 933 784 972 baptizo
807 942 912 972 aqua;
936 933 1008 972 ipse
1030 942 1086 962 au-

108 981 174 1006 tem
197 975 376 1015 baptizabit
398 985 460 1006 vos
480 975 603 1015 Spiritu
625 980 754 1005 sancto.
788 974 862 1004 Non
886 975 984 1015 igitur
1007 983 1086 1014 pen-

107 1018 165 1049 det
198 1017 331 1047 donatio
356 1017 497 1056 Spiritus
532 1018 638 1048 sancti
672 1026 712 1046 ex
746 1016 902 1056 dignitate
936 1016 1086 1052 ministri,

108 1059 169 1090 sed
202 1058 398 1089 beneficium
431 1058 554 1089 Christi
593 1064 662 1095 est,
702 1059 756 1097 qui
791 1064 841 1088 est
876 1056 995 1088 efficax
1028 1067 1088 1097 per

108 1099 332 1141 Evangelium.
377 1099 420 1130 Et
443 1099 595 1131 Christus
624 1099 780 1130 transfert
804 1100 971 1130 ministerii
995 1106 1087 1129 auto-

107 1143 237 1173 ritatem
260 1153 280 1173 a
303 1143 458 1173 ministris
479 1143 510 1172 in
535 1152 571 1172 se
594 1143 700 1182 ipsum
725 1141 819 1179 [Luc.
846 1141 896 1178 10,
918 1142 999 1179 16.]:
1024 1140 1087 1175 Qui

109 1194 172 1215 vos
195 1184 295 1221 audit,
318 1194 370 1214 me
393 1185 500 1219 audit3
529 1185 561 1214 id
585 1190 647 1220 est,
670 1184 884 1213 ministerium
903 1181 989 1213 valet
1012 1192 1087 1223 pro-

108 1231 182 1267 pter
204 1236 266 1257 me.
310 1225 461 1256 Venuste
483 1226 584 1266 inquit
608 1225 857 1256 Nazianzenus:
890 1225 1087 1265 baptismum

107 1267 248 1299 similem
270 1277 364 1305 esse,
388 1269 513 1298 etiamsi
537 1266 712 1298 dissimiles
735 1268 799 1297 sint
822 1268 970 1297 ministri.
1017 1266 1087 1297 Sic-

109 1316 146 1340 ut
178 1311 211 1340 in
245 1319 321 1339 cera
350 1308 464 1340 similis
484 1315 535 1340 est
558 1309 666 1350 figura
688 1308 805 1350 sigilli,
841 1308 961 1340 aimulo
986 1318 1086 1339 aureo

109 1358 142 1383 et
164 1350 272 1382 ferreo
290 1350 391 1389 facta,
414 1352 519 1383 σκόπει,
541 1351 573 1382 δὲ
591 1349 693 1390 οὕτως,
717 1354 792 1382 ἔστω
815 1351 922 1391 χρύσος
945 1353 1020 1381 ἔστω
1044 1362 1088 1381 σι-

107 1393 203 1434 δηρσς.
256 1393 407 1424 δακτύλιοι
424 1393 455 1424 δὲ
478 1393 655 1434 ἀμφότεροι,
679 1396 729 1424 καὶ
751 1393 800 1430 τὴν
823 1393 909 1430 αὐτὴν
933 1393 1088 1432 ἐγκεχαρά-

109 1439 237 1473 gama»
258 1436 356 1465 εἰκόνα
391 1436 561 1475 βασιλικὴν,
589 1435 653 1465 εἶτα
680 1435 766 1474 κηρὸν
795 1436 1030 1472 ἐκτυπῡὺῐωσαν,
1060 1439 1092 1464 τί

110 1476 217 1507 διοίσει
240 1479 367 1517 σφραγὶς
389 1475 459 1515 αὕτη
480 1479 530 1514 τῆς
551 1477 715 1517 σφραγῖδος
733 1480 853 1515 ἐκείνης,
877 1477 969 1507 οὐδέν.

196 1518 432 1559 Repudiandus
462 1526 511 1549 est
542 1520 641 1559 igitur
670 1529 762 1550 error
784 1519 1034 1549 Donatistarum
1057 1525 1088 1549 et

111 1560 274 1597 similium,
297 1561 351 1600 qui
375 1566 510 1601 propter
532 1559 636 1591 malos
659 1570 770 1591 mores
790 1561 1007 1592 Sacerdotum
1030 1561 1087 1591 im-

110 1603 252 1643 probant
275 1603 506 1639 ministerium,
530 1611 562 1633 et
586 1603 758 1633 discedunt
782 1613 803 1634 a
825 1602 951 1643 reliqua
974 1601 1089 1633 Eccle-

111 1646 172 1682 sia,
196 1651 226 1674 et
252 1645 397 1675 excitant
415 1644 605 1675 schismata.
651 1644 765 1675 Sciant
787 1652 895 1675 autem
918 1645 974 1684 pii,
996 1654 1033 1675 se
1056 1650 1087 1675 et

111 1685 283 1717 Ecclesiae
310 1687 507 1718 concordiae
531 1692 561 1716 et
586 1687 734 1726 dignitati
757 1687 923 1717 ministerii
946 1686 1011 1718 hoc
1034 1687 1088 1717 de-

111 1729 202 1765 bere,
225 1738 266 1759 ne
289 1728 461 1759 discedant
483 1739 503 1759 a
521 1729 676 1758 ministris
695 1737 829 1768 propter
841 1738 1088 1765 eorummores,

111 1770 140 1801 si
163 1780 230 1800 nou
253 1777 305 1800 est
328 1771 425 1810 impia
447 1771 607 1801 doctrina.
645 1769 814 1800 Debemus
838 1772 924 1801 enim
946 1771 1088 1801 ministe-

111 1812 159 1843 rio
200 1812 262 1852 ipsi
306 1813 542 1849 obedientiam,
581 1812 671 1852 quod
706 1812 858 1842 divinitus
905 1814 1088 1843 ordinatum

111 1864 332 1895 agnoscamus
351 1853 414 1884 Dei
434 1854 626 1884 beneficium
651 1863 739 1890 esse,
762 1864 802 1884 ac
825 1862 960 1895 propter
983 1856 1088 1894 ipsum

113 1895 290 1927 toleremus
319 1906 430 1926 mores
454 1897 550 1926 etiam
573 1906 687 1935 parum
711 1897 901 1927 commodos
926 1898 1088 1927 ministro-

112 1949 194 1970 rum.
240 1938 313 1972 Qua
342 1939 374 1968 in
397 1948 433 1968 re
456 1939 552 1969 etiam
575 1937 714 1978 exempli
738 1940 820 1969 ratio
845 1939 996 1970 habenda
1019 1944 1089 1974 est3

112 1990 187 2011 nam
217 1981 359 2011 morosis
388 1986 419 2011 et
449 1979 582 2011 furiosis
601 1990 768 2021 nunquam
797 1982 919 2019 deerit,
943 1982 1031 2022 quod
1058 1981 1089 2011 in

111 2022 270 2053 ministris
300 2021 560 2062 reprehendant,
593 2023 622 2053 si
645 2029 780 2062 propter
804 2033 912 2054 mores
936 2023 1090 2054 sacerdo-

112 2069 180 2095 tum
198 2065 325 2094 moveri
346 2063 530 2095 Ecclesiam
553 2063 673 2095 licebit.
729 2064 867 2096 Temere
890 2064 1091 2096 labefactare

112 2106 281 2137 ministerii
305 2106 495 2147 dignitatem
514 2113 566 2137 est
584 2113 756 2147 peccatum
776 2114 891 2138 contra
910 2109 1091 2139 secundum

113 2154 344 2189 praeceptun13
388 2146 527 2179 laeditur
557 2149 641 2179 enim
676 2149 782 2179 honos
817 2151 916 2181 divini
950 2151 1090 2180 nominis

115 2195 302 2230 contempto
332 2190 523 2220 ministerio.
568 2190 745 2222 Praeterea
775 2192 859 2222 sicut
889 2193 1090 2232 parentibus,

114 2233 158 2262 ita
181 2237 214 2262 et
236 2232 393 2262 ministris
416 2231 656 2269 Ecclesiarmn,
688 2240 717 2263 et
740 2232 784 2264 illi
809 2234 871 2274 ipsi
895 2235 1089 2265 ordinationi

115 2273 298 2311 Ecclesiae,
321 2284 406 2314 quae
431 2273 597 2314 publicam
621 2276 829 2306 concordiam
856 2278 1009 2314 continet,
1032 2276 1089 2307 ho-

114 2325 229 2346 norem
257 2316 426 2346 debemus.
482 2317 535 2346 Ad
564 2315 648 2347 haec
677 2316 878 2357 impossibile
909 2325 961 2349 est
989 2318 1088 2349 ullam

113 2357 350 2389 multitudinem
373 2368 434 2389 seu
456 2357 642 2389 Ecclesiam
664 2359 696 2389 in
719 2359 782 2390 hac
805 2360 870 2390 vita
895 2360 948 2391 diu
971 2362 1088 2391 existe-

116 2485 161 2515 66)
180 2485 245 2516 sere]
265 2485 338 2510 Editt.
359 2486 396 2510 12.
417 2487 454 2510 13.
474 2491 533 2510 vere

117 2535 163 2563 67)
182 2535 266 2560 Mattn.
289 2535 326 2560 13.
347 2534 460 2559 addunt
479 2536 551 2560 mitt.
572 2537 593 2560 7.
614 2537 637 2561 8.
659 2538 765 2560 11—1-1.
785 2539 810 2560 et
829 2537 889 2566 ορρ.

557 127 579 158 1.
604 126 705 159 LOCI
727 126 1002 160 THEOLOGICI:
1025 127 1064 159 C.
1085 125 1298 159 SECUNDA
1318 123 1475 156 EORUM
1498 122 1654 155 AETAS.

1109 1427 1111 1434 Ι
1132 1392 1409 1424 Mediolanenses.

1111 2289 1113 2292 ·
1134 2278 1208 2308 Dei.

2036 121 2101 152 510

1124 229 1172 257 re,
1195 220 1227 249 in
1249 228 1316 259 qua
1337 216 1417 248 nulli
1439 217 1504 247 sint
1522 215 1608 247 mali.
1642 215 1816 246 Postremo
1835 213 1980 246 schisma
1996 213 2101 253 ipsum

1124 262 1209 301 parit
1240 261 1409 291 innumera
1447 264 1602 300 peccata,
1639 258 1886 299 dissipationem
1918 255 2102 291 Ecclesiae,

1128 303 1214 339 odia,
1243 301 1425 338 factiones,
1460 301 1589 331 caedes.
1635 299 1729 332 Sicut
1753 300 1816 341 ipsi
1842 298 2039 329 Donatistae
2070 297 2101 326 vi

1128 345 1368 386 grassabantur
1389 344 1421 373 in
1439 342 1661 373 adversarios.

1212 386 1287 416 Non
1310 391 1386 416 sunt
1409 385 1507 425 igitur
1524 390 1660 424 propter
1677 382 1783 414 malos
1801 392 1911 414 mores
1930 381 2102 412 deserendi

1126 434 1321 468 praesentes
1343 427 1481 458 ministri
1500 425 1725 457 Ecclesiarum
1749 432 1803 456 aut
1822 426 1915 465 ipsae
1925 425 1969 463 68)
1988 421 2103 453 Eccle-

1128 471 1207 500 siae.
1260 469 1353 500 Sicut
1380 469 1587 510 Augustinus
1616 468 1812 509 gravissime
1842 467 1938 496 dixit:
1973 465 2103 495 Revera

1127 522 1201 542 cum
1226 512 1377 552 contagio
1396 511 1556 551 peccandi
1578 508 1813 540 multitudinem
1837 508 2002 544 invaserit,
2025 506 2103 537 divi-

1127 563 1191 584 nae
1213 553 1407 593 disciplinae
1431 562 1547 583 severa
1570 551 1799 582 misericordia
1820 549 2011 581 necessaria
2033 553 2102 581 est;

1127 606 1202 626 nam
1233 594 1372 625 consilia
1398 594 1617 634 separationis
1647 599 1677 623 et
1708 593 1816 623 inania
1843 597 1919 622 sunt
1942 597 1973 621 et
1997 589 2103 631 perni-

1129 638 1221 668 ciosa
1244 643 1341 677 atque
1363 635 1545 677 sacrilega3
1580 636 1655 676 quia
1679 636 1776 676 impia
1799 640 1830 664 et
1852 634 1995 674 superba
2019 636 2104 667 sunt,

1128 685 1159 709 et
1183 677 1258 719 plus
1281 679 1473 719 perturbant
1497 677 1644 708 infirmos
1667 678 1791 714 bonos,
1821 686 1916 716 quam
1940 674 2104 715 corrigunt

1128 721 1296 752 animosos
1319 719 1435 751 malos.

1214 762 1308 793 Alter
1331 762 1425 793 locus
1446 769 1496 793 est
1520 763 1560 793 de
1580 762 1823 792 traditionibus:
1855 760 1951 795 Quod
1974 761 2014 791 ad
2038 761 2104 790 uni-

1128 811 1229 836 tatem
1247 804 1418 836 Ecclesiae
1442 815 1508 835 non
1532 805 1574 834 sit
1594 803 1782 834 necessaria
1801 801 1976 833 similitudo
1994 803 2106 833 huma-

1130 858 1244 878 narum
1275 847 1494 878 traditionum.
1546 845 1616 876 Hac
1641 847 1681 876 (le
1704 855 1739 876 re
1762 855 1901 875 necesse
1924 851 1973 875 est
1997 845 2106 874 admo—

1129 890 1197 920 neri
1228 889 1389 919 homines.
1442 889 1550 929 Saepe
1580 888 1665 918 enim
1694 888 1725 917 in
1753 886 1906 917 Ecclesia
1934 887 2105 916 extiterunt

1129 933 1238 973 magni
1258 930 1415 962 tumultus
1434 937 1569 971 propter
1581 929 1874 960 dissimilitudinem
1886 929 2105 959 traditionum.

1129 973 1185 1011 Ut,
1208 973 1348 1004 Romani
1372 972 1546 1013 pontifices
1571 972 1892 1003 exconimunicarunt
1915 969 2105 1007 orientales,

1131 1016 1205 1056 quia
1230 1015 1293 1046 alio
1314 1021 1461 1055 tempore
1486 1013 1700 1045 celebrabant
1722 1013 1872 1049 Pascha3
1906 1013 2001 1050 item,
2031 1013 2107 1054 quia

1130 1057 1307 1088 abolebant
1339 1058 1371 1087 in
1406 1055 1536 1097 templis
1564 1057 1742 1097 imagines;
1776 1056 1851 1096 quia
1884 1061 2017 1086 utuntur
2046 1054 2108 1085 fer-

1129 1106 1274 1129 mentato
1297 1109 1382 1138 pane
1408 1100 1439 1129 in
1459 1109 1563 1129 coena
1586 1098 1733 1133 Domini3
1759 1103 1791 1129 et
1817 1097 1882 1129 hoc
1907 1106 2012 1139 genus
2034 1096 2108 1133 alia,

1131 1151 1215 1182 quae
1246 1142 1378 1181 indigna
1409 1147 1502 1178 sunt,
1533 1141 1574 1171 de
1604 1141 1721 1181 quibus
1752 1141 1898 1171 rixentur
1922 1139 2107 1171 Christiani.

1131 1183 1207 1223 Ipsa
1230 1183 1355 1213 Nicena
1379 1183 1528 1224 synodus
1552 1183 1592 1213 de
1617 1181 1877 1213 dissimilitudine
1899 1182 2109 1213 traditionum

1130 1224 1209 1256 fecit
1243 1226 1330 1264 pium
1365 1226 1552 1262 decretum,
1586 1231 1620 1255 ut
1655 1223 1819 1265 quaelibet
1849 1223 2001 1254 Ecclesia
2029 1233 2108 1254 suos

1132 1274 1262 1297 veteres
1285 1277 1396 1298 mores
1421 1268 1586 1304 retineret,
1610 1277 1672 1297 nec
1697 1268 1737 1297 de
1760 1267 1878 1297 ritibus
1902 1267 1986 1298 inter
2009 1276 2046 1296 se
2069 1266 2108 1296 ri-

1131 1315 1298 1339 xarentur.
1344 1309 1384 1339 Et
1414 1309 1611 1340 Ambrosius
1641 1310 1735 1339 matri
1766 1310 1941 1350 Augustini
1972 1320 2108 1349 respon-

1133 1352 1188 1389 dit,
1210 1357 1245 1381 ut
1264 1351 1390 1382 Romae
1414 1353 1608 1382 observaret
1628 1351 1797 1382 Romanos
1816 1352 1909 1389 ritus,
1928 1351 2107 1382 Mediolani

1458 1394 1547 1423 Haec
1576 1394 1745 1434 prudentia
1774 1393 1966 1424 Christianis
1994 1403 2108 1424 neces—

1133 1437 1221 1466 saria
1251 1442 1318 1473 est,
1351 1446 1392 1466 ne
1421 1443 1544 1466 temere
1567 1436 1749 1466 excitentur
1773 1436 1916 1466 dissidia.
1962 1435 2108 1466 Consen-

1133 1488 1191 1509 sus
1222 1487 1299 1508 esse
1322 1479 1420 1508 debet
1444 1479 1614 1508 doctrinae
1636 1477 1807 1518 Evangelii
1831 1485 1860 1508 et
1884 1488 1965 1508 usus
1989 1477 2108 1508 Sacra-

1133 1526 1331 1557 mentorum,
1361 1521 1415 1560 qui
1444 1521 1613 1550 ordinatus
1645 1527 1695 1550 est
1723 1521 1754 1550 in
1784 1520 1966 1559 scripturis.
2017 1519 2107 1550 Sicut

1132 1560 1256 1592 Paulus
1289 1563 1366 1593 dicit
1398 1562 1492 1602 [Eph.
1523 1563 1555 1599 4,
1578 1562 1639 1600 5.]:
1685 1562 1779 1592 Unus
1802 1561 1907 1597 Deus,
1928 1571 1991 1591 uua
2015 1560 2108 1597 fides,

1132 1615 1231 1634 unum
1261 1605 1432 1644 baptisma.
1478 1604 1671 1644 Quanquam
1702 1610 1809 1634 autem
1832 1604 1862 1634 in
1886 1601 2022 1643 singulis
2045 1602 2107 1632 Ec-

1133 1645 1244 1677 clesiis
1274 1645 1415 1686 populus
1446 1647 1491 1677 uti
1521 1656 1601 1676 suae
1624 1645 1797 1676 Ecclesiae
1825 1646 1971 1675 moribus
2001 1645 2109 1681 debet,

1133 1695 1164 1718 et
1196 1687 1295 1718 habet
1323 1688 1466 1729 aliquam
1497 1688 1668 1719 utilitatem
1691 1686 1866 1718 similitudo
1890 1687 2107 1723 traditionum,

1132 1731 1237 1771 magis
1261 1731 1345 1760 enim
1368 1729 1522 1760 conciliat
1544 1731 1723 1769 imperitos,
1747 1736 1856 1760 tamen
1875 1729 2013 1759 docendi
2032 1734 2109 1760 sunt

1133 1773 1296 1809 homines,
1326 1779 1361 1803 ut
1386 1773 1493 1803 sciant
1516 1771 1692 1802 dissimiles
1715 1772 1795 1802 ritus
1820 1773 2023 1803 diversarum
2044 1769 2106 1801 Ec-

1133 1814 1309 1845 clesiarum
1356 1824 1422 1845 non
1465 1824 1614 1855 pugnare
1652 1825 1725 1845 cum
1763 1815 1883 1845 iustitia
1912 1813 2106 1843 Christiana.

1133 1857 1226 1887 Sicut
1260 1857 1356 1887 docet
1389 1855 1511 1887 Paulus
1545 1856 1639 1887 Rom.
1676 1857 1724 1886 14.
1760 1858 1821 1893 [vs.
1859 1856 1923 1893 12]
1957 1854 2108 1896 Regnum

1133 1898 1196 1929 Dei
1218 1909 1283 1928 non
1308 1905 1358 1928 est
1381 1908 1459 1928 esca
1483 1904 1537 1928 aut
1559 1904 1668 1938 potus.
1701 1897 1825 1928 Verum
1848 1897 1902 1928 hic
1924 1896 2019 1928 locus
2042 1906 2107 1926 me·

1133 1941 1197 1971 lius
1227 1940 1443 1981 intelligetur,
1474 1941 1529 1971 ubi
1556 1940 1821 1980 exposuerimus,
1850 1939 1927 1980 quid
1949 1940 1981 1969 in
2004 1944 2106 1969 totum

1134 1985 1175 2014 de
1198 1983 1424 2013 traditionibus
1448 1982 1600 2013 humanis
1623 1982 1827 2013 sentiendum
1850 1982 1902 2012 sit.

1292 2073 1351 2105 DE
1373 2072 1715 2104 TRADITIONIBUS
1739 2072 1948 2104 HUMAMS.

1222 2150 1389 2181 Vocamus
1413 2150 1604 2180 traditiones
1627 2149 1786 2179 humanas
1816 2158 1881 2178 non
1911 2147 2017 2178 edicta
2040 2158 2104 2178 ma-

1136 2194 1327 2235 gistratuum
1352 2191 1512 2229 civilium,
1536 2191 1595 2222 sed
1619 2190 1820 2221 ceremonias
1844 2190 1876 2219 in
1889 2188 2041 2219 Ecclesia
2058 2190 2104 2219 in-

1134 2237 1263 2267 stitutas
1287 2236 1327 2265 ab
1351 2233 1548 2270 hominibus,
1571 2243 1636 2263 non
1648 2232 1815 2263 mandatas
1829 2240 1986 2271 expresso
2001 2232 2103 2262 verbo

1253 2277 1375 2308 Harum
1398 2277 1458 2306 tria
1481 2281 1557 2306 sunt.
1579 2284 1709 2315 genera.
1746 2273 1887 2304 Primum
1910 2279 1959 2303 est
1982 2282 2104 2309 earum,

1135 2330 1218 2360 quae
1247 2319 1448 2359 praecipiunt
1477 2317 1598 2357 aliquid
1630 2316 1700 2346 fieri
1727 2320 1838 2354 aperte
1875 2320 1988 2344 contra
2015 2324 2104 2344 man-

1134 2363 1209 2392 data
1238 2361 1319 2396 Dei3
1353 2366 1387 2390 ut
1411 2365 1486 2390 sunt
1504 2359 1692 2389 traditiones
1722 2357 1764 2385 de
1792 2357 1898 2386 abusu
1927 2354 2103 2386 Missarum

1132 2503 1178 2531 68)
1198 2502 1281 2531 ipsae]
1300 2502 1335 2539 sic
1353 2502 1425 2526 Editt.
1446 2503 1467 2522 2.
1489 2501 1544 2521 4-
1559 2500 1583 2522 9.
1607 2500 1634 2521 11
1650 2512 1680 2515 -
1695 2499 1731 2522 14.
1750 2501 1774 2522 et
1794 2499 1868 2528 opp.;

1198 2540 1298 2560 errore:
1319 2541 1373 2565 ipse

1904 2499 1945 2523 Ed.
1968 2500 1987 2520 1.
2008 2498 2099 2527 typoth.
