2358 2933
76 131 139 164 365

78 231 140 261 est,
164 223 320 263 Spiritum
341 227 492 253 sanctum
520 231 696 262 personam
720 231 804 252 esse.
849 220 933 251 Nam
962 218 1054 250 multi

78 267 254 298 extiterunt
276 266 309 295 in
331 263 485 295 Ecclesia
507 263 590 295 vafri
610 263 772 300 homines,
797 263 852 303 qui
876 262 1053 292 contende-

77 314 152 340 runt
177 308 333 348 Spiritum
357 312 506 337 sanctum
528 317 595 337 non
619 316 696 337 esse
718 315 905 345 personam,
929 304 989 334 sed
1013 304 1055 333 si-

78 351 235 393 gnificare
257 349 614 389 tantum‘agitationem
638 354 782 379 creatam
803 347 835 377 in
859 346 1055 382 hominibus,

77 399 132 424 aut
161 398 251 422 certe
279 390 468 431 significare
496 392 629 432 proprie
658 392 764 430 ipsum
787 389 919 419 Patrem
941 393 1055 428 poten-

78 441 158 471 tem,
189 443 247 463 seu
277 433 456 473 agitantem
483 435 553 463 sine
583 432 646 463 alia
667 442 821 472 persona.
868 431 935 461 Sed
964 430 1056 461 Chri-

78 482 149 507 stus
183 476 341 506 discernit
374 484 556 513 persona-S,
587 485 658 505 cum
682 475 725 504 ait
750 472 880 511 [Matth.
900 473 952 510 28,
973 472 1055 510 19.]:

77 518 291 558 Baptizantes
325 518 357 547 in
390 517 521 547 nomine
550 515 658 545 Patris
690 523 721 545 et
751 515 823 545 Filii
853 522 885 546 et
915 515 1056 554 Spiritus

79 561 196 591 sancti.
240 559 276 590 Si
300 559 384 590 enim
408 558 547 598 Spiritus
572 562 706 588 sanctus
730 562 821 587 esset
851 558 923 596 ipse
945 556 1056 593 Pater,

79 604 186 634 otiose
209 607 373 642 repeteret
390 600 531 631 Patrem.
566 599 655 637 Item,
679 599 845 639 Baptizari
868 600 901 629 in
924 599 1056 629 nomine

79 645 187 675 Patris
216 651 245 675 et
272 643 344 674 Filii
375 648 407 673 et
430 642 571 682 Spiritus
595 642 719 678 sancti.
750 647 800 671 est
823 639 937 678 fateri,
968 640 1056 681 quod

79 687 179 717 Pater
205 691 237 717 et
259 685 361 716 Filius
391 690 422 714 et
445 684 587 724 Spiritus
617 690 753 714 sanctus
783 682 930 720 salvent5
959 693 1056 713 exau-

79 729 170 759 diant
199 734 260 758 etc.
306 727 420 767 Itaque
449 736 522 757 cum
550 736 610 766 par
632 726 741 756 honos
770 726 932 755 tribuatur
955 724 1056 762 Patri,

79 769 161 800 Filio
189 776 221 800 et
251 769 386 809 Spiritui
415 775 551 806 sancto,
582 769 730 809 sequitiu·
749 773 780 797 et
803 768 958 807 Spiritum
981 777 1056 797 san-

80 818 167 843 ctum
189 811 243 842 hic
265 809 403 851 intelligi
426 810 549 847 Deum,
580 816 611 840 et
638 820 705 840 non
729 810 938 850 agitationem
968 819 1057 839 crea-

80 860 156 890 tam,
176 854 237 884 sed
248 862 426 894 personam
444 851 637 890 salvantem,
657 853 742 883 sicut
755 858 786 883 et
800 852 898 883 Pater
911 857 943 882 et
955 850 1056 883 Filius

79 894 221 926 salvant.

164 937 276 969 Lucae
304 938 399 968 tertio
432 938 660 968 discernuntur
689 947 852 976 personae
877 937 959 967 satis
982 946 1057 977 per-

79 979 203 1021 spicue.
250 979 349 1010 Pater
372 980 471 1020 inquit
492 979 651 1017 [vs.22.]:
678 979 740 1009 Hic
763 986 814 1009 est
838 978 939 1009 Filius
962 988 1056 1009 meus

79 1021 230 1053 dilectus.
274 1022 334 1052 Est
363 1022 461 1061 igitur
485 1021 549 1052 alia
576 1031 720 1062 persona
738 1021 865 1057 Patris,
890 1020 953 1051 alia
972 1021 1055 1051 Filii.

78 1064 260 1096 Descendit
284 1068 393 1094 autem
416 1063 556 1103 Spiritus
581 1069 716 1093 sanctus
742 1064 775 1093 in
799 1064 910 1103 specie
934 1062 1055 1094 colum-

78 1108 152 1138 bae.
199 1106 265 1136 lam
288 1106 315 1136 si
339 1105 481 1145 Spiritus
505 1111 642 1136 sanctus
667 1111 757 1135 esset
775 1106 909 1146 agitatio
932 1106 965 1135 in
989 1106 1055 1135 ani-

78 1149 140 1179 mis
163 1154 290 1185 creata,
320 1157 386 1178 non
409 1154 585 1188 appareret
599 1149 644 1187 ⁵0)
666 1146 823 1187 peculiari
848 1148 959 1187 specie
984 1157 1055 1177 cor-

77 1189 192 1231 porali.
239 1189 307 1220 Aut
339 1191 367 1220 si
391 1195 482 1220 esset
504 1191 575 1230 ipse
598 1189 714 1227 Pater,
743 1200 809 1220 non
850 1190 1054 1220 discerneret

79 1233 234 1273 Spiritum
257 1238 416 1263 sanctum.
463 1231 569 1272 Inquit
599 1238 722 1262 autem:
753 1232 859 1272 Super
890 1242 987 1272 quem
1009 1233 1055 1262 vi-

79 1275 167 1305 deris
191 1274 346 1314 Spiritum
369 1280 519 1304 sanctum
543 1280 606 1304 etc.
635 1273 677 1304 Et
700 1280 831 1305 constat
854 1273 970 1305 Filium
993 1274 1057 1305 dici

78 1316 198 1354 Patris,
221 1325 287 1346 non
310 1322 417 1346 autem
429 1317 535 1346 sancti
554 1316 705 1356 Spiritus.
746 1316 813 1346 lmo
834 1315 985 1347 Christus
997 1318 1057 1347 ait:

77 1357 130 1388 De
151 1367 224 1388 meo
248 1358 397 1397 accipiet.
431 1357 511 1388 Item
535 1368 555 1388 a
568 1358 667 1388 Patre
686 1359 897 1389 discernitur:
915 1358 1056 1400 Rogabo

77 1399 208 1430 Patrem
233 1406 264 1430 et
292 1399 390 1431 alium
413 1399 616 1440 paracletum
639 1401 728 1431 dabit
750 1402 856 1431 vohis.
901 1400 943 1431 Et
965 1402 994 1431 is
1024 1402 1057 1431 in

77 1441 278 1472 Pentecoste
291 1448 427 1483 apparet
445 1442 603 1481 peculiari
624 1443 736 1483 specie
754 1442 949 1484 linguarum.
980 1443 1056 1473 Meo

77 1484 197 1515 iudicio
217 1494 337 1525 magna
359 1486 410 1515 vis
434 1491 485 1515 est
512 1485 609 1516 huius
632 1487 825 1526 argiunenti.
856 1485 954 1516 Certe
973 1486 1057 1516 enim

78 1525 173 1556 fateri
195 1527 268 1566 pios
290 1536 431 1557 necesse
454 1533 521 1565 est,
544 1528 633 1568 quod
654 1528 687 1557 in
709 1526 766 1558 illa
787 1528 860 1568 ipsa
884 1527 1057 1559 columbae

77 1574 133 1599 aut
155 1567 341 1609 linguarum
364 1571 476 1608 specie
504 1579 583 1600 vere
612 1568 711 1600 fuerit
735 1570 877 1609 Spiritus
907 1576 1055 1607 sanctus²

78 1616 110 1640 et
132 1611 221 1651 quod
244 1609 327 1640 haec
350 1621 455 1651 neque
467 1610 575 1642 Patris
599 1621 706 1652 neque
725 1611 795 1642 Filii
820 1622 965 1653 persona
987 1611 1056 1643 fue-

78 1654 129 1682 rit.
175 1652 234 1682 Est
258 1653 356 1693 igitur
379 1654 475 1683 tertia
492 1664 636 1693 persona
660 1654 800 1693 Spiritus
824 1661 960 1685 sanctus
979 1665 1055 1695 pro-

78 1694 203 1725 cedens
227 1696 322 1728 ex51)
346 1694 446 1725 Patre
470 1701 500 1725 et
524 1695 616 1726 Filio.

164 1736 231 1766 loh.
250 1737 299 1766 14.
325 1740 390 1775 [vs.
406 1737 483 1774 16.:1
507 1737 646 1778 Rogabo
659 1738 801 1776 Patrem,
825 1745 857 1770 et
881 1738 977 1769 alium
992 1739 1054 1769 Pa-

78 1777 235 1809 racletum
258 1779 347 1809 dabit
370 1781 477 1810 vobis.
523 1779 564 1809 Et
586 1779 684 1820 paulo
707 1787 783 1820 post
808 1781 967 1819 lvs.‘.16.:]
992 1781 1053 1811 Pa-

77 1820 221 1851 racletus
246 1820 387 1861 Spiritus
411 1828 559 1859 sanctus,
583 1832 680 1863 quem
702 1825 806 1854 mittet
818 1823 918 1854 Pater
941 1825 972 1854 in
995 1834 1053 1854 no-

78 1864 162 1893 mine
195 1873 286 1900 11100,
320 1862 375 1894 1110
415 1874 477 1895 vos
512 1865 642 1895 docebit
678 1866 794 1896 onmia.
842 1866 875 1896 Si
911 1866 1052 1905 Spiritus

77 1910 214 1935 sanctus
237 1905 438 1946 significaret
463 1912 607 1937 creatam
626 1908 847 1948 agitationem,
872 1915 959 1939 esset
980 1910 1053 1948 ipsa

77 1947 236 1977 doctrina.
270 1947 331 1978 Hic
354 1955 462 1980 autem
477 1948 629 1980 Christus
653 1957 749 1981 vocat
775 1961 848 1981 eum
872 1951 1051 1982 doctorem.

76 1989 230 2027 Docebit.
249 1991 362 2031 inquit.
408 1991 514 2022 Vocat
539 1998 569 2022 et
592 1993 786 2034 παράκλητον.
832 1993 910 2024 ltem
933 1994 1051 2034 inquit:

77 2031 169 2066 Quae
201 2032 327 2070 audiet,
366 2032 528 2074 loquetur.
574 2034 665 2065 Haec
698 2036 831 2075 proprie
865 2042 1051 2076 competunt

75 2083 250 2113 personae.
284 2074 325 2105 Et
348 2077 435 2116 quod
458 2077 511 2116 ait,
524 2076 634 2107 Alium
657 2078 871 2117 paracletum,
895 2079 1051 2109 discernit

77 2115 232 2156 Spiritum
251 2124 399 2148 sanctum
422 2129 442 2149 a
466 2118 574 2149 Patre.
620 2119 731 2155 Quare
749 2121 890 2160 Spiritus
916 2128 1050 2152 sanctus

76 2168 142 2188 non
165 2158 327 2199 significat
355 2161 461 2199 ipsum
490 2161 622 2192 Patrem
651 2164 828 2204 agitantem
859 2169 890 2193 et
919 2173 1050 2194 moven-

76 2206 150 2238 tem,
173 2206 208 2231 ut.
221 2200 456 2233 samosatenus
476 2205 652 2242 contendit,
677 2205 843 2236 sedaliam
864 2216 1049 2245 personam.

164 2243 191 2272 12.
219 2242 367 2274 Corinth.
397 2245 445 2275 12.
476 2248 540 2283 [vs.
563 2246 646 2285 ll.:]
682 2248 799 2278 Omnia
832 2247 914 2279 haec
948 2248 1049 2280 efficit

75 2294 158 2315 unus
181 2292 214 2315 et
236 2286 318 2316 idem
339 2287 490 2328 Spiritus.
536 2287 596 2318 Hic
619 2290 772 2321 discernit
797 2290 950 2331 Spiritum
974 2301 1049 2322 san-

76 2332 162 2357 ctum
178 2334 324 2359 autorem
348 2331 388 2360 ab
413 2329 596 2369 effectibus,
619 2331 784 2369 videlicet,
807 2344 827 2364 a
844 2334 938 2364 donis
958 2344 1048 2365 crea—

75 2369 115 2398 tis
139 2376 170 2400 et
193 2371 334 2403 motibus
358 2373 593 2413 spiritualibus.

74 2496 120 2525 50)
139 2499 283 2530 appareret]
305 2499 346 2524 Ed.
368 2501 405 2525 12.
426 2502 531 2530 apparet

73 2547 118 2576 5¹)
136 2548 177 2579 ex]
198 2549 269 2574 Editt.
293 2551 398 2575 11—13.
420 2553 446 2574 et
465 2551 538 2581 Opp.:
557 2558 571 2575 a

527 129 549 159 1.
574 128 676 160 LOCI
697 127 972 159 THEOLOGICI:
996 127 1034 159 C.
1058 126 1270 160 SECUNDA
1291 127 1448 158 EORUM
1471 126 1627 158 AETAS.
2018 126 2081 157 :366

1184 219 1299 250 Placet
1328 219 1404 249 mihi
1435 226 1467 249 et
1496 219 1559 249 hoc
1594 220 1830 255 testimonium,
1866 219 2025 248 Actorum
2049 219 2079 248 12.

1100 265 1161 299 [vs.
1182 262 1231 291 17.
1245 264 1268 299 z]
1297 261 1469 292 Effundam
1499 262 1539 292 de
1568 262 1684 301 spiritu
1718 271 1790 291 ineo
1825 270 1923 300 super
1954 271 2081 290 omnem

1101 314 1244 334 carnem.
1280 304 1377 338 Quod
1402 304 1487 334 enim
1509 305 1623 344 inquit,
1647 303 1829 342 Effundam,
1853 309 1994 333 testatur
2009 314 2081 332 runi

1100 347 1263 385 spiritum,
1287 346 1340 386 qui
1368 347 1569 383 sanctificat,
1600 346 1761 376 exuscitat
1789 346 1882 385 11105,
1910 355 1977 374 non
2007 355 2081 375 esse

1102 389 1205 428 ipsam
1234 398 1413 427 personam
1444 388 1565 418 Patris.
1611 388 1651 418 Et
1683 394 1791 418 tamen
1816 388 1904 428 quod
1932 388 1994 424 ait,
2032 387 2081 417 De

1101 439 1174 460 meo
1199 431 1329 470 spiritu,
1360 430 1523 470 significat
1547 429 1637 460 illum
1661 431 1826 469 spiritum,
1850 430 1910 470 ⁵qui
1937 437 1985 460 est
2012 428 2081 459 effi-

1103 482 1164 502 cax
1188 473 1219 502 in
1242 473 1316 512 piis,
1339 473 1481 502 divinam
1504 478 1654 504 naturam
1678 482 1763 502 esse.
1964 486 1968 489 ¹

1190 522 1219 552 l.
1232 522 1386 553 Iohannis
1404 522 1434 552 5.
1450 526 1511 559 [vs.
1525 522 1554 552 7.
1565 527 1584 560 ²!
1599 522 1680 553 Tres
1694 529 1780 559 sunt,
1794 523 1849 563 qui
1861 522 2081 552 testiinonium

1102 564 1273 604 perhibent
1298 565 1329 595 in
1354 563 1460 602 00010,
1484 563 1597 601 Pater.
1616 565 1763 595 Verbum
1787 573 1818 595 et
1843 565 1983 604 Spiritus
2008 574 2082 594 san-

1103 612 1191 641 ctus3
1216 612 1247 636 et
1270 606 1303 636 hi
1326 612 1394 637 tres
1417 616 1517 638 unum
1541 612 1626 637 sunt.

1188 656 1285 691 Quod
1314 662 1422 687 autem
1452 657 1593 696 Spiritus
1625 663 1760 687 sanctus
1785 663 1815 687 et
1843 668 1861 687 a
1884 657 1984 688 Patre
2009 665 2039 687 et
2064 668 2083 687 a

1102 697 1183 728 Filio
1215 699 1392 739 procedat,
1423 699 1519 730 docet
1548 698 1601 729 1110
1630 698 1723 730 100115
1750 699 1903 729 Iohannis
1930 699 1980 729 15.
2018 703 2082 737 trs.

1102 740 1182 778 26.:]
1227 740 1309 771 Cum
1344 742 1470 772 venerit
1496 741 1708 779 Paracletus,
1738 752 1836 782 quem
1866 752 1927 781 ego
1958 742 2082 772 mittam

1102 783 1198 813 vobis
1223 794 1241 813 a
1264 783 1381 821 Patre,
1404 784 1555 825 spiritum
1577 785 1739 821 veritatis5
1772 784 1825 824 qui
1849 795 1868 814 a
1886 783 1986 814 Patre
2009 794 2083 823 pro-

1103 826 1198 856 cedit.
1245 824 1424 857 Confirmat
1449 836 1522 857 eum
1546 833 1576 857 et
1601 837 1620 857 a
1643 836 1680 857 se
1697 827 1788 864 mitti,
1812 833 1843 856 et
1866 825 2083 864 aPatrepro-

1104 869 1233 898 cedere.
1278 867 1486 899 Discernitur
1509 869 1607 910 igitur
1629 880 1649 899 a
1671 868 1771 899 Patre
1794 874 1825 899 et
1847 867 1937 899 Filio.

1189 918 1285 953 Quod
1309 919 1450 959 Spiritus
1474 926 1609 951 sanctus
1633 920 1778 951 extiterit
1802 920 1953 960 {l.epist.
1968 920 1996 957 1,
2022 921 2082 957 IL]

1102 966 1278 1001 antequam
1298 971 1429 993 carnem
1453 962 1553 993 induit
1578 962 1679 993 Filius
1692 961 1766 1000 Dei,
1790 964 1964 1003 perspicue
1984 968 2083 993 testa-

1101 1009 1154 1033 tur
1176 1003 1307 1041 Petrus,
1332 1014 1405 1034 cum
1424 1004 1526 1045 inquit
1550 1005 1590 1035 de
1614 1004 1805 1045 Prophetis:
1836 1004 1978 1045 Spiritus
1992 1005 2083 1036 Chri-

1101 1046 1143 1075 sti
1166 1045 1197 1075 in
1221 1046 1267 1076 eis
1291 1046 1487 1086 praedicens
1512 1046 1679 1077 Christum
1702 1057 1877 1086 passurum
1901 1057 1989 1078 esse.
2025 1048 2083 1077 1110

1102 1088 1225 1118 diserte
1260 1095 1399 1119 vocatur
1428 1088 1550 1119 Christi
1582 1089 1741 1129 Spiritu-S,
1772 1090 1825 1129 qui
1856 1088 1914 1120 fuit
1938 1090 1970 1120 in
2004 1089 2083 1119 Pro—

1100 1129 1218 1170 phetis.
1263 1129 1388 1161 Eodem
1417 1131 1516 1171 igitur
1545 1131 1667 1171 Spiritu
1697 1138 1814 1163 sancto
1843 1138 1875 1162 et
1904 1131 2021 1162 Patres
2052 1137 2083 1162 et

1100 1170 1256 1212 Apostoli
1279 1179 1310 1203 et
1334 1173 1377 1213 pii
1402 1174 1556 1214 deinceps
1581 1173 1779 1204 sanctificati
1803 1180 1889 1204 sunt.

1189 1222 1282 1254 Sicut
1309 1230 1419 1254 autem
1443 1225 1607 1264 scriptura
1631 1225 1729 1255 docet
1753 1235 1814 1255 nos
1845 1226 1885 1255 de
1908 1224 1980 1256 Filii
2004 1227 2082 1256 divi-

1102 1265 1219 1303 nitate,
1249 1275 1315 1296 non
1345 1272 1469 1297 tantum
1494 1265 1713 1306 speculative,
1745 1268 1803 1297 sed
1826 1268 1990 1308 practice,
2017 1268 2082 1298 hoc

1102 1312 1168 1344 est,
1191 1308 1296 1345 iubet,
1325 1314 1360 1339 ut
1384 1307 1549 1340 Christum
1572 1310 1764 1340 invocemus
1773 1332 1782 1347 ,
1812 1316 1847 1341 ut
1877 1310 2082 1341 confidamus

1102 1348 1254 1386 Christ03
1283 1350 1333 1381 sic
1356 1352 1441 1382 enim
1463 1362 1545 1382 vere
1568 1353 1728 1383 tribuetur
1751 1353 1780 1383 ei
1803 1352 1911 1383 honos
1936 1353 2082 1383 divinita-

1102 1392 1162 1422 tis:
1186 1392 1231 1422 ita
1254 1391 1323 1423 vult
1343 1403 1404 1424 nos
1429 1393 1571 1433 Spiritus
1596 1396 1701 1425 sancti
1725 1395 1925 1426 divinitatem
1948 1396 1981 1426 in
2009 1397 2083 1436 ipsa

1103 1433 1329 1465 consolatione
1352 1442 1383 1466 et
1406 1436 1626 1468 vivificatione
1652 1447 1865 1479 cognoscere.
1912 1437 2023 1475 Iubet,
2048 1444 2081 1469 ut

1101 1482 1251 1516 petamus
1276 1487 1349 1509 eum
1372 1479 1468 1509 nobis
1493 1479 1573 1516 dari,
1596 1486 1632 1510 ut
1653 1490 1712 1519 1101·
1736 1490 1809 1511 eum
1829 1480 2081 1517 sanctificemur,

1102 1519 1277 1559 erigamur,
1299 1520 1510 1552 vivificemur.
1534 1522 1576 1553 Et
1599 1523 1648 1552 sic
1670 1523 1772 1563 inquit
1791 1521 1957 1554 Christus:
1981 1523 2080 1554 Dabit

1105 1561 1261 1602 Spiritum
1291 1569 1440 1594 sanctum
1464 1565 1650 1604 petentibus
1680 1575 1764 1596 eum.
1810 1565 1866 1596 Sic
1890 1566 1986 1606 igitur
2010 1566 2081 1606 Spi—

1102 1604 1197 1634 ritum
1228 1612 1379 1636 sanctum
1404 1617 1482 1637 vero
1513 1606 1640 1638 honore
1671 1607 1869 1646 afficiemus,
1905 1619 1978 1639 cum
2012 1609 2079 1638 dari

1101 1656 1174 1676 eum
1197 1647 1304 1683 1101115,
1328 1654 1363 1678 ut
1386 1649 1582 1689 παράκλητον,
1607 1651 1794 1687 doctorem⁵
1823 1652 2079 1691 gubernatorem

1100 1694 1132 1718 et
1156 1689 1433 1721 sanctificatorem
1458 1692 1634 1722 orabimus.
1680 1692 1725 1723 lta
1758 1703 1835 1723 vere
1859 1703 2078 1734 agnoscemus

1099 1741 1183 1767 eum,
1208 1741 1281 1762 011111
1304 1732 1368 1763 1100
1392 1734 1489 1763 modo
1513 1741 1716 1774 expeteinus,
1741 1742 1771 1766 et
1796 1746 1856 1766 nos
1881 1737 1996 1773 verbo,
2020 1747 2079 1776 per

1098 1774 1185 1813 quod
1209 1780 1258 1804 est
1282 1773 1402 1805 efficax
1425 1776 1563 1815 Spiritus
1587 1784 1734 1815 sanctus,
1758 1779 1920 1819 erigemus
1946 1785 1977 1809 et
2002 1790 2078 1808 cvn-

1098 1814 1287 1846 solabimur.
1322 1817 1377 1848 Sic
1396 1818 1493 1849 docet
1513 1829 1574 1849 nos
1598 1821 1758 1851 sententia
1784 1821 1943 1862 symboli:
1968 1821 2076 1852 Credo

1096 1858 1128 1888 in
1152 1858 1305 1898 Spiritum
1330 1866 1499 1897 sanctum„
1527 1861 1592 1892 hoc
1616 1870 1682 1899 est5
1715 1864 1814 1893 credo
1839 1864 1973 1903 Spiritui
2003 1874 2078 1894 san-

1097 1906 1169 1936 010,
1199 1902 1252 1941 qni
1284 1901 1316 1931 in
1342 1901 1492 1933 Ecclesia
1527 1905 1746 1936 testimonium
1774 1905 1926 1946 perhibet
1970 1906 2077 1937 Evan-

1097 1941 1202 1983 gelio,
1234 1942 1343 1974 Credo
1373 1955 1445 1976 eum
1468 1946 1637 1978 efficacem
1661 1958 1737 1978 esse
1767 1959 1827 1989 per
1849 1950 1996 1986 verbum,
2021 1950 2077 1980 do-

1096 1990 1224 2016 centem
1248 1992 1280 2016 et
1310 1988 1530 2019 vivificantem
1554 1991 1740 2021 credentes.
1786 1991 1857 2021 Hoc
1880 1992 1996 2031 spiritu
2020 1993 2076 2023 do-

1096 2028 1163 2057 ceri
1198 2034 1231 2058 et
1265 2030 1441 2069 gubernari
1476 2042 1538 2062 nos
1573 2043 1643 2063 oro.
1701 2033 1757 2064 Sic
1792 2040 1823 2064 et
1857 2033 1980 2065 Paulus
2015 2036 2075 2066 ait:

1095 2070 1235 2109 Spiritus
1255 2072 1310 2102 dat
1329 2073 1547 2105 testimonium
1572 2076 1696 2115 spiritui
1721 2082 1846 2113 nostro5
1870 2077 1901 2106 in
1926 2087 1991 2117 quo
2010 2077 2074 2108 cla-

1094 2122 1219 2143 mamus
1244 2114 1338 2145 Abba
1364 2115 1477 2151 Pater3
1507 2118 1539 2147 id
1563 2124 1631 2149 est:
1655 2118 1795 2159 Spiritus
1819 2125 1963 2150 sanctus*
1980 2120 2075 2162 erigit

1095 2161 1125 2185 et
1145 2154 1337 2187 consolatur
1359 2168 1420 2188 nos
1444 2165 1476 2189 et
1499 2157 1618 2198 efficit.
1650 2168 1684 2191 ut
1704 2172 1925 2202 agnoscamus
1950 2163 2074 2193 miseri-

1094 2198 1237 2228 cordiam
1261 2206 1293 2229 et
1317 2203 1536 2239 praesentiam
1559 2202 1632 2233 Dei.
1680 2204 1770 2234 Haec
1799 2203 1908 2235 officia
1932 2205 2073 2245 Spiritus

1093 2241 1198 2270 sancti
1222 2242 1357 2280 prodest
1383 2245 1614 2283 considerare,
1646 2256 1729 2286 quae
1754 2254 1783 2277 et
1809 2247 2073 2278 consolationem

1091 2283 1187 2313 nobis
1211 2283 1352 2315 afferunt
1375 2291 1407 2315 et
1429 2286 1460 2316 in
1485 2287 1558 2327 ipso
1582 2298 1644 2319 usu
1664 2290 1864 2321 divinitatem
1876 2298 2073 2321 monstrant.

1178 2333 1306 2376 Collegi
1321 2338 1502 2367 testimonia
1528 2339 1567 2369 de
1581 2338 1661 2369 Filio
1685 2346 1715 2370 et
1740 2341 1780 2371 de
1799 2341 1920 2382 Spiritu
1944 2351 2071 2373 sancto.

1090 2375 1130 2406 Et
1163 2387 1349 2418 quanquam
1373 2377 1466 2419 plura
1492 2387 1566 2411 sunt
1592 2388 1623 2412 et
1647 2381 1824 2414 illustriora
1848 2385 1889 2414 de
1907 2384 2002 2422 Filio,
2027 2393 2072 2415 ta—

1089 2428 1163 2449 men
1188 2425 1218 2449 et
1238 2418 1320 2451 haec
1343 2422 1422 2451 satis
1446 2425 1622 2464 perspicua
1644 2432 1716 2456 sum
1743 2426 1783 2456 de
1804 2427 1925 2467 Spiritu
1943 2434 2069 2458 sancto.

1088 2459 1148 2491 Est
1173 2468 1279 2492 autem
1302 2464 1377 2503 piae
1399 2467 1516 2496 mentis
1539 2468 1690 2507 pondera
1719 2475 1751 2499 et
1781 2470 1845 2499 vim
1870 2470 2069 2501 testimonio-

1088 2512 1158 2534 rum
1183 2506 1413 2544 considerare,
1437 2518 1502 2538 non
1527 2508 1635 2541 solum
1659 2521 1839 2542 numerum.
1885 2512 2068 2543 Memineri-

1086 2555 1158 2576 mus
1182 2547 1270 2578 dicta
1293 2550 1476 2588 scripturae
1496 2551 1603 2582 divina
1627 2563 1703 2583 esse
1727 2553 1871 2591 oracula„
1896 2565 1997 2595 quare
2021 2557 2067 2586 eis
