2358 2933
135 129 177 162 67
179 129 199 159 7

136 221 260 263 στοργάς
283 221 379 251 nobis
402 220 582 260 impressas
607 219 648 249 de
665 228 726 249 sua
741 216 913 249 voluntate
926 216 1116 247 monitrices

137 274 223 296 esse.

223 306 334 341 Quare
357 303 529 345 diligenter
549 303 810 335 considerandae
833 308 865 332 et
887 307 976 332 recte
999 310 1115 340 regen-

138 352 200 382 dae
222 354 308 379 suut.
348 347 445 378 Nunc
465 347 548 377 enim
562 352 638 386 post
659 345 788 386 lapsum
811 351 933 375 temere
952 348 1115 385 vagantur

137 399 170 423 et
204 390 483 427 contaminantur,
518 390 607 430 quod
642 398 682 419 eo
711 388 816 428 magis
847 385 1024 417 dolendum
1054 391 1114 423 est,

137 435 213 476 quia
235 434 332 464 datae
354 430 501 469 fuerant,
535 437 571 462 ut
595 441 657 462 nos
684 432 724 462 de
749 429 919 460 voluntate
941 428 1004 459 Dei
1028 438 1115 459 com-

136 474 392 508 monefacerent.
438 474 506 505 Sed
541 480 650 504 tamen
683 484 702 503 a
735 471 907 513 prohibitis
942 470 1113 501 affectibus

137 517 375 550 discernendae
397 522 476 548 sunt
497 518 631 557 στοργαὶ,
653 526 675 546 a
696 520 888 555 contemptu
910 513 985 551 Dei,
1008 524 1027 544 a
1050 512 1114 543 fre-

136 562 215 592 mitu
239 561 401 591 adversus
414 559 534 596 Deum,
557 559 598 589 ab
622 558 754 595 invidia,
779 556 901 588 laetitia
923 557 956 586 in
976 554 1113 593 scelere,

136 609 171 634 ut
200 602 364 634 laetantur
392 603 426 633 in
453 602 598 632 vindicta
619 600 798 637 Herodias,
826 598 942 630 Fulvia
965 604 1045 635 etc„
1083 604 1114 628 et

136 647 178 677 ab
202 644 274 676 aliis
298 643 477 681 furoribus,
500 644 556 684 qui
579 645 761 673 enumerari
784 652 850 673 non
874 648 1026 681 possunt.
1063 640 1114 671 Ac

136 688 309 719 sciendum
331 692 400 724 est,
427 685 566 716 affectus
589 685 680 726 Lege
702 684 766 715 Dei
789 684 973 726 prohibitos
996 693 1055 723 per
1077 692 1114 713 se

136 731 275 761 vitiosos
299 736 330 759 et
355 728 595 769 extinguendus
619 737 706 758 esse.

223 771 313 802 Haec
338 771 378 801 de
400 771 487 800 dicto
510 770 644 807 usitato,
674 770 762 810 quod
786 770 841 803 ait,
866 775 1014 799 naturam
1038 778 1114 798 esse

137 816 274 851 bonam,
304 814 479 854 respondi,
508 818 542 842 ut
573 813 801 843 discernantur
831 822 884 842 res
910 811 1061 842 conditae
1084 817 1115 840 et

137 856 326 897 depravatio
349 865 417 886 non
440 855 580 886 condita.
616 855 651 885 ln
674 853 806 885 Achille
828 855 876 885 ira
899 854 1041 884 Hernica
1065 859 1114 884 est

136 911 191 931 res
216 899 321 936 bona,
349 898 423 939 quia
447 907 525 928 vere
548 907 632 938 opus
656 897 719 927 Dei
743 903 808 934 est,
832 898 892 927 sed
916 896 1115 927 contamina-

137 949 208 979 tur,
242 941 319 982 quia
347 950 415 970 non
444 940 569 981 regitur
591 940 758 980 agnitione
782 939 863 976 Dei,
897 946 927 970 et
950 938 1116 978 implicata

137 990 189 1015 est
211 983 331 1013 fiducia
354 983 424 1019 sui,
452 992 515 1013 nec
538 982 730 1022 praelucent
753 982 918 1013 invocatio
942 988 973 1012 et
996 981 1115 1012 fiducia

135 1026 210 1057 Dei.
256 1025 297 1056 Hi
332 1024 481 1056 defectus
513 1035 581 1055 non
616 1030 692 1056 sunt
726 1024 813 1055 levia
845 1030 1002 1065 peccata,
1041 1025 1114 1054 ideo

137 1069 234 1100 etiam
256 1068 344 1099 bona
367 1077 422 1098 res
447 1067 666 1098 contaminata
689 1068 834 1098 reiicitur
857 1073 888 1098 et
912 1066 947 1098 fit
970 1077 1038 1098 rea.

223 1109 368 1141 Econtra
397 1109 512 1140 similis
540 1110 589 1140 ira
615 1110 648 1140 in
676 1109 807 1140 Davide
836 1111 950 1150 purior
979 1116 1047 1146 est,
1082 1109 1114 1138 in

137 1163 203 1194 quo
225 1153 387 1183 accedunt
410 1153 544 1194 agnitio,
568 1153 676 1190 timor,
698 1153 876 1189 invocatio,
899 1152 1017 1182 fiducia
1041 1151 1113 1182 Dei.

137 1195 194 1226 Sic
218 1196 362 1226 sciamus
385 1195 417 1225 in
441 1195 564 1225 renatis
588 1205 721 1225 manere
744 1194 885 1234 στοργάς,
909 1195 968 1225 sed
992 1194 1113 1224 rectius

136 1248 194 1269 eas
218 1238 288 1280 regi
312 1244 344 1268 et
367 1238 517 1268 revocari
540 1238 572 1267 in
594 1237 739 1268 ordinem
753 1242 783 1267 et
797 1238 882 1267 intra
898 1243 1003 1267 metas
1022 1246 1113 1272 suas.

136 1288 166 1312 et
190 1281 283 1311 reddi
304 1281 466 1320 puriores.
511 1278 686 1320 Reliquum
710 1285 772 1316 est,
798 1284 834 1310 ut
857 1279 897 1309 de
921 1280 1114 1320 quaestione

135 1323 256 1353 usitata
284 1323 427 1359 dicatur,
462 1332 503 1352 an
531 1328 607 1362 post
638 1323 833 1363 baptismum
863 1328 953 1352 recte
975 1322 1113 1358 dicatur,

134 1371 306 1407 peccatum
335 1374 412 1395 esse
439 1365 473 1394 in
496 1363 694 1402 infantibus,
724 1374 783 1395 seu
813 1365 1114 1405 concupiscentiam

135 1417 214 1439 esse
235 1412 427 1448 peccatum3
462 1406 557 1444 Item,
585 1418 627 1438 an
651 1414 742 1438 recte
765 1407 908 1445 dicatur,
936 1407 968 1437 in
992 1407 1113 1437 renatis

136 1449 257 1482 adultis
281 1459 358 1481 esse
375 1456 560 1490 peccatum.
590 1449 794 1490 Respondeo
814 1450 855 1480 de
878 1450 1000 1480 renatis
1023 1449 1114 1480 adul-

135 1493 189 1530 tis,
212 1502 328 1523 omnes
353 1492 537 1522 concedere
560 1498 722 1534 coguntur
736 1491 861 1533 reliqua
876 1502 953 1523 esse
963 1497 1114 1533 peecata.

136 1535 247 1570 Quare
265 1534 406 1565 loannes
426 1534 502 1565 dicit
526 1534 569 1571 [l.
583 1545 634 1575 ep.
654 1535 683 1566 1.
702 1535 767 1573 8.]:
792 1535 828 1565 Si
847 1535 1004 1573 dicemus,
1028 1534 1116 1575 quod

135 1583 308 1618 peccatum
316 1588 381 1608 non
389 1576 583 1614 habeamus,
595 1587 657 1607 nos
670 1578 762 1618 ipsos
775 1578 975 1615 seducimus,
989 1583 1019 1608 et
1032 1578 1116 1608 vem·-

135 1621 232 1651 tasin
245 1620 341 1650 nobis
352 1630 420 1650 non
433 1625 494 1649 est.
517 1619 542 1649 F
545 1626 674 1650 atentur
682 1630 763 1661 ergo
772 1619 891 1650 multas
901 1619 1048 1651 flammas
1062 1630 1115 1650 cu-

135 1662 306 1704 piditatum
333 1663 366 1692 in
397 1662 520 1692 renatis
550 1672 644 1699 esse,
678 1673 762 1703 quos
793 1663 867 1693 ideo
899 1663 1009 1693 dicunt
1040 1672 1115 1693 esse

134 1709 285 1746 peccata,
308 1706 383 1745 qnia
406 1703 502 1735 simul
527 1705 655 1746 rapiant
675 1704 818 1746 aliquam
838 1704 1017 1736 voluntatis
1039 1716 1115 1735 con-

135 1757 270 1778 sensum
293 1747 449 1783 subitum,
474 1757 571 1788 quem
594 1757 694 1788 saepe
718 1747 851 1778 difficile
874 1754 925 1779 est
949 1754 1113 1779 excutere.

135 1789 207 1820 Etsi
233 1796 342 1820 autem
372 1789 455 1820 haec
483 1789 645 1827 fatentur,
679 1796 787 1821 tamen
823 1796 999 1822 extenuant
1032 1791 1115 1821 haec

135 1833 208 1873 ipsa
230 1832 327 1870 mala,
351 1838 383 1863 et
404 1832 600 1872 profitentur
622 1843 660 1863 se
683 1839 806 1863 tantum
829 1833 920 1874 loqui
944 1834 984 1864 de
1002 1841 1114 1864 actua-

135 1874 221 1906 libus
251 1875 418 1914 peccatis,
447 1885 532 1916 quae
557 1882 679 1916 negant
708 1886 784 1906 esse
808 1886 868 1906 sua
892 1882 1007 1907 natura
1029 1886 1115 1906 mor-

135 1916 222 1949 talia.
258 1917 299 1948 Et
316 1918 461 1948 radicem
478 1916 592 1948 harum
611 1918 786 1956 actionum,
804 1917 941 1955 scilicet,
966 1920 1114 1949 morbum

135 1965 339 1996 nascentem,
363 1961 418 2001 qui
441 1958 587 2001 reliquus
610 1967 661 1991 est
685 1962 716 1991 in
741 1962 876 1999 renatis,
900 1962 932 1992 id
956 1968 1017 1999 est,
1040 1972 1114 2001 pra-

134 2013 211 2034 vam
234 2001 490 2039 inclinationem,
514 2004 625 2034 dicunt
643 2014 784 2043 prorsus
806 2015 873 2034 non
897 2014 973 2034 esse
996 2014 1114 2044 pecca·

134 2050 213 2083 tum,
236 2055 299 2076 nec
322 2055 397 2076 esse
419 2044 538 2076 malum
562 2056 715 2087 pugnans
740 2057 812 2077 cum
836 2046 911 2089 lege
934 2046 1007 2077 Dei.

223 2086 342 2129 Cogita
374 2094 498 2125 autem,
539 2095 659 2129 quanta
695 2090 832 2120 audacia
868 2091 909 2120 sit
944 2088 1114 2131 negligere

134 2129 217 2161 haec
240 2129 342 2167 mala,
366 2130 511 2168 scilicet,
535 2131 754 2162 dubitationes
779 2133 820 2163 de
842 2132 934 2170 Deo,
957 2133 1114 2163 securita-

134 2179 200 2203 tem
228 2171 451 2214 negligentem
478 2174 559 2203 iram
583 2173 663 2211 Dei,
693 2173 905 2205 diffidentiam
937 2174 1113 2216 fugientem

134 2214 257 2254 Deum,
292 2221 323 2245 et
353 2214 436 2246 alias
463 2215 583 2246 multas
612 2222 743 2257 pestes,
779 2228 863 2259 quae
893 2218 1018 2249 etiamsi
1048 2228 1113 2248 non

135 2267 265 2298 semper
289 2258 548 2299 conspiciuntm,
572 2264 681 2290 tamen
705 2260 825 2291 adsunt
848 2267 878 2291 et
890 2270 990 2301 saepe
1009 2270 1113 2291 erum-

135 2307 226 2341 punt,
250 2307 286 2331 ut
307 2302 340 2332 in
365 2299 547 2332 calamitate
570 2312 706 2342 prorsus
730 2304 887 2344 mergitur
907 2302 989 2334 Cato
1013 2304 1045 2333 in
1069 2309 1114 2333 te-

134 2343 255 2373 nebras
287 2350 317 2374 et
340 2351 438 2385 negat
463 2354 540 2374 esse
563 2345 811 2385 providentiam.
858 2345 937 2377 Saul
960 2347 1114 2376 irascitur

134 2384 207 2416 Deo
230 2392 296 2416 tam
315 2387 439 2417 duriter
451 2387 608 2427 punienti.
645 2387 736 2418 Haec
750 2395 887 2428 peccata
898 2389 1113 2431 agnoscenda

135 2434 229 2466 sunt,
264 2439 328 2459 non
360 2431 585 2468 obscuranda,
620 2436 653 2461 ut
684 2431 849 2462 discamus
874 2442 1059 2473 repugnare
1083 2438 1113 2462 et

134 2477 246 2510 petere
269 2471 426 2503 auxilium
449 2473 611 2503 adversus
636 2484 686 2503 ea.

219 2513 296 2544 ldeo
327 2516 375 2545 sic
405 2516 658 2555 respondemus:
693 2516 726 2546 ln
758 2517 918 2557 baptismo
941 2516 1012 2547 tolli
1036 2528 1112 2557 pec-

135 2562 259 2593 catum,
294 2558 382 2597 quod
414 2559 454 2589 ad
484 2565 608 2589 reatum
638 2569 696 2589 seu
721 2560 964 2600 imputationem
987 2561 1112 2597 attinet,

618 125 640 155 1.
660 124 762 156 LOCl
780 122 1056 155 THEOLOGICI:
1079 122 1122 154 D.
1141 121 1302 153 TERTIA
1319 119 1476 151 EORUM
1495 118 1651 150 AETAS.

2077 116 2141 149 678

1161 215 1222 245 sed
1244 224 1377 245 manere
1398 215 1548 244 morbum
1570 213 1688 253 ipsum,
1715 212 1769 252 qui
1785 218 1833 241 est
1850 209 1970 241 malum
1987 221 2140 252 pugnans

1161 268 1235 288 qun
1254 257 1345 299 Lege
1368 256 1442 294 Dei,
1466 257 1599 297 dignum
1622 261 1728 286 morte
1746 260 1891 291 aeterna,
1916 254 1977 283 nisi
2001 254 2140 283 remitte-

1160 305 1262 338 retur,
1277 306 1313 330 ut
1330 300 1448 330 dicitur
1471 298 1540 336 [Ps.
1560 297 1613 335 31,
1634 298 1694 335 l.]:
1729 296 1823 327 Beati
1844 306 1983 336 quorum
2001 297 2140 332 tecta-⁵⁴)

1160 348 1237 373 sunt
1248 348 1398 383 peccata.
1421 341 1451 372 N
1455 351 1492 372 ec
1506 342 1546 372 de
1558 341 1689 372 nomine
1701 340 1828 380 peccati
1841 337 2018 380 litigamus,
2031 349 2140 368 remm

1160 385 1324 416 dissensio
1344 390 1404 415 est.
1433 384 1627 414 Adversarii
1641 382 1854 419 contendunt,
1875 380 1963 412 hunc
1981 382 2140 417 morbum,

1160 429 1214 469 qui
1238 425 1384 468 reliquus
1408 433 1457 457 est
1480 427 1511 456 in
1525 426 1661 461 renatis,
1680 434 1746 454 non
1761 434 1838 454 esse
1853 422 1972 454 malum
1988 433 2139 464 pugnans

1161 481 1234 501 cum
1257 469 1349 511 Lege
1371 468 1444 499 Dei.
1491 468 1587 498 Hunc
1616 477 1763 497 errorem
1787 467 1892 497 taxari
1916 476 2056 496 necesse
2079 472 2139 495 est.

1160 512 1246 543 Sunt
1268 519 1376 543 autem
1394 511 1569 551 perspicua
1582 508 1677 540 Pauli
1700 510 1885 539 testimonia
1908 507 2003 539 Rom.
2016 509 2046 539 7.
2065 514 2095 539 et
2108 508 2139 539 8.

1159 553 1257 585 Clare
1271 554 1375 595 inquit
1387 552 1521 590 Paulus,
1545 552 1580 582 In
1600 552 1753 582 membris
1772 550 1879 592 legem
1899 561 1974 582 esse
1992 561 2140 592 pugnan-

1159 604 1226 628 tem
1251 608 1325 628 cum
1354 595 1429 626 leo-e
1457 596 1574 626 inentis
1598 600 1628 624 et
1653 605 1726 625 cum
1746 594 1838 636 Lege
1860 593 1934 624 Dei.
1980 594 2071 624 Haec
2093 600 2139 624 te-

1160 640 1311 670 stimonia
1334 621 1432 670 nullis
1455 637 1642 679 praestigiis
1666 635 1754 667 eludi
1776 642 1928 677 possunt.

1248 681 1315 712 Sed
1333 681 1513 712 adversarii
1533 679 1652 711 multas
1671 678 1775 709 falsas
1789 677 1992 720 hypotheses
2004 686 2139 719 ponunt.

1160 724 1304 755 Primum
1328 725 1369 755 de
1392 722 1532 764 caligine
1555 723 1671 753 mentis
1695 729 1725 752 et
1751 723 1791 752 de
1814 722 1901 751 vitiis
1920 722 1952 751 in
1972 719 2139 751 voluntate

1160 766 1240 798 nihil
1263 767 1383 797 dicunt.
1412 766 1540 797 Deinde
1560 765 1861 805 concupiscentiam
1880 769 2005 794 tantum
2024 762 2139 794 intelli-

1160 816 1241 851 gunt
1265 810 1305 840 (16
1329 810 1483 840 sensibus
1509 814 1541 839 et
1563 806 1749 849 intelligunt
1774 818 1847 838 eam
1871 817 1947 837 esse
1969 807 2140 847 appetitio-

1160 863 1234 883 nem
1257 851 1449 889 naturalem,
1473 862 1546 882 cum
1562 851 1720 881 deberent
1738 860 1809 880 eam
1822 848 2004 890 intelligere
2018 849 2140 886 ἀταξίαν

1161 896 1396 936 appetitionum
1426 900 1458 924 et
1489 893 1586 924 simul
1617 892 1791 933 complecti
1819 891 1992 934 caliginem
2022 893 2138 922 mentis

1162 944 1192 968 et
1211 937 1319 968 malae
1342 935 1530 968 voluntatis.
1560 936 1669 966 Tertio
1695 942 1725 966 et
1748 935 1835 966 hanc
1858 934 2057 976 hypothesin
2081 933 2140 964 fal-

1162 990 1233 1011 sam
1256 980 1390 1017 addunt,
1414 980 1502 1021 quod
1523 979 1593 1009 Lex
1615 978 1679 1009 Dei
1699 984 1822 1008 tantum
1846 978 1975 1008 damnet
1999 975 2140 1008 actualia

1160 1028 1309 1063 peccata.
1359 1022 1450 1053 Haec
1484 1022 1593 1061 opinio
1622 1019 1834 1052 transformat
1864 1020 1987 1061 Legem
2015 1019 2078 1050 Dei
2108 1020 2139 1050 in

1160 1064 1418 1106 Philosophiam,
1443 1074 1526 1106 quae
1549 1070 1673 1095 tantum
1697 1064 1736 1094 de
1759 1070 1873 1093 nostra
1895 1062 2067 1102 disciplina
2091 1061 2139 1092 lo-

1160 1109 1279 1150 quitur.
1325 1107 1448 1138 Postea
1475 1107 1539 1137 hae
1567 1105 1843 1137 hallucinationes
1873 1107 2052 1136 obscurant
2083 1106 2139 1135 do-

1160 1151 1296 1182 ctrinam
1320 1151 1361 1181 de
1385 1151 1500 1191 gratia.
1545 1149 1687 1190 Fingunt
1711 1149 1811 1186 enim,
1834 1147 1997 1178 hominem
2020 1149 2139 1178 iustum

1160 1203 1236 1224 esse
1267 1199 1400 1233 propter
1427 1191 1512 1233 legis
1540 1190 1777 1231 impletionem,
1808 1198 1838 1221 et
1862 1191 2010 1221 amittunt
2033 1189 2139 1220 lucem

1160 1237 1330 1267 doctrinae
1354 1236 1394 1265 de
1418 1235 1492 1265 fide.

1246 1278 1314 1308 Sed
1336 1283 1403 1308 tota
1429 1278 1577 1308 doctrina
1592 1275 1832 1316 Prophetarum
1850 1282 1880 1306 et
1904 1274 2139 1315 Apostolorum

1160 1319 1290 1358 clamat,
1308 1319 1458 1351 homines
1476 1330 1541 1350 non
1560 1318 1755 1350 satisfacere
1765 1318 1845 1360 Legi
1859 1318 1933 1356 Dei,
1951 1319 2026 1349 etin
2040 1319 2139 1348 onmi-

1160 1365 1222 1395 bus
1256 1363 1393 1394 haerere
1426 1370 1615 1404 peccatum,
1649 1372 1688 1393 ac
1717 1367 1879 1392 monstrat
1912 1360 2137 1397 Mediatorem,

1159 1412 1294 1447 propter
1322 1406 1410 1437 hunc
1445 1407 1488 1436 ait
1522 1415 1584 1436 nos
1612 1405 1713 1446 recipi
1742 1412 1772 1435 et
1803 1405 1908 1435 iustos
1936 1404 2138 1444 pronuntiari

1160 1449 1279 1480 fiducia
1298 1449 1412 1490 ipsius.
1449 1448 1673 1490 Agnoscenda
1693 1454 1742 1477 est
1757 1448 1856 1488 igitur
1869 1454 1985 1478 nostra
1996 1447 2139 1483 miseria,

1159 1498 1193 1523 ut
1215 1490 1337 1523 Christi
1360 1491 1522 1523 beneficia
1546 1489 1780 1532 intelligantur.

1245 1534 1312 1566 Sed
1342 1534 1424 1564 haec
1454 1535 1618 1565 dissensio
1648 1544 1714 1563 non
1745 1538 1853 1573 potest
1885 1533 1989 1563 dirimi
2013 1532 2138 1562 iudiciis

1160 1576 1416 1618 hypocritarum.
1464 1578 1602 1617 Semper
1624 1575 1817 1617 hypocritae
1842 1586 1860 1606 a
1884 1585 1964 1606 vera
1986 1574 2139 1606 Ecclesia

1160 1620 1201 1650 de
1223 1619 1287 1651 hac
1306 1620 1501 1661 quaestione
1524 1620 1752 1651 dissenserunt
1771 1624 1802 1649 et
1819 1618 2030 1653 dissentienty.
2064 1617 2138 1658 quia

1159 1664 1243 1693 ratio
1266 1662 1409 1693 humana
1432 1664 1502 1693 sine
1525 1662 1600 1693 luce
1624 1662 1733 1693 divina
1756 1672 1821 1692 non
1839 1661 1958 1698 cernit,
1982 1666 2139 1702 quantum

1160 1704 1279 1736 malum
1309 1706 1374 1736 sint
1396 1705 1480 1736 haec
1498 1706 1651 1736 interiora
1674 1710 1831 1745 peccata,
1865 1705 1928 1734 etsi
1953 1713 1994 1734 ex
2016 1703 2138 1744 ingenti

1160 1747 1357 1779 confusione
1379 1749 1466 1779 vitae
1490 1754 1521 1779 et
1543 1748 1765 1789 magnitudine
1781 1745 2001 1777 calamitatum
2024 1751 2138 1776 utcun-

1160 1801 1223 1832 que
1247 1792 1420 1821 aestimare
1443 1801 1482 1821 ea
1506 1792 1656 1822 debebat.
1671 1791 1716 1822 ⁴⁴¹)

1344 1892 1404 1923 DE
1428 1891 1640 1924 PECCATIS
1663 1890 1955 1923 ACTL'ALIBUS.

1248 1971 1292 2004 ⁵⁵)
1307 1968 1476 2011 Originale
1488 1968 1608 2000 malum
1621 1975 1682 2006 est,
1706 1975 1740 1999 ut
1755 1969 1830 2005 dixi,
1855 1966 1961 2009 caligo
1974 1968 2137 2005 intuente,

1159 2012 1290 2043 aversio
1315 2011 1493 2043 voluntatis
1513 2023 1530 2043 a
1545 2011 1632 2049 Deo,
1656 2012 1863 2043 contumacia
1887 2011 1997 2042 cordis·
2021 2011 2137 2041 adver-

1160 2141 1205 2172 54)
1229 2141 1307 2172 tecta]
1327 2141 1397 2172 corp.
1418 2141 1439 2165 ⁸2.
1460 2142 1482 2165 4.
1503 2145 1551 2171 tm.
1570 2147 1671 2165 errore:
1690 2145 1758 2165 recta

1159 2193 1205 2223 55)
1230 2193 1287 2217 Pro
1305 2198 1380 2222 seqq.
1399 2193 1526 2222 originale
1545 2193 1640 2217 malum
1661 2195 1699 2216 est
1712 2205 1784 2208 ——
1799 2191 1904 2221 Spiritus
1924 2193 2027 2215 sanctus
2046 2193 2136 2220 arguet

1228 2227 1350 2251 mundum
1376 2227 1407 2250 de
1432 2229 1550 2256 peccato,
1581 2227 1638 2256 quia
1663 2232 1713 2250 non
1738 2225 1898 2250 crediderunt
1924 2226 1949 2250 in
1976 2231 2024 2250 me.
2052 2225 2134 2255 [τεν-ὑ.

1227 2263 1343 2286 etlrem.
1361 2261 1445 2286 lanius
1463 2260 1528 2292 loci]
1556 2261 1583 2286 ιἰι
1601 2260 1673 2285 Editt.
1696 2260 1716 2284 1.
1736 2262 1760 2285 3.
1781 2262 1848 2284 sunt
1865 2266 1906 2289 ea,
1927 2265 2000 2289 quae
2017 2260 2044 2284 in
2064 2259 2135 2284 Editt.

1227 2295 1355 2320 secundae
1375 2295 1467 2320 aetatis
1492 2300 1549 2325 pag.
1569 2295 1625 2319 385.
1644 2295 1685 2319 liu.
1704 2295 1743 2319 24.
1764 2300 1843 2324 usque
1863 2294 1895 2318 ad
1915 2300 1937 2324 p.
1956 2294 2014 2318 388.
2034 2294 2074 2318 lin.
2095 2294 2134 2318 35.

1226 2333 1329 2354 nostrae
1355 2329 1396 2354 Ed.
1414 2331 1540 2359 etstaul,
1560 2329 1612 2354 lzoc
1628 2328 1729 2353 modo:
1757 2328 1890 2353 Peccatum
1915 2328 2014 2352 actuale
2040 2327 2133 2357 signiti-

1226 2368 1266 2389 cat
1285 2364 1384 2389 fructus
1396 2377 1429 2381 —
1448 2377 1483 2385 —.
1500 2369 1589 2388 omnes
1608 2363 1716 2388 affectus
1735 2366 1855 2393 tanquam
1875 2368 1921 2392 per
1939 2369 1967 2387 se
1986 2362 2089 2386 vitiosos
2109 2365 2132 2385 ct

1226 2398 1308 2423 malos
1327 2398 1456 2423 damnant.
1482 2398 1578 2423 Tribus
1595 2402 1660 2422 rero
1678 2397 1748 2422 locis
1766 2397 1840 2421 Editt.
1861 2398 1882 2421 1.
1904 2399 1926 2422 3.
1947 2396 1981 2421 ab
1999 2397 2042 2423 iis,
2062 2401 2134 2425 qnae

1227 2432 1284 2457 illic
1302 2433 1328 2457 in
1347 2432 1488 2458 concertis
1506 2432 1646 2461 leyuntur,
1666 2431 1814 2463 differunt.-
1842 2431 1867 2458 1)
1884 2436 1940 2460 pro
1958 2430 2074 2456 affectus.
2093 2436 2133 2454 co-

1225 2467 1314 2496 gitata.
1334 2467 1408 2491 dicta.
1428 2467 1494 2491 facta
1513 2466 1551 2497 [p.
1569 2467 1627 2490 385.
1647 2466 1694 2492 lm.
1714 2467 1754 2490 25.
1773 2467 1890 2490 nostrae
1907 2465 1967 2494 Ed.)
1987 2465 2132 2489 exhibent.-

1226 2501 1333 2526 affectus
1360 2504 1385 2525 et
1403 2501 1471 2525 facta
1492 2514 1523 2517 *-
1551 2502 1579 2527 2)
1600 2506 1657 2530 pro
1682 2500 1849 2524 Themistocle
1875 2499 1913 2529 [p.
1934 2500 1991 2524 335.
2015 2499 2063 2525 lm.
2081 2498 2132 2527 44.]

1224 2536 1340 2561 habent:
1359 2535 1465 2560 Aristide
1488 2548 1517 2551 —
1537 2534 1565 2563 3)
1580 2540 1636 2564 pro
1656 2535 1764 2564 Requirit
1783 2537 1868 2558 autem
1888 2547 1920 2550 —
1940 2548 1970 2550 —
1999 2533 2066 2563 apud
2086 2533 2132 2557 He-

1225 2570 1322 2594 siodum
1350 2573 1373 2593 et
1399 2570 1462 2594 alios
1489 2569 1518 2593 sie
1544 2570 1632 2598 poeni<
1652 2569 1808 2593 delictorum.
1833 2569 1870 2598 [p.
1891 2568 1948 2592 386.
1974 2567 2020 2593 lin.
2044 2568 2080 2591 18.
2102 2580 2131 2583 ἠ

1877 2618 1928 2643 43’
