2358 2933
154 118 238 152 1093

153 215 274 246 minato
294 223 406 244 semen
428 219 528 244 tuum.
573 213 653 245 Item
677 215 766 253 [ibid.
790 224 841 246 vs.
868 214 928 253 1.]:
960 213 1054 246 Mitte
1076 226 1131 256 pa-

153 268 227 289 nem
250 263 340 288 tuum
359 257 391 287 in
415 266 518 297 aquas
542 262 764 295 transeuntes,
788 258 865 298 quia
886 262 962 297 post
985 263 1132 299 tempora

153 298 254 332 multa
287 299 450 336 invenies,
479 299 512 329 id
535 304 602 336 est,
637 299 781 338 doceas,
815 300 909 330 iuves
929 310 1131 332 communem

154 349 276 375 statum
298 343 363 373 tuis
382 340 570 379 laboribus,
601 343 728 372 etiamsi
751 343 839 382 apud
861 341 981 373 multos
1003 344 1132 374 videtur

153 385 274 418 inutilis
308 384 422 423 labor,
455 391 491 416 ut
525 386 553 416 si
587 395 706 425 panem
739 395 918 426 spargeres
954 386 985 416 in
1015 397 1131 427 aquas,

155 435 250 460 erunt
269 434 375 459 tamen
398 427 509 469 aliqui,
532 428 651 468 quibus
676 428 720 458 tui
744 427 877 459 labores
891 430 935 463 Ἡ)
970 429 1131 469 profuturi

155 477 242 504 sunt.
288 471 381 502 Sicut
410 477 442 502 et
466 470 589 502 Paulus
613 481 674 501 nos
699 470 891 502 consolatur
913 472 1065 513 inquiens
1089 473 1131 510 [1.

154 514 232 547 Cor.
254 514 305 552 15,
327 514 410 553 58.]:
435 514 511 545 Non
534 519 583 545 est
608 514 718 545 irritus
742 513 838 545 labor
856 520 975 546 vester.
1017 515 1132 546 Extre-

154 569 208 590 ma
229 558 348 589 vitiosa
367 563 455 595 sunt,
480 557 616 599 Ignavia
640 562 671 587 et
693 557 1022 599 πολυπραγμοσύνηβῗ)
1049 568 1132 599 quae

153 607 210 632 aut
242 601 276 631 in
305 601 480 631 vocatione
507 599 586 631 facit
608 599 709 631 multa
732 601 868 642 πάρεργα
891 606 922 631 θῖ
941 601 1056 632 omittit
1078 612 1133 632 ne-

155 644 314 682 cessaria,
339 649 395 674 aut
427 644 566 684 erumpit
594 649 688 674 extra
709 645 915 674 vocationem
936 649 972 675 ut
994 643 1134 675 ardelio-

154 697 213 718 nes
234 697 274 718 ac
296 685 350 718 alii
370 687 564 724 ambitione,
597 685 651 717 alii
675 686 776 717 stulta
798 687 978 718 imitatione
1002 697 1061 718 seu
1084 700 1135 717 κα-

154 732 274 774 κοζηλίᾳ
299 735 453 770 peccant,
476 735 509 760 ut
533 730 609 771 quia
631 729 854 761 Maccabaeus
864 732 907 763 23)
937 727 1076 760 feliciter
1098 729 1135 760 li-

154 774 329 804 beraverat
351 772 520 813 populum,
540 772 631 803 multi
655 771 831 804 voluerunt
854 783 929 803 esse
942 774 1133 810 imitatores,

154 816 210 857 qui
242 822 352 847 tamen
387 821 480 846 erant
514 814 676 853 infeliceS,
713 816 789 856 quia
811 826 873 846 nec
896 817 1006 847 vocati
1030 822 1134 853 erant,

153 868 216 890 nec
251 858 405 890 divinitus
441 860 582 890 excitati.
629 859 686 889 Sic
708 858 840 890 fuerunt
862 857 1012 890 infelices
1036 859 1136 889 imita-

154 908 245 933 tores
270 900 522 939 Themistoclis,
559 900 705 932 Pericles
729 908 760 931 et
782 901 1038 932 Demosthenes.
1084 901 1135 932 Ac

155 945 196 976 de
241 943 361 976 talibus
397 945 517 976 dictum
548 944 678 986 polybii
713 945 844 986 dignum
880 950 933 975 est
964 944 1135 975 memoria:

154 990 263 1018 πολλοὶ
293 987 328 1018 τά
354 990 409 1026 μὲν
437 989 508 1029 ἔργα
534 990 590 1018 τῶν
620 988 815 1026 εὐτυχούντων
841 987 871 1017 οὗ
905 989 1067 1029 πειρῶνται
1088 999 1136 1025 μι-

153 1034 294 1070 μεῖσθαι,
321 1029 415 1061 Multi
440 1041 541 1072 opera
561 1030 870 1062 florentissimorum
889 1029 1056 1061 hominum
1070 1040 1137 1060 non

154 1074 290 1105 student
312 1074 441 1111 imitari,
465 1073 500 1104 τά
530 1074 560 1105 δὲ
584 1075 721 1115 πάρεργα
745 1074 891 1112 ζηλοῦντες
914 1075 1137 1114 ἐκθεατρίζουσι

153 1116 203 1155 τήν
226 1118 335 1147 ἑαυτῶν
353 1116 557 1158 (immistus-'Q
583 1117 650 1148 Sed
674 1117 836 1147 imitantes
855 1126 995 1157 parerga
1017 1116 1137 1156 produ-

156 1166 234 1191 cunt
256 1161 289 1190 in
313 1159 476 1191 theatrum
499 1171 593 1191 suam
617 1170 776 1191 summam
799 1160 969 1190 inscitiam.

242 1202 426 1233 FURTUM
440 1209 490 1234 est
513 1213 678 1244 occupare
702 1201 756 1233 vel
769 1201 901 1233 auferre
916 1212 985 1233 rem
997 1200 1136 1232 alienam

154 1246 257 1277 invito
283 1246 426 1276 domino.
548 1280 550 1282 ¹

241 1288 518 1319 PROPRIETAS
554 1295 604 1318 est
639 1288 815 1318 dominium
839 1287 885 1317 rei
912 1287 1005 1317 iustis
1030 1287 1136 1317 modis

152 1331 362 1371 acquisitum,
386 1340 451 1370 quo
476 1331 626 1360 dominus
647 1336 678 1360 ct
701 1340 767 1360 non
791 1328 887 1367 alius,
910 1330 960 1359 ius
985 1329 1085 1360 habet
1097 1330 1137 1359 de

153 1383 194 1404 ea
226 1383 262 1403 re
297 1373 492 1413 disponendi
521 1383 581 1404 suo
608 1373 760 1409 arbitrio,
797 1373 859 1403 nisi
883 1378 1039 1413 quantum
1061 1371 1136 1414 lege

153 1422 209 1447 aut
231 1421 329 1456 pacto
353 1414 557 1455 prohibetur.
1013 1415 1019 1423 ‘

240 1457 467 1489 DOMINIUM
491 1463 542 1488 est
564 1459 631 1496 ius,
655 1458 687 1488 id
718 1462 786 1495 est,
819 1456 962 1488 facultas
987 1457 1137 1488 ordinata

153 1500 229 1544 lege
252 1502 363 1532 divina
381 1499 436 1531 vel
458 1500 612 1539 humana,
635 1511 700 1542 qua
723 1511 792 1531 rem
815 1506 903 1531 tenet
923 1500 1084 1538 dominus,
1105 1506 1135 1530 et

153 1554 220 1575 non
264 1543 365 1582 alius,
417 1550 449 1574 et.
491 1544 531 1574 de
576 1554 616 1575 ea
661 1554 695 1574 re
718 1545 764 1584 ¹25)
814 1544 957 1584 disponit
981 1545 1028 1584 26)
1075 1554 1135 1573 suo

152 1588 306 1625 arbitrio,
341 1587 403 1618 nisi
438 1593 594 1628 quantum
617 1586 692 1628 lege
725 1593 782 1617 aut
809 1592 907 1626 pacto
931 1585 1135 1627 prohibetur.

153 1631 270 1663 Sanxit
298 1636 407 1661 autem
437 1631 679 1661 distinctionem
715 1630 930 1661 dominiorum
964 1630 1039 1670 ipsa
1068 1639 1135 1660 vox

152 1674 339 1715 praecepti:
368 1674 442 1704 Non
466 1672 588 1705 furtum
607 1672 720 1704 facies.
767 1673 818 1704 Ac
842 1673 984 1704 tenenda
1009 1678 1059 1703 est
1083 1683 1136 1703 ex-

153 1715 309 1757 plicatio:

309 1775 480 1808 Naturalia
504 1782 578 1808 sunt
603 1775 825 1813 immutabilia,

310 1820 500 1851 Communis
530 1830 610 1851 usus
635 1830 743 1850 rerum
767 1825 818 1850 est
841 1818 1000 1850 naturalis
1025 1819 1114 1857 iuris,

361 1864 447 1894 sicut
470 1864 589 1894 usitate
614 1863 742 1900 dicitur,

307 1905 399 1948 Ergo
424 1912 474 1937 est
499 1905 717 1937 immutabilis.

153 1975 356 2015 Respondeo
391 1975 432 2005 ad
455 1975 622 2005 maiorem.
667 1972 837 2005 Naturalia
862 1979 938 2005 sunt
957 1974 1136 2005 immutabi-

153 2018 209 2056 lia,
232 2017 384 2049 videlicet
406 2018 542 2048 notitiae
561 2016 727 2048 naturales
748 2018 864 2048 artium
888 2023 919 2048 ct
942 2022 1136 2058 praecepto-

155 2072 236 2099 rum,
256 2061 322 2093 Sed
346 2071 411 2092 non
434 2059 604 2098 utilitateS,
630 2070 713 2101 quae
738 2059 878 2091 fuissent
901 2062 932 2091 in
951 2066 1066 2091 natura
1089 2061 1135 2092 in-

155 2192 201 2222 21)
221 2191 256 2216 tui
276 2191 389 2221 iabores]
410 2191 482 2221 Corp.
504 2191 526 2214 2.
546 2191 570 2214 4.
591 2191 692 2216 labores
712 2191 747 2216 tui

154 2243 200 2274 22)
220 2239 477 2274 noivngaccnt1omizrry]
494 2242 565 2267 Editt.
588 2241 696 2266 16-19.
717 2243 758 2266 22.
779 2242 866 2268 latine
884 2243 985 2268 haben!
1003 2243 1135 2274 poiyprag-

224 2283 329 2306 mosyne
350 2277 405 2307 [Ed.
426 2276 463 2301 16.
484 2277 714 2307 polymagmosini)

154 2328 201 2359 ¹23)
221 2329 400 2359 maccabaeus]
427 2328 491 2353 Editt
523 2328 560 2352 lG.
577 2329 625 2354 21..
645 2329 705 2359 epp.
730 2330 749 2352 l.
771 2330 804 2356 ⁸2..
825 2330 865 2354 Ex.
886 2330 919 2359 3.,
938 2329 992 2354 Des.
1018 2330 1035 2352 1.
1055 2330 1136 2354 Maca-

223 2363 405 2423 ‘ngbegesbSEditt
428 2363 535 2387 17-19,
557 2363 597 2386 23.
619 2363 658 2387 ΞΟ,
681 2363 721 2388 34.
742 2364 934 2393 itlarthabaeus‚
954 2364 995 2388 Ed.
1016 2364 1136 2389 3111311-

155 2450 202 2478 24)
222 2446 271 2478 τὴν
290 2447 393 2471 ἑαυτῶν
412 2444 557 2480 (ἷκρισιάι’,]
596 2449 667 2474 Editt.
693 2448 817 2472 16—19.
838 2450 879 2473 2²3.
900 2450 968 2482 τημῆ
986 2451 1072 2479 (Εᾱίίί.
1095 2452 1134 2475 18.

226 2484 265 2507 19.
286 2483 326 2506 23.
347 2483 424 2515 τιμῇ)
444 2482 547 2506 ἑαυιιῦν
566 2479 674 2515 (ἷκρισίᾳ
697 2483 753 2514 (Ed.
775 2483 814 2508 16.
835 2480 961 2516 ἀκρισία),

156 2536 201 2566 25)
221 2541 248 2560 re
267 2535 347 2560 abest
363 2536 398 2561 ab
417 2535 489 2560 Editt.
512 2534 619 2559 16—19.
640 2535 689 2561 23..
708 2535 761 2561 Der.
787 2536 810 2557 1.

156 2586 201 2617 26)
220 2586 339 2618 disponit]
361 2587 404 2612 Ed.
428 2586 465 2610 16.
485 2587 602 2617 disponat

606 119 629 150 1.
652 118 754 152 LOCI
776 118 1053 152 THEOLOGICI:
1086 120 1129 152 D.
1153 120 1313 153 TERTIA
1336 122 1493 154 EORUM
1517 122 1673 155 AETAS.

2071 125 2153 157 1094

1175 221 1289 257 tegra,
1324 222 1359 247 ut
1386 222 1547 257 perpetua
1580 219 1706 248 sanitas
1730 218 1881 259 corporis
1905 224 1936 249 et
1959 217 2043 250 aliae
2066 229 2153 251 com-

1175 259 1360 290 moditates.
1392 259 1482 291 Talis
1505 261 1609 301 potuit
1632 271 1708 291 esse
1732 262 1764 291 in
1788 266 1906 292 natura
1923 262 2054 303 integra
2067 273 2154 294 com-

1175 302 1297 339 n1uni0,
1321 312 1382 333 nec
1404 308 1512 334 tamen
1531 302 1649 335 fuisset
1672 304 1850 344 praecepti.

1263 343 1557 377 CONTRACTUS
1588 352 1639 377 est
1662 352 1772 377 mutua
1796 351 1827 377 et
1849 345 1991 377 honesta
2015 357 2154 378 consen-

1177 386 1226 417 sio
1250 387 1388 419 duorum
1411 387 1464 419 vel
1486 387 1628 429 plurium
1653 391 1692 420 de
1716 400 1750 420 re
1773 389 1884 430 aliqua
1900 388 2044 431 legitimo
2057 390 2155 420 modo

1180 428 1420 468 transferendas,
1444 430 1498 462 vel
1521 432 1630 472 quoad
1654 433 1831 463 dominium
1853 431 1907 463 vel
1930 433 2038 473 quoad
2062 443 2155 464 usum

1180 472 1233 503 vel
1267 474 1376 514 quoad
1410 473 1643 515 obligationem
1678 474 1831 506 divinitus
1874 476 2039 513 ordinata,
2069 476 2155 516 quia,

1182 526 1255 546 cum
1278 516 1399 557 singuli
1421 518 1588 558 indigeant.
1615 518 1727 555 rebus,
1752 528 1835 558 quas
1858 519 1921 558 ipsi
1944 529 2010 549 non
2022 517 2154 555 habent,

1181 558 1252 589 vult
1263 558 1355 590 Deus
1379 566 1512 590 servata
1534 559 1732 600 aequalitate
1755 559 1907 601 legitimis
1932 562 2156 592 contractibus

1183 607 1215 631 et
1239 603 1529 633 comnumicatione
1551 602 1697 644 legitima
1720 604 1819 634 vitam
1841 603 2005 634 hominum
2025 602 2156 644 copula-

1179 650 1243 674 tam
1267 654 1361 682 esse,
1395 651 1431 676 ut
1459 644 1680 686 intelligamus
1703 646 1856 676 iustitiam
1879 656 1955 677 esse
1978 645 2156 687 aequalita-

1178 692 1244 717 tem
1279 693 1311 717 et
1345 688 1490 719 sciamus
1520 689 1625 729 ipsum
1660 687 1832 729 aequalem
1867 699 1954 720 esse.
2006 689 2048 720 Et
2082 694 2158 720 sunt

1181 735 1371 761 contractus
1407 730 1590 762 confirmati
1624 731 1761 762 Levitici
1798 730 1846 761 19.
1884 735 1946 769 [vs.
1970 731 2035 770 35.]
2082 732 2158 763 Non

1180 771 1277 803 facite
1301 772 1565 814 inaequalitatem
1588 774 1620 804 in
1642 774 1773 812 iudicio,
1797 774 1829 804 in
1853 773 1967 815 regula
1991 780 2051 805 etc.
2067 776 2113 813 27)

1266 815 1402 846 EMTw
1433 823 1484 847 est
1518 822 1725 855 contractus,
1768 827 1832 858 quo
1867 827 1920 847 res
1960 816 2158 848 transfertur

1182 859 1291 899 quoad
1325 860 1499 890 dominium
1523 870 1583 899 pro
1602 860 1689 890 iusto
1712 860 1833 900 pretio,
1867 870 1930 891 uec
1953 861 2070 891 retinet
2094 871 2157 891 em-

1181 907 1233 931 tor
1267 902 1317 932 ius
1352 902 1539 933 retrahendi
1561 904 1665 942 pretii.
1711 902 1752 933 Et
1774 903 1982 934 nominantur
2005 904 2157 934 substan-

1181 942 1270 974 tialia
1305 946 1455 975 emtionis
1489 955 1592 983 merx,
1628 946 1767 986 pretium
1791 951 1822 976 et
1846 955 2031 977 consensus
2058 953 2159 977 emto-

1180 987 1226 1017 ris
1247 992 1278 1017 et
1301 988 1492 1019 venditoris.

1268 1029 1453 1061 MUTUAT
1457 1031 1500 1061 10
1525 1037 1577 1062 est
1602 1036 1803 1069 contractus,
1817 1042 1881 1073 quo
1894 1031 2158 1073 transtertiu·pe-

1183 1073 1277 1104 cunia
1301 1084 1361 1104 seu
1383 1073 1581 1104 frumentuln
1605 1084 1666 1105 seu
1689 1073 1753 1105 alia
1773 1084 1826 1105 res
1849 1073 1948 1113 utilis,
1973 1075 2066 1106 cuius
2077 1085 2159 1106 usus

1182 1122 1233 1146 est
1268 1117 1464 1154 consumtio,
1501 1127 1574 1147 cum
1597 1116 1661 1147 hac
1683 1116 1895 1159 obligatione,
1913 1123 1947 1148 ut
1970 1118 2159 1149 tantundem

1181 1164 1257 1199 post
1280 1165 1405 1189 certum
1427 1164 1554 1200 tempus
1578 1160 1750 1197 reddatur,
1787 1166 1818 1191 et
1847 1161 1929 1191 (lans
1953 1166 2066 1191 mutuo
2085 1161 2159 1191 reti-

1182 1207 1237 1232 net
1260 1203 1310 1232 ius
1335 1203 1526 1232 tantundem
1548 1203 1691 1242 petendi,
1715 1209 1869 1243 quantum
1891 1209 2004 1234 mutuo
2029 1203 2126 1234 dedit.

1268 1244 1419 1275 USURA
1443 1250 1493 1275 est
1516 1244 1656 1281 lucrum,
1681 1246 1769 1286 quod
1782 1247 2160 1286 proptermutuationem

1182 1287 1311 1326 petitur.
1356 1287 1525 1326 Expresse
1559 1293 1666 1318 autem
1689 1287 1854 1328 prohibita
1888 1294 1939 1320 est
1961 1298 2082 1320 usurae
2105 1300 2159 1330 pe-

1182 1331 1249 1360 titio
1273 1329 1378 1360 Levit.
1403 1330 1455 1360 35.
1471 1331 1516 1370 ²⁶)
1553 1336 1585 1360 et
1609 1330 1790 1361 Deuteron.
1821 1331 1873 1362 23.
1919 1331 1960 1362 Et
1998 1332 2030 1362 in
2052 1331 2160 1363 Evan-

1182 1371 1267 1413 gelio
1292 1373 1410 1403 dicitur
1434 1372 1528 1409 [Luc.
1552 1373 1583 1410 6,
1607 1372 1689 1411 35.]:
1713 1373 1861 1405 Mutuum
1886 1375 1961 1405 date
1984 1374 2063 1405 nihil
2086 1376 2160 1406 inde

1182 1421 1366 1455 sperantes.
1423 1415 1464 1445 Et
1508 1422 1655 1457 pugnant
1689 1426 1810 1448 usurae
1845 1428 1918 1447 cum
1951 1416 2159 1458 aequalitate.

1180 1458 1285 1489 Nemo
1320 1458 1417 1488 debet
1451 1457 1574 1489 lucrari
1609 1469 1649 1489 ex
1672 1458 1792 1490 alieno.
1837 1460 2015 1500 Accipiens
2038 1471 2159 1492 usuras

1180 1500 1328 1532 lucratur
1351 1501 1391 1531 de
1415 1499 1533 1539 alieno,
1546 1502 1621 1542 quia
1633 1504 1791 1533 mutuatio
1804 1502 1971 1534 transtulit
1984 1504 2159 1534 dominium

1181 1550 1212 1574 et
1236 1545 1365 1585 quidem
1388 1545 1435 1575 rei
1460 1555 1525 1575 non
1549 1555 1609 1575 sua
1632 1550 1748 1576 natura
1760 1544 2055 1587 fructificantisstss)
2085 1547 2158 1577 Non

1181 1592 1232 1617 est
1261 1588 1357 1628 igitur
1386 1588 1505 1618 iustum
1527 1586 1672 1625 lucrum,
1707 1587 1758 1618 Ac
1781 1599 1836 1619 res
1861 1590 2004 1620 ostendit
2025 1596 2160 1631 propter

1180 1629 1267 1661 hanc
1302 1629 1564 1671 inaequalitatem
1595 1631 1759 1662 exhauriri
1782 1642 1932 1673 magnam
1955 1638 2079 1673 partem
2102 1632 2159 1663 ho-

1180 1674 1313 1711 minum,
1343 1683 1480 1714 eamque
1514 1675 1556 1704 ob
1593 1684 1747 1705 caussam
1780 1685 1881 1716 saepe
1914 1676 2092 1706 seditiones
2126 1677 2159 1707 in

1180 1716 1324 1756 imperiis
1348 1722 1439 1747 ortas
1465 1726 1551 1747 esse.
1597 1716 1725 1748 Ethnici
1750 1724 1869 1755 tamen,
1903 1723 1938 1748 ut
1962 1719 2078 1750 modus
2102 1718 2159 1750 ali-

1181 1760 1254 1800 quis
1278 1765 1385 1797 esset,
1414 1759 1524 1801 legem
1555 1760 1771 1791 condiderunt.
1794 1761 1834 1791 de
1858 1760 2056 1792 Centesima.
2102 1761 2158 1792 Di-

1181 1803 1264 1832 citur
1298 1808 1406 1833 autem
1430 1802 1618 1833 Centesima
1640 1813 1742 1834 usura
1766 1805 1946 1834 centesimo
1970 1815 2083 1835 mense
2105 1815 2158 1835 ae-

1181 1856 1285 1886 quans
1321 1851 1462 1883 sortem,
1502 1851 1536 1876 ut
1570 1847 1597 1877 si
1633 1847 1705 1887 quis
1739 1846 1879 1888 singulis
1914 1848 2084 1878 mensibus
2119 1848 2158 1878 ‹le

1181 1894 1311 1919 centum
1346 1889 1455 1919 aureis
1494 1888 1604 1920 solvat
1641 1900 1739 1920 unum
1773 1900 1917 1920 aureum.
1964 1890 2014 1921 Fit
2037 1891 2158 1921 mentio

1180 1932 1379 1962 centesimae
1402 1941 1524 1961 usurae
1547 1933 1578 1962 iu
1602 1931 1686 1963 libro
1710 1932 1837 1963 Esdrae
1862 1932 1961 1971 [libro
1981 1932 2159 1964 ILEsdrae

1179 1975 1198 2005 i.
1219 1985 1246 2005 e.
1260 1974 1345 2005 libro
1364 1973 1554 2014 Nehemiae]
1580 1976 1676 2016 capit.
1700 1976 1730 2006 5.
1757 1979 1819 2014 [vs.
1833 1975 1897 2014 ll.]
1923 1975 2071 2017 Cumque
2091 1975 2158 2006 soe-

1179 2024 1350 2048 neratores
1396 2018 1479 2048 duas
1525 2024 1579 2048 aut
1619 2024 1686 2049 tres
1720 2019 1918 2049 centesimas
1952 2018 2158 2059 postularint.

1178 2060 1249 2091 Lex
1274 2061 1314 2091 de
1339 2061 1519 2092 centesima
1542 2071 1643 2102 saepe
1666 2068 1826 2093 renovata
1849 2067 1910 2099 est,
1932 2067 1968 2092 ut
1986 2061 2158 2093 aLucullo

1179 2105 1211 2134 in
1235 2104 1334 2142 Asia,
1358 2114 1378 2134 a
1401 2102 1562 2134 Cicerone
1585 2105 1617 2135 in
1642 2103 1775 2142 Cilicia,
1810 2115 1829 2135 a
1853 2104 1932 2135 lulio
1956 2110 1988 2135 et
2005 2104 2158 2146 Angusto

1179 2148 1211 2177 in
1235 2153 1305 2178 toto
1330 2147 1478 2187 imperio.

1265 2189 1511 2221 INTEREssE
1536 2196 1587 2220 est
1596 2190 1751 2222 accidens
1765 2189 1903 2221 aliorum
1918 2196 2156 2225 contractuum,

1179 2239 1209 2263 et
1240 2238 1291 2264 est
1320 2233 1482 2264 honestae
1512 2234 1558 2263 rei
1588 2232 1765 2274 appellatio
1790 2244 1830 2264 ex
1853 2232 1992 2264 naturali
2015 2233 2158 2275 aequali-

1180 2281 1245 2307 tate
1268 2282 1394 2313 sumta,
1419 2277 1460 2306 de
1485 2286 1549 2316 qua
1573 2277 1705 2307 dicitur:
1751 2276 1856 2308 Nemo
1876 2275 2096 2318 locupletetur
2110 2278 2156 2315 30)

1179 2432 1225 2463 27)
1246 2435 1293 2457 etc.
1314 2433 1394 2458 abest
1413 2433 1447 2459 ab
1467 2433 1537 2459 Editt.
1559 2433 1667 2457 16019.
1688 2434 1798 2458 22-24,
1818 2433 1938 2463 ’,Ὧι-31,
1956 2433 2009 2458 Des.
2032 2434 2051 2455 l.

1179 2485 1224 2515 28>
1243 2484 1295 2515 35.]
1317 2484 1388 2510 Ειιηι.
1411 2485 1517 2510 17-19.
1538 2485 1595 2510 23.:
1614 2487 1654 2510 ⁴25.

1179 2535 1225 2565 29)
1245 2534 1432 2567 fructificantis]
1452 2536 1494 2561 Ed.
1518 2536 1556 2561 16.
1578 2537 1747 2563 fructificandi

1179 2588 1224 2619 30)
1245 2587 1423 2620 locupletetur]
1445 2588 1486 2615 Ed.
1508 2589 1556 2618 16.,
1575 2590 1629 2615 Des.
1651 2591 1671 2613 1.
1692 2590 1834 2620 locupletur

1955 2640 2000 2664 69⁸
