2358 2933
265 146 321 176 727

264 241 332 270 tria.
381 239 469 269 111100
491 241 568 280 quia
590 250 655 270 non
679 249 816 281 possunt
849 252 915 272 non
938 241 1148 274 vehementer
1176 254 1231 274 an-

262 292 339 323 gere
363 282 499 313 animos.
523 283 618 312 toties
642 282 734 313 Deus
758 284 851 314 nobis
877 286 1044 325 praecipit,
1067 292 1101 317 ut
1125 285 1232 316 Evan-

263 323 381 366 gelinm
412 321 651 362 anteferamus,
685 332 714 356 et
743 335 803 355 nos
835 325 1042 364 consolatur,
1075 329 1230 368 promittit

262 365 411 397 :tuxilimn
435 373 464 395 et
489 367 641 405 praemia.
687 367 743 397 Sit·
763 367 860 398 Deut-
885 368 1024 406 33.1vs.
1046 370 1091 407 84
1122 371 1153 400 in
1178 371 1231 400 be-

262 408 443 438 nedictione
458 407 622 439 Leviticae
645 410 748 439 tribus
771 411 956 441 nominatim
980 411 1042 441 hoc
1066 413 1093 442 ei
1116 421 1231 443 munus

262 451 455 480 attribuitur.
470 451 515 479 ¹³⁸)
539 456 570 480 nt
592 451 773 482 doctrinam
791 462 903 482 veram
922 454 1038 490 tradat,
1064 460 1095 484 et
1108 454 1230 484 addun—
1251 459 1253 464 ‘

263 500 312 523 tur
336 493 512 522 cont-iones
537 493 577 522 de
600 492 753 533 periculis
777 500 806 524 et
830 496 1077 535 promissiones.
1118 495 1230 527 Verba

262 535 342 564 haec
367 540 452 569 sunt,
477 534 516 564 ad
531 534 608 564 Levi
629 546 775 576 quoque:
800 536 889 567 Haec
912 543 961 568 est
980 544 1034 568 tua
1057 537 1121 575 lex,
1147 547 1230 579 quae

262 577 335 606 data
360 583 409 606 cst
433 577 504 606 viro
528 584 645 607 sancto
669 584 737 615 tuo,
761 589 857 619 quem
880 580 1026 619 probasti
1050 580 1081 610 in
1104 579 1228 611 Massa.

262 618 350 649 11301·
375 619 474 658 prima
499 628 577 659 pars
601 624 661 657 est,
684 621 715 650 in
732 631 796 661 qua
808 620 973 653 Leviticae
997 620 1136 653 saiiiiliae
1161 632 1229 653 cer-

263 669 327 691 tum
362 670 466 701 genus
499 662 668 692 doctrinae
703 664 924 701 commendat,
958 670 989 695 et
1023 670 1111 695 vetat
1143 663 1229 695 aliud

261 704 508 743 supposititium
531 704 659 734 docere.
706 704 832 742 Habes,
862 706 980 746 inquit,
1002 705 1108 747 legem
1132 707 1228 737 tradi·

262 753 326 775 tam
350 745 420 785 Mo)
430 747 474 781 si,
505 745 589 776 hanc
613 756 693 786 pure
716 748 852 778 doceas.
877 758 937 777 nec
960 747 1100 789 affingas
1123 757 1228 779 novas

261 788 430 827 opiniones
466 795 494 817 et
526 797 630 818 novos
657 788 773 819 cultus.
820 789 947 820 Deinde
979 793 1040 827 [vs.
1065 790 1108 827 9.]
1140 790 1228 820 addit

261 834 470 869 praeceptum
505 830 545 859 de
576 831 761 861 constantia
791 832 822 861 in
846 831 1019 871 periculis:
1055 833 1118 866 Qui
1152 832 1229 861 dicit

261 872 342 911 patri
368 881 428 901 sno
452 878 481 901 et
506 873 598 902 matri
621 883 717 908 snae;
752 873 874 904 Nescio
901 883 981 911 vos,
1011 880 1041 904 et
1072 872 1227 904 fratribus

261 915 340 950 suis,
364 913 482 954 lgnoro
506 912 592 951 illos,
616 921 646 944 et
665 916 813 946 nesciunt
839 914 923 946 filios
941 925 1037 946 suos:
1061 915 1094 945 hi
1117 922 1228 946 custo-

262 956 348 986 diunt
383 955 546 996 eloquium
581 962 684 993 tuum,
719 963 749 987 et
777 964 907 997 pactum
930 964 1019 989 tuum
1043 963 1175 988 servant
1197 964 1229 988 et

262 998 378 1028 iudicia
401 1004 466 1034 tua,
489 1007 508 1027 o
533 998 641 1036 lacob,
665 1004 695 1029 et
720 998 827 1040 legem
850 1006 947 1037 tuam,
971 1010 990 1030 o
1014 999 1125 1030 lsrael.
1166 999 1228 1030 Po-

263 1046 337 1070 nent
358 1039 532 1080 thymiama
555 1041 587 1071 in
611 1040 720 1072 furore
744 1048 799 1072 tuo
825 1048 855 1072 et
877 1041 1106 1073 holocaustum
1130 1052 1229 1082 super

261 1082 364 1112 altare
394 1088 490 1112 tuum.
537 1082 625 1113 Haec
650 1090 699 1113 est
723 1084 868 1115 secunda
890 1094 984 1124 pars,
1015 1094 1098 1125 quae
1120 1090 1229 1115 monet

262 1125 450 1154 doctoribus
478 1125 621 1164 ingentia
655 1127 852 1163 certamina,
885 1125 1050 1166 pericula,
1091 1127 1164 1157 odia
1199 1132 1229 1156 et

261 1165 421 1207 supplicia
445 1167 613 1197 subeunda
636 1177 709 1197 esse
732 1169 762 1198 in
785 1170 1048 1210 propugnatione
1075 1170 1149 1209 piae
1173 1169 1229 1199 do-

263 1209 395 1239 ctrinae.
447 1207 538 1239 Dura
569 1216 644 1240 sunt
672 1209 754 1240 haec
783 1210 933 1250 profecto
958 1212 1067 1241 dicere
1089 1211 1229 1251 parenti-

263 1253 332 1284 bus,
356 1251 491 1290 patriae,
516 1249 638 1288 liberis,
662 1252 782 1282 Nescio
806 1263 878 1290 vos,
900 1253 1001 1283 videri
1024 1252 1154 1283 hostem
1173 1263 1228 1293 pa-

260 1294 357 1324 triae.
393 1291 500 1323 fat-em
533 1294 741 1324 dissidiorum
775 1301 836 1325 etc.
887 1294 954 1325 Sed
985 1295 1167 1335 Prophetas
1198 1300 1229 1325 et

263 1333 442 1375 Apostolos
466 1335 613 1366 videmus
644 1336 758 1366 iisdem
784 1338 939 1367 conviciis
963 1344 1116 1368 oneratos
1141 1346 1227 1367 esse.

262 1378 403 1418 Ideoque
438 1387 478 1407 ne
502 1376 690 1418 frangamur
712 1379 842 1415 animis,
877 1380 1004 1410 additur
1036 1380 1227 1420 promissio:

264 1420 417 1456 Benedic,
440 1419 590 1456 Domine,
613 1418 789 1451 fortitudini
809 1422 878 1451 eius
903 1427 933 1451 et
956 1431 1056 1461 opera
1079 1431 1229 1452 manuum

262 1463 332 1492 eius
356 1462 500 1502 suscipe,
523 1469 658 1501 percute
681 1463 781 1493 dorsa
802 1463 1004 1494 inimicorum
1027 1464 1108 1500 eius,
1132 1463 1229 1503 etqui

262 1505 397 1534 odemnt
435 1514 521 1540 eum,
556 1514 620 1534 non
645 1511 859 1546 consurgant,
889 1505 921 1535 id
944 1511 1005 1542 est,
1038 1505 1157 1535 adiuva
1169 1506 1228 1545 ²⁴),

264 1546 364 1583 Deus,
388 1552 477 1576 recte
496 1546 666 1584 docentes,
690 1547 731 1577 sit
756 1548 967 1577 ministerium
991 1545 1110 1577 efficax
1135 1553 1166 1577 et
1179 1557 1230 1577 sa-

262 1587 376 1620 lutare.
403 1595 433 1618 et
456 1589 594 1628 reprime
618 1590 734 1629 impios
759 1589 911 1620 doctores
934 1596 966 1619 et
988 1595 1156 1630 tyrannos.
1181 1588 1230 1618 Ex

262 1630 324 1661 hoc
358 1630 444 1660 dicto
473 1629 581 1671 Moysi
613 1632 715 1662 verba
745 1630 868 1662 Christi
898 1637 1026 1672 sumpta
1055 1636 1139 1662 sunt.
1191 1630 1231 1661 Et

262 1679 397 1712 uterque
421 1673 460 1702 de
483 1673 633 1703 maximis
657 1674 755 1704 rebus
780 1675 1004 1710 concionatur,
1027 1679 1063 1704 ut
1085 1673 1229 1714 prudens

263 1714 364 1745 lector
392 1712 488 1744 facile
516 1715 659 1746 iudicare
687 1722 806 1756 potest.
858 1716 971 1751 Quare
993 1715 1056 1746 hae
1076 1716 1230 1757 gravissi-

263 1767 334 1786 mae
365 1757 544 1787 sententiae
571 1767 637 1788 non
666 1764 740 1788 sunt
763 1758 804 1789 ad
833 1759 1029 1788 vanissimas
1044 1759 1090 1798 ²⁵)
1117 1757 1230 1788 Mona-

264 1798 400 1829 chorum
434 1800 684 1839 superstitiones
718 1801 971 1841 detorquendae.
1022 1799 1063 1830 Et
1094 1800 1230 1830 recitavi

263 1840 344 1871 haec
368 1842 463 1877 dicta,
487 1846 521 1871 ut
543 1842 604 1881 piis
629 1841 839 1873 scholasticis
875 1843 939 1873 sint
972 1843 1005 1872 in
1040 1847 1230 1882 conspectu,

263 1893 400 1923 quorum
424 1881 513 1913 inulti
537 1883 767 1915 conflictantur
789 1885 887 1915 variis
911 1885 1074 1915 aermnnis
1096 1889 1231 1925 propter

263 1925 403 1955 studium
426 1935 526 1955 verae
549 1926 728 1957 doctrinae.
773 1926 812 1957 Hi
835 1925 952 1957 talibus
976 1937 1013 1957 se
1037 1927 1130 1957 dictis
1154 1935 1230 1956 con-

265 1968 402 2004 firment,
421 1969 514 2001 ne2⁶)
533 1968 685 1999 deserant
697 1975 787 1999 recta
799 1969 925 2005 studia;
943 1970 1114 2009 sciantque
1124 1968 1231 1999 Deum

265 2008 494 2049 opitulaturum
511 2019 598 2047 esse,
615 2017 649 2041 ut
667 2010 818 2042 Christus
838 2011 939 2051 inquit
960 2010 1089 2049 matth.
1103 2011 1134 2047 6,
1148 2010 1230 2048 3341:

266 2050 406 2082 Primum
429 2053 574 2093 quaerite
598 2062 733 2093 regnum
757 2052 831 2089 Dei,
855 2059 885 2083 et
910 2059 1019 2083 cetera
1041 2053 1232 2083 adiicientur

266 2093 370 2123 vobis.
416 2093 456 2123 Et
483 2093 604 2124 Psalm.
628 2095 680 2126 83.
695 2096 742 2134 27)
767 2098 829 2131 [vs.
858 2095 921 2133 ll.]
965 2094 1060 2136 Elegi
1083 2096 1230 2126 abiectus

265 2145 339 2165 esse
369 2136 400 2165 in
428 2136 525 2166 domo
554 2136 616 2166 Dei
646 2137 719 2167 mei.
765 2137 826 2167 les.
857 2137 908 2167 30.
944 2140 1006 2175 [vs.
1030 2137 1095 2175 20.]
1131 2137 1231 2168 Dabit

267 2178 358 2207 vobis
390 2176 549 2208 Dominus
578 2179 608 2208 in
638 2177 844 2210 tribulatione
871 2190 988 2220 panem
1016 2184 1048 2209 et
1074 2179 1107 2209 in
1131 2189 1232 2220 angu-

267 2332 310 2357 ’.κη
331 2330 492 2358 attribuunt]
511 2331 582 2355 Editt.
602 2333 623 2354 1.
644 2333 666 2355 3.
687 2333 803 2357 tribuitur

267 2381 311 2403 241
331 2379 441 2408 adiuva]
461 2380 531 2405 mitt„
553 2383 625 2405 1—4.
646 2382 720 2406 6-9,
743 2385 780 2406 12.
801 2384 900 2408 adiuvat

267 2430 311 2458 251)
332 2430 494 2460 vanissimas]
514 2432 554 2455 Ed.
576 2433 615 2454 22.
636 2435 799 2461 gravissimas

268 2481 311 2507 2⁴3)
329 2482 370 2512 ne]
393 2482 427 2505 sic
445 2482 516 2505 Editt.
536 2482 576 2504 20.
597 2483 646 2507 25..
672 2484 742 2513 corp.
764 2486 852 2510 1—8.;
875 2489 973 2509 ceterae
993 2486 1063 2509 Editt.
1085 2489 1109 2508 et
1131 2485 1188 2514 opp.
1211 2484 1230 2505 1.
1253 2480 1255 2516 Ι

336 2517 356 2536 2.
376 2521 422 2539 nec

269 2565 311 2594 ετ)
334 2565 384 2595 sm]
406 2566 447 2590 Ed.
468 2568 506 2588 212.
527 2570 574 2595 ιη).
595 2572 694 2591 errore:
713 2567 752 2591 3³.

861 149 971 180 PHlL.
994 149 1095 181 MEL.
1117 149 1301 182 SCRIPTA
1324 151 1595 184 DOGMATch.

2180 156 2242 188 728

1275 244 1364 275 Haec
1387 250 1437 275 est
1460 246 1530 283 via,
1558 243 1722 277 ambulate
1743 247 1775 277 in
1799 256 1855 285 ea,
1888 257 1950 278 nec
1973 247 2142 280 declinetis
2176 256 2237 280 etc.

1273 286 1407 318 Talibus
1431 296 1492 318 nos
1516 289 1685 319 sententiis
1699 289 1744 329 2⁴³)
1768 288 1993 321 confirmemus
2018 296 2050 322 et
2071 290 2145 322 Deo
2171 300 2239 322 ser-

1274 329 1398 360 viamus
1420 331 1452 360 in
1465 331 1700 371 propagatione
1717 340 1816 361 verae
1829 331 1995 363 doctrinae
2008 338 2040 364 et
2052 342 2238 371 caveamus,

1274 380 1314 401 ne
1337 381 1407 402 eam
1431 373 1554 402 nostris
1577 371 1742 403 scandalis
1765 371 1993 405 deformemus.

1358 412 1470 443 Altera
1501 419 1552 444 est
1581 415 1722 445 desertio
1752 413 1941 446 facultatum
1963 416 2034 446 sine
2056 417 2238 455 vocatione,

1274 461 1304 485 et
1327 456 1456 496 quidem
1479 457 1719 495 superstitiosa,
1743 467 1816 487 cum
1830 456 1873 487 fin
1900 464 1967 495 unt,
1989 464 2099 489 votum
2111 463 2142 489 et
2153 468 2239 489 men-

1274 497 1439 528 dicitatem
1467 507 1542 528 esse
1571 497 1690 529 cultum
1714 497 1784 529 Dei.
1834 498 1881 529 Ta
1897 500 1924 529 's
1951 500 2092 530 desertio
2120 510 2240 541 nequa-

1274 549 1369 579 quam
1392 538 1558 577 landatur,
1586 541 1650 571 imo
1674 546 1807 581 propter
1835 550 1874 571 su
1898 542 2094 572 erstitiosam
2117 542 2239 582 opinio-

1272 590 1347 611 nem
1370 587 1419 611 est
1444 580 1570 613 ethnica
1586 583 1744 623 impietas,
1767 583 1855 613 imita
1872 581 1950 613 ilud
1975 582 2101 620 lMatth.
2116 583 2167 621 15,
2178 583 2239 622 9.]:

1275 623 1408 654 Frustra
1432 622 1543 654 colunt
1565 634 1616 655 me
1640 625 1800 655 mandatis
1823 623 1986 656 hominum
2009 630 2071 655 etc.

1605 708 1664 739 DE
1687 708 1939 741 CASTITATE.

1357 790 1498 821 Mirabili
1522 791 1659 822 consilio
1670 791 1762 823 Deus
1780 793 1917 824 instituit
1940 793 2183 835 generationem
2206 794 2239 824 in

1271 839 1387 863 natura
1421 833 1578 870 lmmana,
1612 839 1643 864 et
1677 840 1766 865 certa
1798 833 1872 876 lege
1907 835 2091 875 coniugium
2119 836 2238 872 sanxit,

1273 873 1354 904 Gen.
1378 874 1408 904 2.
1433 878 1497 913 [vs.
1522 875 1597 914 24.].
1628 875 1678 906 Ac
1700 886 1787 907 nunc
1810 881 1885 916 post
1907 875 2033 917 lapsum
2055 876 2148 907 Adae
2171 875 2239 908 wilt

1271 915 1419 946 homines
1444 918 1595 958 coniugio
1618 918 1664 948 uti
1685 924 1819 958 propter
1841 919 1920 949 duas
1940 927 2089 956 caussas,
2106 920 2240 959 propter

1273 959 1516 998 generationem
1539 965 1569 989 et
1592 960 1633 990 ad
1655 960 1805 990 vitandas
1827 970 1930 1000 vagas
1952 958 2119 996 libidines;
2148 959 2240 997 Sicut

1273 999 1395 1031 Paulus
1418 1002 1519 1041 inquit
1543 1001 1586 1037 [1.
1610 1000 1686 1032 Cor.
1710 1002 1740 1039 7,
1762 1002 1827 1040 2.]:
1851 1002 2012 1033 Vitandae
2030 1002 2240 1033 scortationis

1273 1052 1393 1073 caussa
1427 1044 1650 1084 unusquisque
1683 1043 1801 1075 habeat
1835 1053 1969 1074 uxorem
1998 1053 2101 1075 suam.
2146 1043 2239 1075 Hanc

1275 1095 1366 1114 suam
1391 1086 1626 1116 ordinationem
1650 1085 1741 1116 Deus
1764 1086 1844 1116 tanti
1866 1084 1955 1122 facit,
1977 1091 2013 1116 ut
2032 1086 2239 1117 severissime

1272 1125 1473 1167 prohibuerit
1497 1133 1589 1158 extra
1611 1129 1796 1169 coniugium
1819 1137 1931 1158 omnes
1953 1128 2090 1158 ardores
2109 1133 2142 1158 et
2153 1137 2240 1159 com-

1273 1169 1448 1199 mixtiones
1461 1179 1582 1210 easque
1601 1170 1794 1211 gravissime
1812 1170 1935 1210 puniat,
1954 1175 1989 1200 ut
1998 1168 2098 1200 multa
2110 1169 2196 1200 dicta
2209 1175 2242 1200 et

1276 1210 1426 1250 exempla
1442 1217 1615 1243 testantur.
1634 1212 1687 1242 Ad
1696 1214 1740 1251 29)
1749 1211 1848 1242 Hebr.
1857 1210 1969 1242 ultimo
1983 1210 2048 1249 [13,
2056 1211 2116 1250 4.]:
2126 1210 2241 1242 ›Forni-

1273 1259 1403 1283 catores
1416 1258 1448 1283 et
1460 1253 1926 1284 addulterosiudicabitDeus.
1942 1253 1969 1283 1.
1980 1252 2053 1284 Cor.
2061 1252 2092 1284 6.
2105 1252 2241 1293 [vs-*9·.]:

1272 1295 1322 1325 Ne
1337 1295 1703 1332 errate,Fornicatores,
1717 1293 1922 1332 idololatrae,
1935 1294 2073 1325 adulteri
2087 1303 2153 1325 non
2166 1300 2241 1336 pos·

1274 1337 1424 1367 sidebunt
1438 1347 1573 1378 regnum
1587 1337 1668 1373 Dei,
1691 1337 1805 1378 Fugite
1829 1338 2074 1367 scortationem.
2103 1336 2240 1377 Ephs5.

1275 1381 1338 1417 [VS.
1353 1379 1396 1416 6.]
1411 1379 1513 1410 Nemo
1527 1389 1588 1410 vos
1603 1380 1743 1419 decipiat
1759 1379 1851 1409 vanis
1865 1380 2072 1409 sermonibus
2083 1389 2091 1415 3
2103 1377 2243 1419 Propter

1273 1420 1356 1450 haec
1375 1421 1460 1450 eniin
1476 1422 1564 1451 venit
1576 1422 1623 1451 ira
1636 1420 1698 1451 Dei
1718 1430 1818 1460 super
1832 1426 2053 1451 contumaces.
2086 1420 2115 1450 1.
2125 1419 2241 1451 Thess,

1274 1462 1302 1492 4.
1329 1465 1390 1499 [vs.
1415 1462 1460 1501 3.]
1505 1462 1594 1493 Haec
1617 1468 1668 1493 est
1690 1461 1842 1493 voluntas
1854 1461 1927 1499 Dei,
1951 1461 2167 1493 sanctificatio
2188 1471 2242 1493 ve-

1275 1505 1345 1541 stri,
1379 1510 1414 1535 ut
1447 1505 1637 1535 abstineatis
1672 1515 1692 1534 a
1722 1505 1940 1541 scortatione,
1971 1509 2003 1534 et
2030 1505 2116 1534 sciat
2142 1513 2241 1535 unus-

1274 1547 1412 1587 quisque
1443 1552 1587 1578 vestrum
1608 1546 1782 1587 possidere
1803 1555 1863 1576 vas
1886 1556 1980 1576 suum
2002 1546 2035 1576 in
2058 1545 2242 1577 sanctifica-

1274 1590 1362 1619 tione
1385 1594 1415 1619 et
1438 1588 1574 1626 honore,
1598 1599 1663 1619 non
1686 1589 1718 1618 in
1741 1587 1860 1619 affectu
1880 1587 2033 1625 libidinis,
2058 1588 2140 1619 sicut
2163 1597 2242 1629 gen-

1274 1637 1335 1661 tes.
1370 1630 1468 1661 Hebr.
1494 1631 1543 1661 12.
1569 1634 1632 1668 [vs.
1654 1630 1716 1668 14.]
1741 1631 1916 1661 Sectamini
1939 1629 2242 1667 sanctificationem,

1275 1674 1345 1703 sine
1368 1683 1432 1713 qua
1454 1683 1549 1704 nemo
1572 1673 1679 1704 Deum
1701 1673 1832 1703 videbit.
2083 1691 2086 1694 ‹

1359 1714 1516 1755 Exempla
1556 1725 1636 1746 vero
1680 1725 1859 1756 poenarum
1893 1716 1926 1745 in
1959 1715 2128 1755 scripturis
2153 1713 2242 1745 ‘haec

1276 1763 1361 1788 sunt.
1407 1757 1490 1787 Gen.
1514 1758 1544 1789 5.
1569 1757 1612 1795 [6,
1631 1757 1650 1786 2
1668 1760 1754 1798 sqq.]
1785 1758 1868 1788 inter
1899 1766 2037 1788 caussas
2060 1755 2172 1788 diluvii
2191 1766 2241 1786 re-

1275 1800 1414 1830 citantur
1446 1810 1552 1840 vagae
1585 1798 1747 1830 libidines.
1793 1798 1875 1830 Gen.
1908 1799 1957 1829 19.
1981 1797 2130 1829 delentur
2151 1798 2242 1839 quin-

1275 1851 1338 1882 que
1361 1842 1461 1872 urbes
1483 1847 1619 1882 propter
1642 1840 1932 1873 sceleratissimum
1945 1849 2050 1882 genus
2062 1839 2240 1871 libidinum.

1276 1884 1325 1914 Ac
1358 1883 1507 1923 profecto
1541 1884 1656 1915 mirum
1685 1889 1752 1921 est,
1787 1889 1911 1914 tantum
1933 1882 2036 1913 fuisse
2058 1892 2168 1913 earum
2187 1891 2243 1912 111·-

1275 1927 1361 1956 bium
1384 1925 1538 1964 furorem,
1561 1936 1634 1958 cum
1655 1924 1812 1956 haberent
1833 1925 1974 1955 vicinum
1999 1924 2091 1962 Sem,
2120 1924 2175 1965 qui
2197 1924 2243 1954 vi—

1276 1969 1367 1998 derat
1390 1966 1564 2004 diluviun13
1592 1968 1633 1998 Et
1654 1967 1742 1998 haud
1765 1967 1862 1997 dubie
1884 1967 2039 1998 assiduus
2062 1966 2244 2007 castigator

1275 2016 1307 2041 et
1330 2011 1542 2041 concionator
1563 2009 1626 2040 illis
1649 2008 1766 2040 fuerat.
1792 2009 1971 2039 Audierant
1994 2014 2026 2039 et
2048 2007 2134 2039 alios
2157 2017 2243 2038 sum-

1275 2062 1347 2082 mos
1382 2053 1470 2082 viros
1493 2051 1660 2083 Abraham
1694 2056 1724 2081 et
1747 2050 1844 2081 Loth.
1889 2050 1962 2081 Fuit
1985 2056 2017 2081 et
2039 2050 2176 2091 insignis
2197 2050 2243 2080 in-

1276 2095 1439 2136 gratitudo
1473 2104 1554 2136 erga
1578 2094 1700 2131 Deum,
1735 2094 1810 2133 quia
1842 2102 1908 2123 non
1929 2091 2131 2123 multoante
2153 2101 2243 2122 ever-

1276 2138 1411 2173 sionem,
1437 2147 1510 2167 cum
1533 2136 1647 2167 civitas
1670 2146 1689 2166 a
1707 2134 1883 2166 Chaldaeis
1906 2140 2004 2175 capta
2026 2140 2077 2165 est
2099 2140 2131 2166 et
2153 2135 2244 2165 cives

1275 2178 1417 2215 abducti,
1431 2178 1597 2209 Abraham
1621 2187 1680 2208 eos
1698 2176 1907 2214 liberaverat,
1929 2182 2046 2218 postea
2069 2176 2175 2207 securi
2197 2174 2243 2206 la-

267 2220 335 2249 51115
365 2229 498 2259 aquam,
529 2227 558 2251 et
590 2231 653 2251 non
677 2222 761 2251 sinet
784 2220 919 2252 avolare
942 2222 1109 2252 doctorem
1132 2227 1230 2252 tuum.
1251 2234 1254 2283 1
1276 2226 1393 2251 xarunt
1404 2221 1449 2261 3⁰)
1473 2219 1598 2251 frenum
1623 2220 1772 2250 omnibus
1796 2220 2035 2260 cupiditatibus.

1251 2286 1254 2307 1

1360 2262 1453 2293 Ν11111.
1466 2262 1574 2295 25³1)
1599 2265 1681 2300 [vss.
1697 2261 1727 2291 4.
1741 2261 1784 2299 9.]
1808 2266 1943 2301 propter
1964 2266 2078 2302 stupra
2099 2261 2138 2291 12
2156 2261 2243 2301 prin·

1252 2309 1254 2330 1

1252 2389 1254 2404 t
1277 2383 1321 2413 28)
1340 2388 1386 2407 nos
1405 2382 1549 2412 sententiis]
1576 2382 1647 2407 Editt.
1665 2382 1705 2404 22.
1726 2381 1764 2405 24.
1784 2379 1911 2410 28-34..
1939 2381 1998 2410 01³9·
2012 2381 2042 2405 ¹1.
2060 2381 2084 2403 2.
2109 2379 2242 2405 sententiis

1344 2422 1390 2441 nos

1253 2465 1255 2469 '
1277 2467 1322 2496 29)
1343 2466 1377 2491 Ad
1396 2466 1475 2491 abest
1492 2466 1527 2491 ab
1545 2465 1617 2490 Editt.
1637 2465 1708 2489 1-3,
1727 2464 1749 2489 6.
1768 2465 1791 2488 ’1,
1811 2465 1834 2487 9.
1858 2466 1893 2489 12.

1253 2518 1255 2547 Ι
1277 2517 1322 2545 30)
1342 2516 1470 2547 taxarunt]
1489 2516 1561 2541 Editt.
1581 2517 1619 2540 22.
1638 2517 1678 2538 24.
1698 2515 1814 2540 28—34..
1833 2515 1892 2545 opp.
1913 2516 1933 2537 l.
1954 2516 1976 2537 2.
1996 2515 2144 2540 laxaverunt

1254 2574 1257 2594 ;
1277 2568 1322 2597 31)
1342 2567 1392 2597 25]
1410 2567 1482 2592 Edita
1502 2567 1609 2589 2‘2-24.
1628 2567 1666 2590 28.
1686 2566 1745 2596 opp.
1768 2567 1788 2589 1.
1809 2566 1849 2589 2:
1872 2565 1922 2597 29.-
