2358 2933
163 105 245 137 1025

163 198 251 229 tatis.
296 195 424 227 Rursus
457 201 565 227 autem
599 195 741 226 munitur
769 193 901 235 publica
923 191 1140 233 tranquillitas

164 240 229 271 hac
251 239 411 275 doctrina,
434 238 524 279 quod
547 237 685 269 dicimus
707 242 844 277 propter
865 235 999 273 εὐταξίαν
1022 244 1080 265 005
1101 236 1141 265 ri-

164 289 235 320 tus,
269 282 323 322 qui
345 281 423 311 boni
447 280 570 310 ordinis
591 288 712 311 caussa
734 279 872 309 instituti
895 283 981 314 sunt,
1005 287 1142 308 servan-

165 325 226 355 dos
250 333 336 361 esse,
361 328 393 353 et
415 332 556 363 peccare
577 321 727 352 homines
746 319 943 362 petulanteS,
966 320 1020 360 qui
1036 319 1142 350 111Εο-

165 366 276 397 elesiis
305 366 487 396 emendatis
511 363 635 396 violant
658 361 744 394 tales
767 364 848 393 ritus
873 372 945 393 cum
971 361 1141 392 scandalo.

165 408 255 439 Haec
288 415 338 438 est
373 418 453 438 vera
475 408 684 438 traditionum
707 408 862 440 ἐπιείκειαἼ
897 414 981 445 quae
1001 410 1032 435 et
1055 403 1143 435 levat

167 451 388 481 conscientias
409 456 441 480 et
463 448 552 480 utilis
572 455 622 479 est
644 448 730 488 paci.
777 476 788 483 ,

251 491 363 534 Aliqui
390 491 541 522 homines
575 497 693 521 natura
725 488 785 520 feri
820 499 933 520 omnes
956 488 1050 530 leges
1073 495 1142 519 tan-

164 545 263 577 quam
298 544 466 566 carcerem
494 534 643 564 oderunt.
688 531 758 563 Hos
782 537 872 562 certe
895 532 1033 572 prodest,
1056 542 1143 562 com-

165 575 376 608 monefacere
409 577 449 607 de
473 585 594 607 caussa
616 575 739 615 legum,
768 573 894 605 scilicet
918 575 957 605 de
981 575 1069 605 bono
1093 585 1143 604 or-

165 620 257 657 dine,
287 626 321 651 et
343 618 528 656 adhortari,
549 623 585 648 ut
610 617 710 648 vitent
733 615 908 654 scandala,
938 627 1000 647 nec
1023 626 1060 647 se
1082 616 1143 646 sibi

166 668 302 699 tantum,
337 661 395 691 sed
419 661 515 691 etiam
538 659 624 697 aliis,
659 660 723 690 imo
745 658 920 690 Ecclesiae
942 658 1006 690 Dei
1031 659 1144 690 vivere

167 705 288 735 debere
312 704 430 734 sciant.

252 745 319 776 Alii
342 756 420 776 vero
445 744 566 786 placidi
590 750 707 775 natura
731 751 761 775 et
786 748 942 774 xonronxoz
966 754 1005 774 30
1028 742 1144 774 intelli-

166 795 283 830 gentes
307 798 344 818 se
367 788 409 818 ad
433 789 623 818 societatem
646 793 742 817 natos
756 797 843 824 esse,
856 787 919 817 imo
932 787 1145 827 praecipuum

167 842 252 872 opus
278 840 352 861 esse
377 829 531 861 conferre
555 830 697 860 studium
716 830 757 860 ad
778 830 951 860 iuvandam
976 835 1007 859 et
1031 827 1145 859 foven-

168 875 242 905 dam
264 871 460 910 Ecclesiam,
484 882 544 903 sua
568 878 685 912 sponte
708 872 868 903 honestos
888 878 919 902 et
943 870 1040 901 utiles
1064 871 1145 901 ritus

167 921 305 947 servant
325 921 358 945 et
381 916 481 946 vitant
505 913 683 951 scandala,
707 920 739 944 et
763 925 836 945 cum
855 915 962 944 sciant
986 913 1145 953 singulari

168 956 307 989 consilio
333 962 364 988 et
382 956 614 988 beneficioDei
637 956 790 997 publicos
815 966 1017 996 congressus
1030 954 1146 986 Eccle-

167 1001 239 1032 siae
261 1001 429 1031 institutos
445 1001 487 1039 ¹⁵)
507 1009 584 1030 esse
608 1005 639 1029 et
658 998 746 1029 velle
758 999 866 1029 Deum
890 998 976 1029 lianc
995 997 1146 1038 frequen-

169 1044 245 1074 tiam
271 1043 393 1078 ornari‚
417 1048 450 1072 ut
470 1047 564 1072 sonet
588 1040 719 1081 publice
737 1042 769 1071 in
792 1042 889 1072 terris
913 1051 977 1072 vox
995 1040 1146 1080 Evange-

169 1085 215 1122 lii,
239 1085 369 1116 student
394 1085 552 1121 ordinem,
577 1083 856 1124 tranquillitatem,
881 1084 1076 1124 gravitatem
1088 1082 1146 1112 ho-

169 1138 240 1159 rum
274 1137 514 1168 congressuum
548 1128 580 1157 in
613 1125 742 1166 templis
778 1132 809 1156 et
843 1127 875 1156 in
904 1124 1029 1156 scholis
1054 1125 1147 1160 tueri,

169 1171 366 1210 praesertim
390 1180 462 1199 cum
488 1169 567 1199 ordo
592 1179 692 1209 saepe
715 1170 757 1199 ad
780 1169 963 1199 docendam
978 1170 1019 1199 16)
1039 1167 1147 1197 rudio-

170 1223 240 1244 rem
264 1211 500 1243 multitudinem
525 1212 699 1241 conducat,
722 1217 757 1241 ut
775 1211 880 1241 series
905 1211 1029 1240 dierum
1048 1209 1147 1239 festo-

170 1266 240 1286 rum
275 1265 340 1285 non
375 1260 498 1284 temere
531 1254 680 1283 instituta
715 1258 774 1282 est.
820 1253 894 1282 Non
924 1253 1008 1282 euim
1033 1260 1147 1281 omnes

169 1297 327 1328 historiae
358 1306 421 1327 uno
456 1295 507 1325 die
541 1295 670 1325 recitari
695 1300 846 1334 possunt,
871 1295 930 1324 sed
961 1292 1057 1324 aliam
1075 1303 1148 1333 par-

170 1346 235 1370 tem
258 1337 322 1369 alio
345 1344 493 1378 tempore
518 1338 656 1377 proponi
680 1337 882 1367 commodius
906 1343 967 1367 est.
1013 1335 1052 1365 Et
1076 1345 1149 1365 cum

170 1381 355 1413 distributio
380 1387 562 1420 temporum
586 1380 739 1419 congruit
761 1389 835 1409 cum
858 1379 1049 1415 eventibus,
1083 1387 1148 1407 non

169 1422 278 1455 solum
301 1424 425 1463 gratior
449 1428 511 1459 est,
530 1423 589 1452 sed
613 1422 708 1459 etiam
732 1421 921 1452 memoriam
946 1421 1087 1451 adiuvat.

255 1465 327 1496 Nec
350 1470 475 1495 tantum
493 1463 643 1495 homines
667 1464 784 1494 seriem
808 1470 930 1494 certam
944 1464 1068 1493 dierum
1081 1472 1149 1492 ser-

170 1514 311 1544 varunt,
359 1508 417 1538 sed
451 1507 547 1537 etiam
579 1506 672 1537 Deus
705 1507 776 1546 ipse
810 1506 1014 1546 quorundam
1048 1503 1149 1535 festo-

169 1561 242 1582 rum
266 1551 412 1581 ordinem
437 1550 506 1580 suis
526 1549 680 1579 mirandis
704 1547 800 1579 factis
825 1549 857 1578 in
881 1549 984 1578 veteri
1007 1553 1038 1578 et
1061 1557 1148 1578 novo

169 1593 379 1624 Testamento
412 1593 534 1632 pariter
564 1592 719 1622 servarit.
767 1590 809 1621 Ut
834 1601 953 1632 agnum
978 1589 1080 1621 voluit
1104 1590 1149 1620 in—

170 1637 226 1667 itio
262 1636 349 1666 veris
384 1635 530 1672 mactari,
561 1635 605 1664 ita
629 1634 744 1664 eodem
767 1634 844 1663 anni
867 1638 1014 1673 tempore
1037 1632 1149 1664 Domi-

170 1688 232 1710 nus
266 1684 381 1709 noster
405 1677 496 1708 lesus
521 1676 672 1707 Christus
708 1676 885 1707 crucifixus
909 1681 959 1705 est
985 1682 1014 1705 et
1040 1685 1149 1706 resur-

171 1722 263 1752 rexit.
310 1720 351 1751 Ut
387 1719 658 1761 quinquagesimo
694 1719 745 1749 die
779 1724 856 1758 post
880 1718 999 1748 exitum
1023 1728 1064 1748 ex
1086 1718 1149 1748 Ae-

170 1770 271 1805 gypto
305 1761 515 1804 promulgata
539 1768 591 1792 est
613 1761 682 1791 Lex
701 1759 811 1791 manif.
825 1766 875 1791 sto
900 1761 1085 1791 testimonio
1109 1761 1149 1790 de

171 1811 281 1837 monte
304 1806 407 1842 Sinai,
430 1806 473 1835 ita
498 1805 770 1845 quinquagesimo
795 1804 846 1833 die
865 1814 883 1833 3
903 1803 1071 1834 Paschate
1095 1803 1150 1833 da-

170 1855 223 1879 tus
247 1855 297 1879 est
321 1846 496 1878 manifesto
520 1847 706 1877 testimonio
731 1846 872 1885 Spiritus
895 1852 1041 1876 sanetus.

255 1891 351 1922 Nunc
373 1891 482 1931 agitur
504 1899 610 1920 annus
634 1900 652 1919 a
676 1888 777 1919 natali
801 1888 978 1925 Christiff)
1005 1888 1148 1928 1544.¹³)

170 1933 282 1968 Quare
305 1939 337 1963 et
362 1932 455 1963 Deus
479 1934 550 1972 ipse
575 1938 606 1962 et
629 1931 792 1963 Dominus
816 1941 931 1961 1105101·
954 1930 1151 1962 1050501111-

169 1980 240 2007 stus
259 1981 291 2007 et
310 1974 496 2015 Prophetae
521 1980 551 2005 et
575 1975 729 2005 universa
752 1973 816 2004 Dei
827 1972 979 2004 Ecclesia
998 1974 1074 2004 inde
1096 1983 1151 2004 us-

170 2028 235 2059 que
279 2019 321 2049 ab
378 2018 468 2049 exitu
514 2027 555 2048 ex
608 2017 765 2058 Aegypto
816 2026 923 2057 usque
976 2017 1018 2047 ad
1062 2016 1150 2047 hune

170 2071 290 2092 annum
325 2060 410 2091 diem
444 2059 631 2091 Paschatos
661 2066 693 2090 et
714 2058 935 2089 Pentecosten
970 2059 1151 2090 tribuerunt

172 2104 270 2134 certis
300 2103 406 2134 sacris
443 2103 627 2134 actionibus
661 2111 767 2132 annos
801 2100 896 2132 3049.
943 2100 1039 2132 Hunc
1075 2111 1151 2132 con-

171 2155 306 2178 sensum
328 2145 390 2176 Dei
425 2151 457 2176 et
478 2145 654 2176 Ecclesiae
683 2150 716 2175 et
737 2144 823 2175 haec
847 2142 998 2184 exempla
1021 2145 1151 2175 intuens

170 2188 269 2220 110010
298 2198 366 2219 non
385 2187 586 2230 Cyclopicus
620 2187 776 2219 iudicabit
799 2186 971 2217 honesttmi
995 2196 1072 2217 esse
1095 2197 1151 2228 ag-

175 2316 218 2348 15)
239 2317 379 2347 institutos]
399 2318 472 2343 Editt.
490 2318 531 2341 22.
551 2318 591 2340 ⁴21.
611 2317 731 2345 28334„
752 2318 810 2348 Opp.
835 2319 855 2342 1.
876 2318 897 2342 2.
917 2318 1064 2342 constitutos

174 2369 218 2398 16)
238 2368 391 2399 docendam]
411 2369 483 2393 Editt.
504 2369 544 2391 26.
565 2368 614 2397 27.‚
634 2368 704 2398 Corp.
726 2368 798 2392 1—8.
820 2368 961 2394 docendum

175 2420 219 2450 17)
240 2420 343 2450 Christi]
363 2420 435 2445 Editt.
456 2420 495 2444 22.
515 2420 555 2442 24.
576 2419 691 2444 28-34..
711 2420 771 2449 Opp.
795 2422 815 2442 1.
837 2420 858 2445 2.
878 2420 975 2445 Christo

175 2473 218 2500 18)
239 2472 282 2496 Hic
301 2475 341 2496 est
359 2472 443 2500 locus,
470 2476 501 2495 ex
531 2477 579 2500 quo
600 2477 676 2501 supra
695 2477 719 2500 p.
739 2470 789 2493 563
809 2477 846 2501 sq.
866 2471 1038 2500 argumentati
1055 2477 1153 2496 sumus.

242 2506 379 2570 Ξῗὲῑὲῖἰιέἓὲ]
406 2506 544 2535 principem
570 2505 644 2529 liuius
672 2504 762 2529 tertiae
789 2505 880 2529 aetatis
910 2504 1012 2529 demum
1034 2511 1057 2529 a.
1082 2505 1153 2529 1544.

326 2598 472 2617 mctaxN'rn.
489 2599 568 2617 OPER.
585 2599 640 2618 ¹501.
666 2600 721 2618 XXI*

628 102 651 132 1.
675 101 776 133 LOCI
798 99 1076 132 THEOLOGIOE:
1104 99 1146 130 D.

1170 98 1331 130 TERTIA
1354 96 1510 129 EORUM
1528 95 1684 127 AETAS·
2077 95 2157 125 1026

1184 202 1324 233 gregare
1362 201 1399 221 se
1428 191 1470 221 ad
1504 189 1595 221 illum
1629 189 1691 220 Dei
1723 193 1757 219 et
1779 186 1953 218 Ecclesiae
1981 193 2159 228 perpetuae

1186 240 1332 271 coetum,
1368 240 1398 264 et
1433 243 1470 264 se
1504 231 1590 264 velut
1621 232 1742 263 adesse
1776 235 1999 270 spectatorem
2032 228 2161 260 illorum

1186 281 1359 308 eventuum
1384 276 1555 317 cogitabit,
1580 275 1698 315 quibus
1720 272 1814 304 Deus
1836 271 1894 302 illa
1915 278 2062 312 tempora
2085 271 2161 301 insi-

1187 320 1301 361 gnivit.
1347 318 1415 348 Imo
1450 318 1632 358 cogitemus
1654 316 1717 347 hos
1742 314 1981 356 pulcherrimos
2006 323 2160 354 congres-

1186 371 1244 392 sus
1262 361 1437 401 imaginem
1460 370 1535 391 esse
1559 358 1806 390 consuetudinis
1825 363 1978 388 aeternae
1990 367 2064 387 cum
2076 355 2162 387 Deo.

1187 403 1333 440 Christo,
1352 402 1516 439 Patribus,
1537 401 1723 441 Prophetis,
1746 399 1918 440 Apostolis
1942 405 1972 429 et
1995 397 2067 429 aliis
2090 399 2163 439 piis.

1186 445 1284 476 Tales
1308 445 1389 475 ritus
1412 444 1509 475 utiles
1533 454 1607 475 cum
1630 444 1696 474 hoc
1718 444 1817 474 modo
1841 443 1912 472 sine
1930 442 2163 481 superstitione

1188 493 1373 525 servantur,
1394 493 1535 527 prosunt
1557 487 1599 517 ad
1623 486 1818 517 docendum.
1858 484 1923 515 Ubi
1946 484 2031 515 enim
2052 482 2164 515 nullus

1188 537 1239 561 est
1262 530 1356 566 ord0,
1378 528 1469 560 nulla
1493 528 1678 569 disciplina,
1703 528 1815 559 doceri
1838 526 1987 557 homines
2009 536 2076 556 non
2087 535 2163 567 pos-

1188 578 1275 603 sunt.
1320 572 1471 602 Necesse
1493 577 1545 602 051
1568 577 1677 602 autem
1701 571 1811 601 doceri
1834 575 1866 600 et
1889 569 1992 600 audiri
2013 568 2165 610 Evange—

1188 614 1277 646 lium.
1332 614 1416 644 Nam
1444 613 1539 644 Deus
1585 623 1652 643 non
1690 612 1818 654 colligit
1851 611 1947 642 aliter
1980 609 2166 641 Ecclesiam

1189 667 1293 695 suam,
1312 657 1375 687 nisi
1397 666 1480 687 voce
1503 653 1692 696 Evangelii3
1714 655 1785 685 Nec
1808 653 1903 685 aliter
1926 653 2067 693 Spiritus
2091 663 2165 684 san-

1190 706 1262 730 ctus
1287 699 1406 730 efficax
1430 704 1492 736 est,
1516 698 1579 728 nisi
1602 707 1661 738 per
1682 696 1920 738 Evangelium3
1938 706 2000 727 nec
2022 694 2090 726 ulla
2115 702 2165 726 est

1189 741 1341 773 Ecclesia
1367 740 1548 772 electorum
1571 740 1759 781 cogitanda,
1782 740 1845 770 nisi
1863 739 1895 769 in
1919 738 1983 769 hoc
2007 744 2102 768 coetu
2120 739 2166 768 vi—

1190 783 1290 821 sibili,
1324 785 1356 814 in
1387 794 1451 824 quo
1476 783 1691 824 Evangeliuin
1726 788 1817 813 recte
1850 788 1881 812 et
1915 790 1997 821 pure
2020 781 2166 811 docetur.

1189 827 1279 868 Ergo
1303 826 1356 857 hic
1380 825 1518 856 visibilis
1542 832 1657 856 coetus
1681 825 1840 855 amandus
1864 830 1895 854 et
1918 822 2082 854 fovendus
2105 829 2166 859 est,

1190 875 1221 899 et
1254 869 1458 900 retinendum
1488 873 1539 899 est
1560 867 1733 908 Evangelii
1761 867 1993 903 ministerium,
2029 872 2061 896 et
2090 865 2167 896 fiant

1190 911 1322 942 honesti
1346 920 1559 951 congressus-
1604 910 1658 941 Ad
1677 909 1760 940 haec
1784 909 1898 940 ordine
1922 914 1952 938 et
1975 908 2090 939 ritibus
2111 906 2167 939 ali-

1191 955 1310 995 quibus
1330 963 1414 993 opus
1438 963 1514 983 esse
1538 958 1679 983 constat.

1276 996 1343 1027 1100
1369 1001 1399 1026 et
1435 994 1570 1037 quilibet
1599 992 1834 1035 paterfamilias
1869 993 1954 1024 domi
1988 1002 2068 1024 suae
2090 992 2169 1024 libe-

1192 1049 1250 1069 ros
1268 1048 1364 1069 mane
1387 1043 1419 1067 et
1442 1039 1573 1078 vesperi
1596 1037 1709 1079 legere
1727 1035 1848 1078 aliquid
1872 1042 1904 1066 et
1923 1036 2033 1067 dicere
2054 1045 2170 1076 preces

1193 1087 1301 1121 cogat.
1346 1080 1420 1110 Non
1455 1082 1552 1111 abeat
1587 1080 1658 1110 dies
1689 1080 1759 1110 sine
1793 1078 2005 1109 invocatione
2036 1084 2066 1108 et
2101 1078 2170 1107 sine

1193 1124 1371 1164 gratiarum
1407 1124 1545 1153 actione.

1193 1175 1318 1202 sumus,
1343 1171 1377 1195 ut
1388 1165 1495 1196 Deum
1520 1163 1738 1200 celebremus,
1762 1170 1793 1194 et
1816 1162 1900 1193 haec
1924 1163 2079 1193 exercitia
2098 1172 2171 1202 pro-

1193 1214 1269 1237 sunt
1302 1207 1344 1237 ad
1379 1208 1570 1238 discendum
1593 1213 1624 1237 et
1648 1207 1789 1236 excitant
1812 1205 1976 1236 Timorem
1995 1211 2027 1235 et
2049 1204 2170 1235 Fidem.

1192 1250 1234 1279 Et
1267 1250 1299 1279 in
1332 1249 1384 1280 his
1420 1250 1582 1280 exercitiis
1618 1249 1859 1280 meminerimus
1883 1248 2005 1278 dictum
2028 1246 2170 1278 Christi:

1194 1292 1324 1327 Quanto
1348 1294 1453 1333 magis
1476 1292 1576 1322 Pater
1599 1298 1710 1322 vester
1734 1289 1888 1321 coelestis
1912 1291 2000 1321 dabit
2019 1289 2172 1330 Spiritum

1194 1341 1342 1364 sanctum
1361 1335 1563 1375 petentibus!
1600 1334 1712 1369 Quare
1735 1334 1863 1371 doceri,
1887 1333 1958 1374 regi
1976 1339 2009 1364 et
2031 1332 2171 1363 sanctifi-

1195 1378 1262 1407 cari
1295 1387 1357 1407 nos
1380 1378 1500 1416 Spiritu
1525 1383 1642 1407 sancto
1666 1383 1827 1417 petamuS.
1872 1375 1973 1416 quue
1998 1386 2070 1406 011111
2094 1376 2171 1416 peti-

1194 1429 1265 1449 mus
1290 1419 1360 1449 fieri
1388 1426 1478 1449 certo
1503 1425 1699 1456 statuamus,
1722 1425 1753 1449 et
1765 1419 2005 1449 meminerimus
2018 1418 2172 1458 Spiritum

1194 1468 1344 1492 sanctum
1366 1461 1535 1493 efficacem
1559 1472 1635 1492 esse
1658 1462 1859 1503 cogitatione
1881 1459 2064 1502 Evangelii.

1591 1122 1667 1153 Ideo
1703 1122 1787 1152 enim
1811 1121 1933 1152 conditi
1957 1126 1988 1150 et
2012 1120 2170 1160 redempti

1624 1632 1750 1671 [xxm

1354 1716 1415 1748 DE
1440 1716 1815 1750 MORT1FICAT10NE
1840 1716 2013 1748 01οΝ15.

1259 1801 1447 1834 Defendunt
1462 1802 1561 1844 aliqui
1584 1802 1678 1844 leges
1703 1803 1743 1833 de
1762 1802 1904 1838 Ieiuniis,
1934 1800 2173 1833 Satisfactioni—

1193 1845 1268 1881 bus,
1302 1852 1336 1875 ut
1361 1853 1534 1883 vocarunt,
1569 1854 1599 1876 et
1625 1845 1865 1877 monachorum
1888 1845 2174 1885 superstitionibus

1194 1893 1364 1927 praetextu
1389 1890 1635 1926 sententiarum,
1654 1898 1739 1929 quae
1762 1889 1803 1919 de
1825 1887 2076 1918 mortificatione
2099 1896 2175 1917 0011-

1195 1931 1378 1961 cionantur.
1425 1930 1507 1961 Cum
1531 1931 1754 1970 mortificatio,
1789 1930 1954 1971 inquiunt,
1990 1931 2032 1960 sit
2054 1930 2175 1960 bonum

1195 1978 1227 2003 et
1256 1973 1344 2012 pium
1373 1984 1475 2013 opus,
1511 1984 1569 2004 cur
1592 1984 1658 2004 non
1682 1972 1855 2004 laudentur
1879 1973 1975 2003 etiam
1996 1971 2059 2003 hae
2082 1971 2176 2014 leges

1194 2015 1356 2046 humanae
1380 2017 1420 2046 de
1444 2016 1575 2048 Ieiuniis
1599 2022 1629 2046 et
1654 2015 1816 2047 similibus
1836 2015 1976 2046 ritibus?
2021 2015 2083 2047 Hic
2108 2026 2176 2046 rm·-

1194 2068 1252 2088 sus
1274 2058 1463 2100 hjpocrisis
1487 2059 1583 2090 struit
1600 2059 1735 2090 insidias
1760 2068 1857 2089 verae
1870 2058 2038 2089 doctrinae
2068 2064 2099 2088 et
2125 2068 2176 2088 ve-

1193 2101 1238 2131 ris
1274 2100 1426 2132 cultibus.
1471 2101 1712 2133 Discernantur
1745 2102 1898 2132 mandata
1932 2101 2041 2131 divina
2058 2102 2101 2141 ¹⁹)
2134 2101 2174 2131 ab

1194 2142 1362 2175 hominum
1384 2145 1557 2182 mandatis,
1581 2155 1621 2175 ac
1646 2144 1884 2181 consideretur,
1910 2143 1986 2184 quid
2005 2153 2083 2174 vere
2094 2142 2176 2174 Pau-

1195 2185 1248 2217 lus
1272 2194 1369 2217 vocet
1392 2186 1688 2224 mortificationem,
1711 2195 1773 2217 nec
1796 2184 2036 2217 transferamus
2050 2186 2096 2225 20)
2122 2196 2176 2215 vo—

1196 2227 1349 2260 cabulum
1371 2240 1482 2260 rerum
1503 2240 1714 2271 magnarum,
1737 2240 1818 2270 quas
1837 2229 1929 2260 Deus
1949 2229 2119 2269 praecipit,
2133 2230 2176 2258 Ἡ)

1196 2273 1237 2303 ad
1271 2270 1383 2303 futiles
1419 2279 1451 2303 et
1485 2273 1613 2304 otiosos
1646 2272 1744 2310 ritus,
1778 2278 1812 2302 ut
1843 2272 1992 2303 omnibus
2017 2272 2176 2302 aetatibus

1197 2402 1241 2427 19)
1262 2402 1356 2431 divina]
1378 2402 1450 2427 Editt.
1474 2404 1494 2425 1.
1515 2404 1539 2426 3.
1560 2402 1678 2427 divinitus

1196 2453 1241 2481 20)
1263 2452 1461 2483 transferamus]
1481 2454 1522 2478 Ed.
1543 2454 1583 2477 20.
1605 2454 1757 2479 transferat:
1779 2454 1850 2479 Editt.
1871 2454 1991 2483 ‘lo—27„
2012 2454 2081 2482 Cory.
2106 2453 2176 2474 i-s.

1266 2488 1438 2512 transferatur

1172 2531 1176 2565 1,
1196 2538 1241 2565 21)
1262 2538 1401 2569 praecipit]
1423 2539 1495 2565 Editt.
1517 2541 1538 2563 1.
1559 2541 1581 2564 3.
1601 2541 1736 2572 praecepit.

1992 2574 2023 2595 65-
