2358 2933
119 116 183 150 209

187 263 218 281 20

597 115 621 146 Ι.
644 115 747 147 LOCI
770 115 1051 148 THEOLOGICI:
1075 116 1114 148 B.
1137 116 1277 149 PRIMA
1299 117 1457 149 EORUM
1479 116 1635 148 AETAS.

278 208 465 241 testamenti
498 214 623 250 negant
651 209 715 239 vim
751 207 856 240 fuisse
895 208 1104 239 iustificandi.

279 251 367 283 Novi
386 251 605 281 sacramentis
628 251 781 281 tri'buunt
804 251 870 281 vim
893 250 1104 288 iustificandi,

279 290 456 324 manifesto
476 293 627 324 nimirum
645 302 769 323 errore.
815 291 897 323 Sola
916 293 1001 323 enim
1019 292 1103 323 fides

279 335 447 366 iustificat.
505 334 650 365 Proinde
677 345 761 375 quae
790 336 962 376 signorlmi
986 340 1103 365 natura

281 378 334 415 sit,
356 376 512 408 facillime
531 387 571 408 ex
590 376 684 407 Pauli
702 376 861 408 Romanis
885 382 995 417 potest
1009 376 1103 407 intel-

152 422 208 451 120,
227 427 250 445 a·
279 419 350 461 ligi,
369 420 425 451 ubi
455 420 496 450 de
515 420 771 450 circurn'cisione
796 420 829 450 in
854 420 960 459 capite
985 425 1102 460 quarto

143 457 204 486 (⁶²⁹
223 455 260 484 ιλ)
280 462 416 494 disserit
434 462 476 492 ad
494 461 581 493 hunc
600 461 742 492 modum.
788 461 1013 492 Abrahamum
1035 471 1102 492 non

195 591 209 610 5

189 810 216 829 10

189 1023 216 1042 15

184 1244 215 1263 20

150 1493 214 1524 120,
233 1492 258 1517 h.

192 1867 219 1886 10

193 2081 219 2099 16

190 2302 220 2321 20

164 2509 219 2538 121,
238 2513 261 2532 a.

280 515 358 536 esse
377 503 587 535 iustificatum
606 513 646 534 ex
666 504 928 541 circumcisione,
949 504 1008 534 sed
1027 509 1103 534 ante

282 547 576 584 circumcisionem,
596 552 628 576 et
651 546 733 577 citra
753 547 1015 578 circumcisionis
1036 555 1102 576 me—

282 590 396 627 ritum,
415 589 590 628 accepisse
616 589 703 619 ve'ro
733 594 852 628 postea
879 589 1101 620 circumcisio-

279 641 354 663 nem
373 630 525 672 σφραγίδα
549 630 744 669 δικαιοσύνης,
763 630 828 662 hoc
858 637 921 669 est,
945 630 1102 673 sigillum,

279 683 344 715 quo
358 678 536 704 testaretur
546 673 627 703 deus
638 672 862 704 Abrahamum
882 684 959 704 esse
982 675 1103 705 iustum

278 721 311 746 et
338 725 403 756 quo
436 716 661 746 innotesceret
684 715 875 747 Abrahamo
889 739 898 754 ,
923 727 960 747 se
990 726 1103 747 coram

279 758 341 789 deo
372 758 493 788 iustum
517 767 610 795 esse,
641 767 683 788 ne
708 758 742 788 in
774 759 908 798 ancipiti
937 758 1101 790 fluctuans

279 800 484 832 conscientia
524 800 736 840 despe'raret.
799 800 904 836 Quem
945 811 1040 832 usum
1074 801 1101 831 si

277 842 458 885 intelligas,
483 843 560 884 quid
583 848 694 883 potest
717 844 822 884 signis
842 842 960 875 laetius
976 844 1102 874 contin-

278 896 367 928 gere.
413 885 534 917 Parum
554 891 605 916 est
618 886 707 926 quod
719 886 897 917 admonent
916 887 1012 927 signa
1026 895 1102 927 pro—

276 929 471 960 missionum
501 928 693 959 divinarum.
736 928 809 958 Hoc
839 938 919 959 vero
947 939 1103 970 magnum

277 977 341 1009 est,
361 971 449 1012 quod
469 976 593 1002 certum
608 972 827 1002 testimonium
840 971 970 1002 divinae
985 970 1103 1002 volun-

277 1014 355 1044 tatis
391 1023 471 1054 erga
508 1019 539 1044 te
567 1018 653 1044 sunt.
717 1013 775 1043 Sic
808 1013 1102 1045 circumcisionem

277 1056 410 1098 signum
434 1060 533 1085 vocat
561 1054 679 1086 Moses
706 1054 848 1086 Genesis
872 1055 978 1086 XVII.
1002 1062 1038 1086 ut
1061 1056 1103 1086 sit

277 1098 372 1129 vobis
399 1098 432 1128 in
462 1098 592 1138 signum
610 1095 755 1128 foederis
782 1099 867 1129 inter
894 1108 946 1129 me
975 1104 1007 1129 et
1030 1108 1102 1129 vos

277 1140 375 1176 Quod
398 1141 527 1181 signum
551 1141 757 1171 circumcisio
771 1147 833 1179 est,
856 1141 1011 1172 admonet
1026 1151 1103 1182 pro-

277 1183 444 1215 missionis
480 1183 610 1214 divinae
639 1182 884 1222 Abrahamum,
921 1190 954 1214 et
987 1193 1103 1214 omnes

278 1226 502 1258 circumcisos.
570 1225 669 1261 Quod
705 1224 850 1257 foederis
886 1227 1033 1268 signum!
1053 1232 1103 1257 est

277 1269 495 1306 circumcisio,
517 1268 584 1299 hoc
607 1274 669 1307 est,
693 1269 781 1310 quod
804 1268 970 1311 significat
998 1274 1103 1300 ratum

276 1309 350 1342 fore
378 1311 444 1341 hoc
487 1310 624 1349 foedus,
663 1311 834 1343 confirmat
868 1312 1104 1343 conscientiam

275 1353 435 1385 Abrahae
457 1360 493 1384 ut
504 1352 584 1385 nihil
600 1354 735 1393 dubitet,
748 1355 824 1396 quin
848 1355 990 1393 eveniat,
1014 1354 1103 1396 quod

275 1397 474 1438 promissum
503 1403 564 1428 est.
610 1396 697 1432 Quin
724 1404 873 1439 praestet
903 1398 985 1429 deus
1014 1398 1103 1439 quod

275 1438 442 1481 pollicitus
467 1445 528 1471 est.
573 1439 618 1471 At
632 1440 711 1481 quid
731 1447 800 1472 erat
816 1439 982 1482 pollicitus
995 1440 1103 1472 Abra-

276 1483 341 1515 hae
357 1483 438 1515 deus
446 1483 471 1514 ‘3'
482 1493 602 1521 nonne,
625 1493 663 1514 se
674 1482 818 1515 futurum
830 1483 987 1515 Abrahae
995 1484 1103 1521 deum,

276 1525 343 1557 hoc
372 1532 424 1558 est
454 1525 629 1568 complecti
658 1536 697 1558 se
727 1526 970 1565 Abrahamum,
988 1525 1103 1558 iustifi-

277 1578 366 1606 care,
390 1574 421 1599 et
443 1578 579 1600 servare
602 1574 665 1600 etc.
709 1568 812 1607 Haec,
834 1570 881 1600 ita
900 1575 991 1600 certa
1015 1579 1103 1607 esse,

276 1609 357 1642 nihil
366 1611 536 1643 dubitabat
546 1611 727 1649 Abraham,
740 1612 1000 1650 circmncisione,
1013 1610 1103 1643 velut

279 1652 390 1695 sigillo
415 1653 646 1685 con'firmatuS.

322 1695 485 1727 Percture
516 1697 544 1727 si
573 1695 651 1728 libet
678 1698 866 1728 universam
895 1698 1104 1738 scripturam,

279 1744 312 1770 et
347 1739 517 1780 signorum
554 1740 714 1770 rationem
744 1749 785 1770 ex
812 1739 961 1771 historiis
996 1740 1103 1770 sacris

280 1787 373 1822 pete),
402 1791 468 1812 non
503 1781 544 1812 ab
581 1782 687 1823 impiis
712 1781 888 1823 Sophistis.
938 1781 1104 1813 Ezechiae

280 1824 431 1854 dominus
468 1824 568 1855 vitam
598 1823 720 1855 Esaiae
757 1823 892 1856 oraculo
932 1831 1103 1866 prorogat.

279 1865 650 1907 Eamlpromissionem,
674 1873 708 1898 ut
732 1873 837 1898 ratam
848 1866 922 1898 fore
935 1874 1026 1898 certo
1041 1868 1105 1898 sci-

280 1915 332 1940 ret
361 1919 437 1947 rex,
467 1908 640 1940 confirmat
665 1910 747 1941 deus
776 1910 906 1941 adiecto
926 1911 1040 1952 signo,
1069 1917 1103 1941 ut

280 1951 395 1982 decem
414 1952 571 1993 gradibus
593 1951 760 1994 horologii
782 1954 900 1984 umbra
929 1963 1105 1984 revocare-

280 2000 343 2025 tur.
390 1994 528 2026 Gedeon
551 2005 593 2026 ne
616 1996 696 2036 quid
715 1996 879 2026 dubitaret
897 1994 1052 2033 futurum,
1070 2002 1106 2027 ut

280 2046 342 2068 suo
367 2037 467 2068 ductu
489 2038 714 2069 vindicaretur
732 2037 835 2069 lsrael
865 2039 898 2069 in
920 2037 1107 2069 libertatem

281 2080 421 2114 duolbus
452 2081 556 2121 signis
587 2080 801 2112 confirmatus
828 2087 890 2112 est.
935 2081 1107 2112 Achazum

281 2122 400 2154 Esaias
415 2123 459 2161 [7,
468 2122 534 2161 13.]
546 2124 694 2164 increpat
706 2129 970 2155 contemnentem
978 2125 1108 2165 signum

282 2165 414 2196 divinae
437 2165 617 2197 voluntatis
642 2176 722 2207 erga
745 2176 794 2198 se.
839 2166 925 2197 Nam
946 2177 1009 2197 nec
1031 2176 1107 2207 pro-

282 2208 431 2239 missioni
459 2209 624 2241 credebat.
685 2209 727 2241 Et
757 2210 834 2250 quid
863 2210 977 2240 attinet
1006 2208 1108 2240 multa

283 2261 462 2292 quaerere,
487 2261 560 2281 cum
589 2252 753 2292 scriptura
781 2254 823 2283 sit
847 2251 1033 2283 huiusmodi
1054 2262 1107 2283 ex-

283 2292 468 2335 emplorum
490 2292 606 2334 ple'na.
638 2294 690 2325 Ex
713 2296 830 2336 quibus
855 2295 910 2336 qui
933 2296 973 2326 sit
997 2296 1107 2336 signo-

284 2347 357 2367 rum
379 2346 461 2367 usus
485 2337 585 2367 credo
605 2337 687 2367 disci
708 2347 820 2377 posse.
838 2338 914 2368 Non
931 2337 1108 2369 iustificant

285 2380 393 2420 signa,
406 2384 443 2410 ut
455 2378 640 2420 Apostolus
653 2380 708 2416 ait,
724 2379 939 2411 Circumcisio
951 2379 1033 2411 nihil
1045 2386 1106 2418 est,

286 2422 332 2452 ita
338 2422 519 2462 baptismus
526 2422 606 2454 nihil
614 2428 674 2453 est.
687 2421 899 2464 Participatio
908 2433 1044 2454 mensae
1052 2424 1105 2454 do-

288 2464 363 2494 mini
371 2463 451 2495 nihil
460 2471 521 2503 est,
530 2466 590 2496 sed
598 2471 701 2496 testes
710 2471 785 2496 sunt
793 2468 843 2495 καὶ
849 2466 1011 2507 σφραγίδες
1017 2464 1104 2497 divi-l

288 2517 352 2537 nae
364 2506 542 2538 voluntatis
556 2518 635 2549 erga
642 2514 685 2538 te.
699 2507 826 2543 Quibus
837 2509 1039 2540 conscientia
1050 2516 1107 2540 tua

153 2560 216 2589 (63,
235 2559 272 2589 a.)
293 2555 383 2580 certa
406 2550 573 2589 reddatur,
596 2552 624 2581 si
648 2551 688 2582 de
707 2551 823 2592 gratia,
843 2551 1107 2584 de·benevolen-

214 2616 334 2637 MELANTR.
350 2617 416 2637 ortu.
431 2617 481 2637 vot.
496 2618 545 2638 m.

1149 211 1193 240 tia
1224 211 1293 249 dei,
1324 222 1404 252 erga
1427 221 1465 241 se
1499 210 1633 241 dubitet.
1687 210 1793 245 Quam
1824 211 1972 242 dubitare

1149 262 1215 283 non
1238 255 1342 294 potuit
1352 252 1526 290 Ezechias,
1541 253 1619 293 quin
1634 251 1868 291 revalesceret,
1883 263 1970 283 cum1

1150 301 1181 325 et
1205 297 1457 335 promissionem
1480 295 1639 332 audisset,
1663 302 1695 326 et
1719 296 1814 336 signo
1833 296 1971 326 vidisset

1150 337 1374 369 confirmatam
1386 338 1648 378 promissionem.
1673 337 1778 372 Quam
1790 348 1857 368 non
1869 339 1973 378 potuit

1149 379 1299 410 dubitare
1323 380 1481 417 Gedeon,
1502 380 1580 420 quin
1599 380 1746 410 w'cturus
1767 387 1873 418 esset,
1899 390 1973 411 cum

1148 427 1196 451 tot
1215 423 1319 463 signis
1344 421 1556 453 confirmatus
1571 428 1672 459 esset,
1696 428 1762 453 tam
1775 423 1924 453 dubitare
1937 428 1972 454 tu

1147 474 1215 494 non
1239 465 1351 502 debes,
1371 465 1448 505 quin
1471 465 1731 495 misericordiam
1755 467 1966 495 conselcutus

1147 507 1206 543 sis,
1230 507 1285 537 ubi
1314 505 1531 547 Evangelium
1561 507 1721 543 audieris,
1747 512 1778 537 et
1801 506 1973 547 Evangelii

1147 548 1315 589 σφραγῖδας
1346 549 1517 588 acceperis
1542 549 1758 588 baptismum,
1793 555 1823 579 et
1850 559 1971 588 corpus

1147 591 1268 621 domini
1291 601 1330 621 ac
1354 590 1557 631 sanguinem.
1603 589 1669 620 Vel
1698 591 1769 621 sine
1799 592 1895 632 signo
1922 601 1973 622 re-

1147 633 1237 664 stitui
1259 632 1422 664 Ezechias
1441 633 1561 672 potuit,
1585 633 1614 662 si
1630 633 1738 663 nudae
1762 634 1973 673 promissioni

1147 676 1283 706 credere
1306 674 1477 712 voluisset,
1497 674 1551 705 vel
1563 676 1634 705 sine
1653 676 1748 715 signo
1761 675 1910 706 Gedeon.
1925 677 1971 706 vi-

1148 724 1260 748 cturus
1273 724 1356 756 erat,
1368 718 1397 748 si
1411 717 1616 748 credidisset.
1635 717 1684 748 Ita
1692 718 1764 748 sine
1774 719 1870 759 signo
1880 718 1972 748 iusti-

1146 760 1239 791 ficari
1248 766 1355 801 potes,
1364 761 1463 791 modo
1473 760 1602 790 credas.
1616 760 1712 790 Adeo
1719 771 1786 791 non
1795 760 1973 791 iustificant

1147 804 1254 844 signa,
1284 803 1345 834 sed
1376 809 1446 834 erat
1475 801 1659 840 Ezechiae,
1694 803 1772 833 item
1802 802 1970 834 Gedeonis

1147 845 1230 877 fides
1245 845 1432 876 huiusmodi
1447 845 1552 886 signis
1570 844 1787 882 sublevanda,
1803 846 1971 887 erigenda,

1148 894 1179 919 et
1194 887 1429 925 confirmanda,
1447 889 1492 918 ita
1505 893 1620 918 nostra
1632 887 1847 919 imbecillitas
1867 888 1970 929 signis

1148 932 1294 971 erigitur,
1311 941 1354 961 ne
1377 931 1418 961 de
1437 931 1665 961 misericordia
1680 931 1743 968 dei,
1762 931 1846 961 inter
1863 936 1910 962 tot
1923 932 1969 961 in-

1149 972 1255 1004 sultus
1286 973 1414 1013 peccati
1444 973 1609 1012 desperet.
1644 972 1720 1003 Non
1751 972 1845 1004 aliter
1875 979 1973 1014 atque

1148 1026 1208 1056 pro
1229 1017 1324 1056 signo
1344 1014 1470 1045 favoris
1490 1015 1589 1045 divini
1607 1015 1763 1053 haberes,
1787 1016 1814 1045 si
1833 1016 1905 1056 ipse
1927 1021 1973 1046 te—

1149 1068 1223 1088 cum
1242 1068 1355 1088 coram
1379 1056 1645 1098 colloqueretur,
1673 1059 1701 1088 si
1725 1056 1892 1098 peculiare
1917 1056 1973 1088 ali-

1148 1100 1237 1141 quod
1275 1101 1394 1141 pignus
1432 1100 1696 1137 misericordiae,
1731 1099 1972 1141 qualecunque¹

1147 1142 1355 1180 miraculum,
1379 1143 1437 1173 tibi
1463 1142 1650 1180 exhiberet,
1676 1143 1770 1174 decet
1800 1144 1840 1174 de
1863 1143 1915 1174 his
1938 1148 1971 1174 te

1147 1186 1252 1227 signis
1277 1186 1411 1223 sentire,
1433 1191 1469 1216 ut
1491 1191 1558 1216 tam
1577 1191 1669 1216 certo
1695 1186 1815 1217 credas
1843 1186 1889 1216 tui
1915 1185 1972 1217 mi—

1149 1234 1272 1260 sertum
1291 1238 1370 1259 esse
1389 1228 1496 1266 deum,
1516 1238 1590 1258 cum
1608 1229 1807 1268 baptismum
1835 1228 1971 1269 accipis,

1149 1282 1223 1302 cum
1244 1271 1423 1311 participas
1442 1280 1577 1302 mensae
1601 1271 1731 1310 domini,
1751 1281 1849 1312 quam
1868 1271 1972 1301 credi-

1147 1318 1250 1345 turus'
1262 1314 1319 1344 tibi
1332 1314 1466 1352 videris,
1484 1314 1513 1344 si
1524 1313 1597 1354 ipse
1609 1319 1717 1344 tecum
1725 1313 1973 1355 colloqueretur

1147 1357 1248 1394 deus,
1272 1362 1328 1387 aut
1355 1355 1445 1387 aliud
1479 1356 1634 1397 quiddam
1670 1357 1783 1387 ederet
1811 1354 1972 1393 miraculi,

1147 1400 1237 1441 quod
1260 1399 1302 1430 ad
1325 1405 1357 1430 te
1380 1397 1645 1439 pecunarum-⁷⁴)
1668 1400 1857 1439 pertineret.
1881 1398 1973 1429 fidei

1147 1443 1342 1473 excitandae
1354 1442 1461 1484 gratia
1473 1442 1571 1483 signa
1588 1447 1662 1472 sunt
1676 1442 1857 1482 proposita.
1876 1441 1974 1472 Nunc

1147 1491 1179 1516 et
1202 1485 1300 1515 fidem
1319 1490 1352 1515 et
1370 1485 1540 1526 signorum
1558 1494 1655 1515 usum
1678 1485 1898 1522 extinxerunt,
1918 1483 1973 1524 qui

1147 1538 1186 1559 ea
1205 1529 1238 1558 in
1257 1533 1376 1568 questu
1388 1527 1532 1567 2habent.
1553 1526 1777 1558 Saluberrima
1790 1532 1843 1557 est
1861 1527 1972 1568 signo-

1146 1581 1218 1602 rum
1247 1571 1407 1611 cognitio,
1438 1576 1470 1600 et
1498 1569 1587 1601 haud
1614 1570 1684 1600 scio
1716 1580 1759 1601 an
1781 1568 1869 1600 aliud
1895 1578 1972 1600 con-

1147 1614 1320 1644 scientiam
1343 1611 1547 1650 consoletur,
1565 1618 1597 1643 et
1617 1612 1789 1644 confirmet
1801 1610 1970 1643 efficacius

1146 1662 1246 1697 atque
1264 1655 1319 1686 hic
1338 1656 1508 1697 signorum
1525 1665 1618 1686 usus.

1192 1698 1285 1734 Quae
1304 1697 1359 1728 alii
1377 1703 1602 1735 sacramenta,
1625 1708 1687 1728 nos
1708 1698 1804 1739 signa
1827 1695 1971 1737 adpella-

1147 1751 1236 1779 muS,
1261 1746 1317 1771 aut
1336 1741 1364 1770 si
1382 1741 1427 1771 ita
1450 1740 1542 1778 libet,
1568 1740 1665 1782 signa
1691 1739 1970 1771 sacramentalia-⁴

1147 1784 1233 1814 Nam
1258 1789 1503 1814 sacramentum
1528 1784 1635 1823 ipsum
1658 1782 1826 1814 Christum
1849 1780 1973 1813 Paulus

1149 1832 1255 1857 vocat.
1294 1825 1392 1860 Quod
1410 1827 1438 1856 si
1462 1826 1548 1867 signi
1566 1835 1686 1856 nomen
1705 1824 1857 1865 displicet
1879 1836 1972 1865 σφρα-

1148 1868 1234 1908 γίδας
1254 1867 1415 1909 adpelles,
1434 1878 1498 1909 quo
1518 1869 1653 1909 propius
1675 1869 1726 1899 vis
1750 1871 1973 1898 sacramento-

1148 1922 1221 1942 rum
1239 1911 1399 1954 signetur.
1446 1910 1633 1941 Probabilis
1668 1916 1701 1941 et
1718 1909 1766 1941 illi
1784 1908 1974 1947 voluntatis,

1150 1954 1205 1996 qui
1234 1953 1395 1995 symbolis
1421 1964 1482 1985 seu
1509 1954 1648 1985 tesseris
1673 1952 1867 1984 militaribus
1889 1951 1973 1983 haec

1150 1998 1246 2038 signa
1255 2003 1258 2013 '
1267 2002 1555 2037 comparaverunt,
1568 1996 1656 2037 quod
1668 2001 1780 2027 essent
1792 2000 1891 2026 notae
1904 2000 1974 2025 tan-

1150 2046 1229 2077 tum,
1242 2040 1360 2080 quibus
1374 2045 1648 2081 cognosceretur,
1668 2039 1710 2069 ad
1729 2048 1813 2079 quos
1832 2037 1974 2078 pertine-

1150 2088 1223 2113 rent
1241 2083 1482 2122 promissiones
1506 2082 1647 2113 divinae.
1670 2088 1706 2113 ut
1724 2080 1899 2112 Cornelius
1917 2080 1975 2110 ba-

1150 2126 1291 2166 ptizatus
1317 2131 1386 2162 est,
1413 2135 1488 2156 cum
1505 2125 1569 2155 iam
1597 2124 1793 2155 iustificatus
1813 2128 1921 2161 esset,
1939 2127 1975 2152 ut

1150 2169 1184 2199 in
1203 2178 1316 2199 eorum
1341 2178 1478 2199 numero
1507 2165 1704 2205 referretur,
1723 2167 1765 2197 ad
1791 2176 1874 2207 quos
1898 2175 1975 2207 pro-

1151 2211 1264 2241 missio
1289 2211 1472 2252 regni'dei,
1496 2216 1527 2241 et
1539 2211 1626 2241 vitae
1638 2216 1819 2250 perpetuae
1833 2209 1974 2249 pertine-

1152 2255 1217 2284 bat.
1263 2253 1355 2284 Haec
1375 2253 1415 2284 de
1438 2254 1608 2295 signorum
1626 2258 1744 2283 natura
1759 2252 1834 2283 ideo
1852 2251 1974 2289 monui,

1150 2302 1185 2327 ut
1208 2296 1263 2327 cui
1281 2297 1323 2326 sit
1340 2306 1421 2327 usus
1441 2297 1513 2337 pius
1541 2301 1841 2332 sacramentorum,
1868 2294 1976 2334 possit

1150 2340 1217 2370 inte
1245 2339 1298 2380 igi.
1322 2349 1365 2369 ne
1384 2339 1457 2380 quis
1482 2337 1704 2369 scholasticos
1725 2344 1900 2379 sequatur,
1920 2336 1975 2378 qui

1151 2381 1426 2413 iustificatio¹nen1
1455 2381 1623 2412 horrendo
1652 2391 1766 2412 errore
1795 2380 1901 2423 signis
1920 2379 1974 2409 tri-

1150 2426 1302 2456 buerunt.

1151 2563 1197 2591 74)
1216 2561 1389 2592 peculiariter]
1408 2561 1451 2586 Ed.
1472 2562 1495 2584 2.
1516 2562 1610 2592 typoth.
1630 2567 1731 2586 errore:
1749 2561 1895 2591 peculiater.

1947 2612 1975 2635 14

2061 119 2125 150 210

2034 467 2060 485 10

2040 680 2066 698 15

2035 892 2065 911 20

1997 1141 2060 1170 121,
2079 1140 2102 1165 b.

2044 1533 2071 1551 10

2046 1791 2072 1810 15

2038 1995 2068 2013 20

2001 2209 2064 2238 122,
2083 2214 2104 2233 a.

1994 2244 2057 2274 (63,
2076 2242 2113 2272 b.)
