2358 2933
221 124 259 155 51
847 117 957 149 PHIL.
980 116 1082 148 MEL.
1105 115 1292 148 SCRIPTA
1312 114 1590 147 DOGMATICA.
2177 115 2219 146 52

223 217 451 247 beatitudinem
468 224 532 244 non
558 213 731 253 pertinere,
754 211 810 241 sed
834 215 937 240 tamen
958 209 992 239 in
1013 207 1132 238 virtute
1150 207 1197 236 iu-

223 260 354 289 cundum
379 267 438 287 nou
462 257 584 287 statuit.
630 254 771 284 Proinde
794 252 902 293 palam
920 257 981 288 est,
1005 261 1024 280 a
1044 249 1196 290 gentibus

224 313 295 332 eam
331 300 471 331 iustitiae
507 298 644 328 sormam
692 297 875 336 ignoratam
915 303 1008 330 esse,
1043 301 1127 333 quae
1164 296 1196 322 et

223 344 329 373 solida
364 349 394 372 et
415 347 570 371 constans
594 344 704 375 esset,
739 343 768 368 et
804 347 843 367 ex
874 337 981 366 auimo
1015 336 1060 365 ita
1084 335 1195 364 bearet

222 396 294 416 nos.
318 395 382 425 quo
406 383 576 414 iucundius
600 386 687 411 esset
712 381 794 410 bene
807 381 929 415 vivere,
952 388 992 408 ac
1015 377 1195 407 secundum

223 430 384 458 sir-tutem.
407 436 505 466 quam
528 424 640 455 laxare
664 430 799 453 naturae
813 421 1044 462 cupiditatibus
1057 418 1192 451 frenum.

224 471 261 500 Et
287 475 426 505 constat,
449 468 512 498 hoc
535 468 641 507 ipsum
664 464 758 496 fateri
782 464 963 495 Platonem.

267 529 332 558 lam
360 537 437 557 vero
462 526 570 556 ludaei
594 525 747 556 iustitiam
771 532 963 564 comparare
992 532 1029 553 se
1059 523 1195 553 arbitra-

224 572 340 601 bantur
373 568 496 610 vulgo,
534 569 560 598 si
595 567 750 598 fecissent
784 566 869 607 legis
903 575 1014 606 opera.
1070 564 1195 596 Verum

223 614 308 643 nulla
332 612 487 642 etusan
507 615 579 641 sunt
602 619 713 650 opera.
737 613 862 650 tamque
885 606 1043 649 efficacia,
1062 617 1123 648 quo
1146 607 1194 637 in-

223 656 328 685 timam
369 659 533 694 pectorum
567 657 754 683 .7zostr‹›r1ou
795 652 1038 692 propensionem
1071 654 1195 680 mutare

223 701 347 737 queunt.
393 696 511 726 Adhuc
534 697 618 726 inter
642 701 688 725 tot
712 704 812 735 opera
840 694 1038 724 scaturiebat
1068 693 1194 722 animus

224 739 393 769 affectibus
417 739 553 774 vitiosis,
577 738 684 768 adhuc
698 738 905 767 iniucundum
918 741 985 766 erat
998 735 1082 776 legis
1099 744 1194 771 011115,

224 781 331 812 adbuc
355 782 492 821 quisque
516 779 657 811 malebat
688 790 747 809 sua
771 778 904 819 defungi
928 777 1096 814 libertate,
1129 777 1194 807 hoc

224 831 284 853 est.
308 823 447 853 malebat
472 829 607 852 naturae
631 822 824 862 cupiditates
848 820 992 861 explere,
1016 825 1048 850 et
1059 819 1194 860 perinde

224 873 256 896 ut
281 876 406 896 saxum.
430 866 456 895 si
480 866 651 895 5111501113)
675 870 730 895 aut
753 863 870 894 volvas
893 868 948 893 aut
971 863 1094 898 iactes,
1128 870 1194 891 non

222 915 321 938 mutat
344 908 596 947 propensionem
619 917 659 936 ac
683 908 836 946 impetum
860 911 995 936 naturae
1012 913 1103 940 suae,
1128 913 1192 943 quo

222 951 374 981 deorsum
399 951 531 989 rapitur.
556 950 603 979 itu
627 950 720 979 nullis
743 949 883 978 externis
906 947 1056 987 operibus
1069 946 1193 977 animus

217 996 391 1031 pacantur.
442 992 481 1021 Et
506 991 555 1028 iit,
590 997 622 1021 ut
652 1001 716 1021 non
740 992 904 1031 possimus
927 999 992 1020 non
1016 988 1192 1019 mendaces

221 1045 306 1065 csse.
331 1035 461 1074 quando
485 1040 643 1075 repugnat
657 1033 793 1064 affectus
806 1034 903 1064 01111111
916 1032 1017 1072 operi.
1040 1030 1192 1061 Clu-istus

221 1088 298 1106 vcro
323 1083 469 1107 mortuus
500 1082 549 1107 est
578 1082 712 1117 propter
741 1075 1004 1106 iustificationem
1034 1079 1191 1104 nostram.

221 1119 347 1148 Passim
372 1119 556 1159 Prophetae
580 1124 708 1159 optant,
736 1124 771 1148 ut
801 1119 833 1148 in
857 1124 962 1148 terras
986 1116 1076 1157 pluat
1099 1115 1192 1145 Deus

220 1162 383 1191 iustitiam.
408 1161 504 1196 Quod
518 1167 567 1191 est
590 1162 720 1191 anxium
744 1167 855 1191 votum
877 1161 1004 1200 piarum
1026 1158 1192 1194 mentium,

221 1214 314 1244 qnae.
342 1214 415 1234 cum
437 1205 528 1244 ipsae
551 1214 588 1234 se
612 1204 846 1240 condemnent,
877 1208 908 1232 et
930 1201 1029 1241 plane
1051 1201 1193 1231 sentiant

220 1246 355 1286 adsequi
370 1256 433 1276 non
446 1256 557 1286 posse,
582 1247 669 1286 quod
682 1245 846 1283 affectant,
869 1245 1046 1284 suspirant,
1070 1248 1103 1273 ut
1117 1252 1192 1282 sup-

219 1289 339 1327 peditet
353 1288 443 1319 Deus
462 1290 609 1328 spiritum
622 1294 827 1329 purgantem,
852 1286 1080 1323 illustrantem,
1103 1285 1192 1315 iusti-

219 1330 370 1360 tia-antem
393 1337 563 1370 praeterea
583 1341 641 1371 per
665 1330 839 1361 (Ἧι-15111111.
863 1329 954 1360 Deus
978 1330 1063 1359 enim
1084 1329 1117 1359 in
1129 1333 1192 1357 ter-

220 1383 275 1402 ras
298 1373 417 1411 χρισιὼ·
440 1374 536 1404 misit.
561 1374 614 1413 qui
638 1380 742 1403 morte
765 1384 824 1403 sua
849 1377 881 1402 et
904 1370 1109 1402 satisfaceret
1131 1378 1192 1410 pro

219 1414 346 1445 delictis
361 1417 492 1453 nostris,
517 1422 546 1446 et
566 1420 758 1446 euwreretur
788 1415 935 1454 spiritum
960 1413 1192 1454 iastz'sz'cmztem,

218 1456 282 1487 hoc
306 1464 371 1494 est,
401 1459 609 1488 innovantem
633 1458 768 1488 affectus
792 1463 937 1493 nostros,
968 1462 1000 1486 et
1029 1457 1083 1496 qui
1122 1454 1191 1485 inti-

216 1509 302 1529 mam
325 1502 577 1539 propensionem
600 1501 726 1540 peccati
738 1505 850 1537 mutet,
873 1504 908 1529 ut
926 1499 1032 1539 ipsum
1056 1498 1111 1538 qui
1124 1506 1192 1527 cre-

218 1542 331 1572 derent
356 1552 430 1573 esse
454 1550 601 1573 autorem
624 1544 776 1573 iustitiae.
799 1541 930 1572 illorum
952 1546 1090 1581 peccata
1112 1540 1191 1569 abo-

219 1583 366 1614 lerentur
380 1607 389 1622 ,
435 1586 473 1615 115
518 1586 652 1625 spiritus
696 1586 837 1615 iustitiae
887 1584 1029 1614 daretur.
1096 1581 1190 1612 Hunc

217 1626 381 1657 s'hristum
411 1628 552 1658 iustitiae
582 1634 716 1658 nostrae
743 1627 897 1667 proponit
933 1626 1037 1657 oculis
1068 1624 1189 1656 nostris

220 1668 351 1699 Paulus.
376 1669 532 1710 Oingens
549 1671 757 1700 beneficium!
781 1670 837 1700 Sic
856 1678 1040 1709 agnoscere
1059 1665 1189 1707 χριστὸν,

218 1717 273 1741 111.
305 1712 331 1741 si
356 1714 512 1751 premaris
536 1712 628 1752 lege,
667 1713 867 1742 conscientia
897 1710 1108 1746 delictorum,
1135 1708 1190 1737 hic

217 1753 343 1785 auferat
367 1764 462 1792 onus,
485 1755 554 1785 suis
577 1755 721 1785 humeris
744 1755 905 1794 imponatj.
934 1753 962 1783 si
985 1754 1077 1784 sitias
1100 1751 1189 1781 iusti-

217 1798 304 1828 tiam.
327 1796 380 1826 hic
404 1798 637 1827 subministret.
662 1796 689 1826 Ο
714 1796 840 1834 felices,
863 1797 981 1836 quibus
1006 1796 1117 1826 datum
1129 1798 1190 1830 est,

217 1840 260 1869 ita
284 1839 417 1869 novisse
441 1838 622 1870 Christum!
646 1839 674 1869 O
698 1839 872 1870 insaniam!
896 1838 924 1868 Ο
938 1836 1108 1868 tenebras!
1133 1834 1190 1865 ali-

217 1882 302 1911 unde
325 1881 427 1912 solari
458 1883 582 1912 tristem
619 1882 869 1918 conscientiam,
897 1880 1028 1911 aliunde
1057 1886 1191 1918 sperare

215 1924 368 1954 iustitiam
391 1930 422 1954 et
446 1923 631 1955 absolutam
654 1925 816 1961 w‘rtutem,
840 1933 937 1964 quam
960 1933 980 1953 a
1003 1918 1148 1952 Christo!

674 1998 730 2029 IV.

260 2057 369 2089 Dicis:
400 2057 466 2089 Cur
496 2068 561 2088 non
591 2058 802 2098 adsequimur
824 2057 977 2087 iustitiam
1000 2056 1123 2086 nostris
1146 2056 1192 2086 vi·

218 2102 330 2131 ribus?
381 2100 521 2140 Propter
539 2107 712 2140 peccatum
736 2099 906 2140 originale.
952 2096 1192 2129 PECCATUM

218 2142 459 2172 ORIGINALE
483 2149 533 2173 est
557 2144 717 2184 genuinus
741 2143 857 2179 ardor,
886 2142 1043 2181 impetuS,
1067 2146 1191 2180 raptus,

219 2195 283 2225 quo
309 2184 465 2215 trahimur
494 2186 535 2216 ad
559 2186 646 2216 vitia.
691 2185 784 2216 Sicut
814 2185 846 2215 in
880 2185 956 2226 igne
986 2190 1100 2223 raptus
1129 2188 1191 2221 est,

218 2237 283 2267 quo
312 2237 442 2257 sursum
475 2225 591 2258 fertur:
637 2228 681 2257 ita
714 2228 746 2257 in
768 2226 900 2257 homine
933 2227 976 2257 ad
1008 2232 1190 2266 peccatum.

218 2269 310 2300 Sicut
323 2271 353 2299 in
363 2269 484 2300 Genesi
498 2276 615 2300 octavo
630 2268 743 2309 Capite
757 2272 818 2306 [vs.
830 2269 895 2307 214
910 2269 1006 2300 edicit
1014 2268 1190 2300 Dominus:

217 2321 335 2342 sensus
360 2318 390 2341 et
415 2313 570 2353 cogitatio
583 2322 685 2351 prava
702 2312 842 2342 hominis
867 2317 917 2341 est
940 2312 982 2342 ad
1004 2311 1126 2342 malum
1148 2311 1190 2342 ab

216 2353 451 2384 adolescentia.
476 2354 560 2384 Nam
591 2354 665 2394 quia
688 2353 780 2384 Deus
810 2353 926 2393 spiritu
956 2359 987 2384 et
1020 2353 1096 2384 luce
1118 2363 1190 2390 sua,

216 2395 281 2425 hoc
304 2402 365 2433 est,
389 2397 509 2427 iustitia
532 2395 682 2437 originali
713 2406 774 2427 1105
803 2395 968 2437 spoliavit,
991 2397 1135 2436 rapimur
1158 2396 1189 2426 in

235 2532 263 2561 3)
290 2531 404 2562 sursum]
422 2532 458 2557 sic
476 2532 556 2557 Strob.
576 2533 601 2556 et
619 2531 714 2562 Fried.;
733 2531 776 2556 Ed.
796 2537 845 2561 pn:
864 2536 973 2556 sorsum.

1241 216 1303 237 nos
1328 212 1361 237 et
1379 212 1504 243 nostra,
1529 206 1699 246 incipimus
1712 215 1838 237 summo
1852 216 1964 237 amore
1984 206 2156 246 complecti
2170 210 2214 239 vi-

1242 254 1307 279 tam
1330 254 1360 279 et
1385 249 1541 289 quidquid
1565 251 1649 279 vitae
1672 248 1848 278 iucundum
1871 255 1936 285 est3
1959 249 2098 290 denique
2121 251 2217 281 nobis

1240 292 1322 331 ipsis
1353 291 1444 322 beari
1478 290 1638 322 volumus.
1687 290 1760 325 Quo
1796 290 1852 328 fit,
1885 296 1922 322 ut
1944 290 2025 322 nihil
2047 302 2152 332 aeque
2175 303 2215 323 ac

1239 344 1329 364 mors
1354 334 1429 364 odio
1453 335 1513 369 sit3
1543 339 1575 364 111
1607 343 1720 364 01111105
1744 334 1830 364 vitae
1854 333 2030 365 illecebrae
2054 335 2215 366 iucundae

1240 377 1316 414 sint,
1340 382 1375 407 ut
1397 377 1591 407 adversetur
1613 376 1790 415 cupiditas,
1821 376 1849 406 si
1873 377 1950 416 quid
1972 377 2101 408 iubetur
2123 388 2143 408 a
2166 387 2214 408 ra-

1240 421 1329 451 tione
1359 420 1540 450 diversum:
1568 418 1644 449 hinc
1675 419 1783 449 odium
1806 417 1891 459 legis
1909 424 1976 455 est3
1998 420 2073 450 inde
2097 424 2127 450 et
2149 430 2216 451 ser-

1240 462 1314 494 vilis
1337 467 1442 493 metus
1456 484 1464 499 ,
1497 462 1572 493 inde
1596 462 1738 492 omnium
1760 460 1935 492 affectuum
1957 463 2217 502 perniciosorum

1239 506 1403 536 materies.
1448 504 1538 535 Haec
1572 505 1657 535 enim
1681 505 1840 544 cupiditas
1871 505 1966 535 eximi
1996 506 2118 535 11051115
2141 505 2216 536 viri-

1242 549 1302 578 bus
1326 558 1391 578 non
1416 553 1534 587 potest„
1559 547 1692 586 perinde
1715 553 1750 578 ut
1772 547 1870 577 homo
1884 547 2028 577 excitare
2051 548 2121 587 ipse
2141 557 2216 579 sese

1239 596 1402 621 mortuum
1424 600 1491 620 non
1513 595 1632 630 potest.
1677 589 1719 620 Et
1742 591 1822 620 satis
1846 589 2118 630 deprehendimus
2143 600 2217 627 usu,

1240 634 1328 674 quod
1356 642 1502 664 amamus
1532 633 1701 669 ardenter,
1729 633 1771 663 ab
1801 642 1840 663 eo
1868 642 1930 663 nos
1959 638 2073 663 nostra
2096 638 2215 673 sponte

1239 681 1389 706 avertere
1411 676 1537 706 animos
1560 685 1626 705 non
1647 684 1760 715 posse,
1784 685 1883 715 quum
1905 675 1994 706 iubet
2005 676 2099 705 ratio.
2124 675 2215 706 Sem-

1240 728 1299 757 per
1320 723 1427 748 autem
1453 728 1599 748 amamus
1634 727 1695 747 nos
1709 740 1717 754 ,
1751 727 1881 757 semper
1910 722 2048 749 mortem
2077 717 2216 756 odimus,

1240 770 1369 799 semper
1391 760 1452 800 ipsi
1475 770 1536 790 nos
1560 760 1654 790 nobis
1687 760 1776 790 beari
1805 759 1966 791 volumus.
2013 759 2104 790 Haec
2128 760 2216 800 cupi-

1240 802 1324 832 ditas
1347 808 1379 832 et
1404 801 1558 832 voluntas
1582 802 1623 832 sit
1646 801 1758 833 libera.

1705 893 1746 923 V.

1322 967 1486 1000 Voluntas
1510 974 1617 1009 potest
1641 969 1822 1008 comparari
1851 968 1903 999 vel
1928 969 1969 999 ad
1993 970 2214 1009 praedestina-

1238 1011 1379 1048 tionem,
1409 1012 1457 1041 sic
1480 1010 1570 1042 nullo
1594 1011 1691 1041 modo
1715 1016 1747 1041 et
1769 1011 1895 1048 libera,
1922 1012 1979 1041 sed
2001 1011 2093 1042 huius
2116 1012 2212 1043 subli-

1237 1055 1319 1084 mior
1341 1057 1388 1084 est
1409 1054 1507 1089 ratio,
1531 1063 1624 1093 quam
1648 1057 1680 1083 ut
1704 1063 1725 1083 a
1746 1053 1836 1083 uobis
1851 1053 2082 1093 comprehendi
2102 1061 2215 1094 queat:

1237 1102 1291 1126 aut
1316 1106 1376 1126 sua
1400 1102 1523 1126 tantum
1546 1102 1663 1126 natura
1686 1096 1928 1129 consideratio-3
1958 1101 2025 1126 tum
2059 1096 2100 1126 ad
2136 1096 2212 1127 affe-

1238 1144 1322 1175 ctus,
1345 1148 1411 1169 non
1434 1144 1484 1169 est
1506 1137 1620 1175 libera,
1644 1143 1676 1167 et
1688 1137 1773 1168 sicut
1794 1137 1932 1168 affectus
1950 1143 2002 1168 est
2024 1139 2133 1178 operis
2159 1148 2212 1169 ex-

1238 1182 1320 1212 terni
1344 1181 1491 1221 pondus,
1522 1181 1565 1210 ita
1588 1181 1735 1210 membra
1756 1189 1869 1210 secum
1891 1180 1991 1220 rapit,
2021 1181 2049 1210 si
2072 1181 2216 1221 coeperit

1240 1223 1340 1264 paulo
1363 1223 1588 1254 vehementius
1612 1223 1752 1259 saevire,
1776 1223 1822 1252 ita
1844 1223 1955 1253 necin
1979 1223 2122 1254 externis
2140 1233 2216 1264 ope-

1239 1266 1332 1296 ribus
1357 1266 1416 1296 erit
1439 1265 1549 1305 aliqua
1572 1264 1717 1295 libertas.
1764 1264 1888 1295 Verum
1916 1264 2106 1305 simpliciter
2129 1275 2215 1297 com·

1238 1313 1355 1348 parata
1379 1308 1420 1338 ad
1445 1317 1528 1348 opus
1553 1313 1722 1338 externum
1746 1312 1796 1337 est
1808 1306 1923 1345 libera,
1946 1309 2006 1345 sic,
2028 1313 2065 1338 ut
2080 1308 2215 1348 perinde

1238 1360 1278 1381 ac
1296 1350 1484 1381 intellectus
1507 1359 1573 1380 non
1602 1355 1711 1389 potest
1741 1349 1826 1380 inter
1853 1350 2123 1382 contradictorias
2152 1351 2215 1382 nisi

1238 1393 1292 1423 uni
1315 1393 1484 1429 adsentiri,
1510 1398 1542 1423 et
1564 1397 1671 1423 tamen
1694 1398 1866 1432 utramque
1879 1392 2064 1432 concipere,
2087 1394 2137 1424 510
2158 1403 2215 1424 vo-

1238 1434 1347 1466 luntas
1371 1434 1487 1466 affectu
1519 1435 1551 1465 in
1585 1433 1695 1475 aliqua
1724 1444 1760 1464 re
1782 1433 1907 1472 haeret,
1929 1436 2215 1475 1101ῑο510111οωᾱί-

1236 1488 1369 1508 versum
1383 1479 1411 1514 4)
1435 1477 1578 1507 externis
1597 1476 1750 1507 membris
1764 1477 1934 1516 imperare.
1980 1477 2104 1508 Verum
2115 1484 2216 1518 prout

1236 1520 1341 1551 altera
1364 1520 1630 1550 contradictionis
1654 1529 1731 1559 pars
1754 1520 1958 1550 mendacium
1981 1525 2042 1557 est,
2066 1521 2110 1551 ita
2129 1530 2213 1561 opus

1237 1568 1424 1599 externum,
1452 1562 1539 1602 quod
1580 1561 1614 1591 fit
1647 1567 1850 1602 repugnante
1880 1562 1977 1592 animi
2010 1561 2139 1593 affectu.
2185 1562 2213 1593 Ο

1235 1605 1420 1646 hypocrisis
1445 1613 1591 1644 operum,
1614 1614 1679 1644 qua
1701 1613 1763 1633 nos
1786 1603 2059 1639 iust.ifican1ur⁴²¹)
2082 1605 2183 1645 impii!

1696 1694 1751 1725 VI.

1323 1763 1393 1793 Lex
1417 1768 1467 1793 est
1491 1762 1662 1799 sententia,
1687 1761 1739 1792 vel
1753 1762 1905 1793 divinitus
1918 1762 2135 1803 promulgata,
2158 1762 2212 1794 vel

1238 1810 1373 1835 ostensa
1385 1805 1510 1834 ratione
1523 1804 1674 1841 naturali,
1698 1814 1763 1844 qua
1786 1805 1937 1835 iubentur
1949 1811 2049 1835 recta.
2072 1805 2114 1835 Et
2126 1805 2212 1836 hanc

1237 1847 1361 1877 Paulus
1385 1856 1520 1886 operum
1544 1845 1650 1887 legem
1680 1852 1796 1883 vocat,
1820 1847 1908 1887 qnod
1939 1857 2039 1888 opera
2068 1848 2211 1885 mandat,

1237 1889 1416 1929 eademque
1438 1887 1543 1919 Paulo
1555 1887 1744 1919 LITTERA
1757 1889 1884 1926 dicitur,
1904 1889 1967 1920 1100
1981 1895 2042 1927 051,
2054 1891 2212 1921 sententia

1236 1930 1402 1970 inefficax,
1425 1941 1506 1971 quae
1529 1932 1563 1961 id
1586 1932 1688 1970 ipsum
1710 1940 1773 1961 non
1782 1935 1939 1971 praestet,
1964 1932 2050 1972 quod
2067 1933 2210 1964 mandat.

1237 1974 1353 2014 Neque
1372 1974 1456 2003 enim
1471 1972 1691 2013 Tarquinium,
1715 1974 1790 2013 quia
1813 1974 1894 2004 ratio
1910 1980 2031 2012 monet,
2053 1979 2088 2005 ut
2106 1984 2212 2015 apar-

1238 2016 1350 2046 ricidio
1373 2025 1506 2053 manus,
1534 2017 1575 2045 ab
1599 2016 1696 2054 impio
1720 2016 1827 2045 soceri
1850 2017 1943 2053 odio,
1973 2017 2114 2047 animum
2133 2022 2211 2047 tem-

1237 2064 1339 2099 peret,
1363 2068 1501 2089 necesse
1524 2056 1582 2088 suit
1596 2058 1745 2097 obsequi,
1769 2059 1864 2088 inuno
1888 2068 1929 2088 ne
1951 2059 2055 2098 potuit
2070 2059 2208 2099 quidem.

1237 2101 1305 2130 Lea*
1334 2102 1414 2130 enim
1443 2104 1489 2130 est
1518 2099 1671 2138 inefficax
1690 2101 1858 2139 coyz'mtio,
1887 2100 2025 2139 affectus
2043 2105 2146 2132 autem
2165 2105 2212 2131 est

1235 2144 1305 2173 rita
1323 2143 1459 2179 mu‘nme,
1479 2143 1561 2173 adeo
1579 2145 1614 2172 ut
1633 2142 1700 2181 leye
1717 2143 1804 2172 vinci
1820 2147 1877 2173 aut
1895 2144 2013 2183 expelli
2023 2152 2085 2174 non
2095 2144 2209 2182 possit.

1237 2185 1311 2215 Vim
1334 2185 1418 2226 legis
1435 2185 1539 2225 probe
1557 2183 1743 2225 intelligere
1763 2185 1816 2225 qui
1837 2184 1943 2223 volet,
1968 2185 2098 2216 omnino
2123 2194 2210 2216 com-

1236 2233 1328 2267 paret
1358 2238 1430 2258 cum
1457 2226 1576 2257 affectu
1602 2227 1843 2268 cogitationem.
1889 2227 2004 2268 Neque
2037 2228 2211 2268 quisquam

1235 2276 1300 2301 tam
1320 2269 1459 2300 stolidus
1479 2275 1540 2306 est,
1560 2270 1614 2309 qui
1632 2279 1698 2299 non
1718 2269 1890 2311 intelligat,
1911 2270 2142 2311 cogitationem
2161 2269 2208 2301 af-

1251 2413 1281 2443 4)
1307 2412 1447 2443 diversum]
1466 2413 1497 2437 ad
1516 2413 1581 2437 hanc
1598 2419 1686 2438 vocem
1705 2413 1809 2438 Kohlius
1827 2413 1976 2441 adnotauit,
1995 2414 2128 2439 lectionem
2150 2415 2174 2439 11.
2194 2415 2208 2439 1.

1303 2447 1581 2510 ἒῐὲείυιῑὲξὲῧιέἲῗῃθεεε
1601 2447 1711 2473 dubiam.
1731 2450 1814 2472 utrum
1842 2446 1981 2472 divers-im
2007 2455 2040 2473 an
2060 2447 2207 2473 diversum

1250 2531 1291 2557 42¹)
1308 2530 1484 2562 iustificamur]
1505 2532 1540 2557 sic
1560 2532 1640 2557 Strob.
1659 2534 1685 2556 et
1702 2531 1792 2557 Fried.:
1812 2532 1853 2557 Ed.
1872 2538 1908 2562 pr.
1927 2533 2098 2559 iustificamus
