2358 2933
245 102 307 133 859
869 103 976 134 Ptin„
995 103 1097 134 MEL.
1120 103 1303 136 SCRIPTA
1320 103 1592 136 DOGMATicA.
2164 105 2227 137 860

248 196 328 224 siam
353 202 381 224 et
406 205 442 225 se
465 196 568 235 ipstun
588 204 646 234 pro
671 204 709 224 ea
733 195 874 231 tradidit,
900 202 933 225 ut
948 205 1021 226 eam
1032 196 1215 226 sanctificet

248 237 406 267 mundans
420 246 491 266 eam
504 235 638 266 lavacro
655 245 770 276 aquae.
804 235 925 268 Definit
940 236 1123 268 Ecclesiam
1140 248 1216 268 esse

249 288 384 319 regumn
408 278 543 313 Christi,
579 288 674 318 quam
702 278 900 315 sanctificat,
935 285 964 309 et
990 279 1080 310 addit
1102 278 1215 310 Eccle-

248 321 317 350 siae
340 321 480 360 signum,
504 326 537 349 ut
561 320 724 350 discernat
750 330 821 350 eam
843 331 864 351 a
886 319 1019 361 reliquis
1043 321 1216 359 Gentibus,

248 371 345 401 super
368 371 448 401 quas
474 371 537 391 non
561 369 610 392 est
635 363 820 393 invoa-anun
843 372 960 393 nomen
974 362 1105 393 Christi.
1140 363 1217 393 ltem

250 403 340 433 Rom.
353 403 384 433 S.
398 406 460 440 [vs.
474 402 540 440 302]
565 403 656 438 Quos
679 402 788 444 clegit.
811 404 872 434 hos
891 412 921 435 et
945 405 1085 435 vocavit.
1120 403 1217 435 Nulla

249 446 345 515 igitur
368 451 417 474 est
440 443 606 482 electi017)
631 455 762 482 eorum,
781 447 834 486 qui
857 457 922 477 non
946 448 1134 477 inseruntur
1157 446 1217 477 Ec-

250 487 370 517 cesiae
404 493 539 517 externa
575 488 757 518 vocatione.
808 488 885 519 ltcm
920 488 1034 519 matth.
1072 489 1120 520 lS.
1155 488 1218 519 Ubi

249 535 323 559 sunt
351 528 415 559 duo
443 536 497 559 nut
523 535 590 559 tres
622 531 812 571 congregati
842 531 872 560 in
901 531 1030 561 nomine
1065 540 1152 567 meo,
1186 531 1218 560 in

249 570 353 600 medio
378 580 490 601 eorum
513 581 595 601 sum.
640 571 728 612 Ergo
753 573 783 602 in
808 582 847 602 eo
872 579 978 609 coetu,
1001 573 1054 613 qui
1077 582 1142 602 non
1167 578 1217 602 est

250 620 470 653 congregatus
494 614 525 643 in
549 615 677 644 nomine
695 613 827 651 Christi,
850 612 1002 644 Christus
1025 624 1090 645 11011
1114 615 1217 645 adest.

249 653 402 684 Tenenda
425 662 473 685 est
498 656 595 695 igitur
618 654 700 686 haec
719 656 878 686 sententia
893 656 1092 687 firmissime:
1115 656 1218 687 Extra

250 694 430 727 Ecclesiam
455 707 518 727 non
543 707 619 727 esse
643 699 867 728 remissionem
881 706 1089 738 pcccatorum
1112 706 1144 729 et
1167 708 1219 728 sa-

251 737 347 768 lutem
375 745 550 770 aeternam.
595 739 654 769 His
683 741 809 770 duabus
838 741 1118 780 propositionibus
1142 750 1219 769 con-

251 781 388 817 stitutis,
422 782 509 821 quod
540 781 580 811 ad
602 781 745 813 infantes
768 783 924 822 pertineat
950 783 1122 822 promissio
1146 792 1219 823 gra-

251 823 314 852 tiae
337 830 368 852 et
391 824 478 862 quod
500 833 564 853 non
585 824 740 863 pertineat
767 824 808 854 ad
831 824 970 854 iniantes
994 830 1087 854 extra
1104 823 1218 854 Eccle-

251 865 343 900 siam,
366 863 454 895 clare
478 865 623 905 sequitur
647 865 832 897 conclusio:
864 865 1007 897 Infantes
1032 867 1218 896 necessario

251 906 443 936 inserendos
475 917 548 937 csse
572 906 741 938 Ecclesiae
769 918 826 948 per
848 908 1066 948 Baptismum‚
1100 909 1131 938 in
1155 918 1219 948 quo

252 958 349 988 super
378 958 435 979 cos
465 950 636 979 invocatur
667 960 783 979 nomen
811 949 882 980 Deiv
934 949 1056 991 Magna
1086 961 1139 980 res
1169 956 1219 979 est

251 990 415 1021 invocatio
442 991 581 1022 nominis
612 991 690 1029 Dei,
725 1002 808 1032 quae
838 992 872 1022 lit
906 1002 964 1032 pet·
997 993 1219 1023 ministerium.

252 1031 328 1062 Ideo
352 1031 502 1063 Christus
525 1034 690 1064 coniunxit
712 1033 796 1064 haec
820 1034 901 1065 duo:
937 1033 1040 1064 Sinite
1063 1032 1220 1074 parvulos

252 1075 364 1105 venire
392 1075 433 1105 ad
463 1085 530 1113 me,
564 1077 638 1116 quia
666 1074 776 1106 talium
807 1083 855 1106 est
881 1086 1017 1117 regumn
1041 1075 1219 1107 coelorum.

251 1114 393 1154 Talium,
425 1118 457 1147 id
480 1125 546 1154 est,
571 1128 701 1155 comm,
726 1119 779 1158 qui
801 1117 877 1149 mihi
901 1118 1098 1156 offeruntur,
1122 1127 1221 1158 super

253 1168 335 1198 quos
359 1166 531 1190 invocatur
552 1170 671 1191 nomen
693 1171 808 1190 meum.

339 1200 450 1241 ltaque
479 1212 544 1232 non
575 1203 686 1233 dubito
715 1203 865 1233 convinci
894 1213 1008 1233 onmes
1032 1213 1134 1233 sanos
1157 1201 1220 1232 hoc

253 1249 460 1283 argumento:
485 1242 586 1274 Extra
608 1244 792 1275 Ecclesiam
812 1255 876 1275 non
901 1252 952 1275 estv
975 1244 1084 1281 salus,
1106 1245 1137 1274 id
1161 1250 1221 1281 est,

253 1285 307 1315 ubi
335 1294 395 1316 nec
424 1286 636 1317 ministerium
665 1285 833 1327 Evangelii
867 1294 980 1324 sonat,
1014 1298 1075 1318 nec
1105 1286 1222 1316 Sacra-

253 1333 361 1357 menta
395 1328 666 1359 administrantur.
720 1329 771 1359 Ad
806 1328 946 1359 infantes
978 1331 1115 1368 pertinet
1148 1338 1222 1368 pro-

254 1369 365 1399 missio
399 1368 533 1405 salutm
570 1369 660 1411 Ergo
694 1369 833 1401 infantes
870 1382 1005 1401 necesse
1040 1379 1089 1401 est
1122 1370 1221 1400 inseri

253 1409 424 1442 Ecclesiae
452 1421 511 1451 per
533 1411 751 1452 Baptismum,
781 1414 811 1443 in
837 1423 900 1452 quo
926 1423 1025 1453 super
1049 1423 1108 1443 eos
1132 1414 1222 1442 invo-

255 1460 345 1484 catur
368 1463 483 1484 nomen
507 1456 630 1485 aeterni
648 1454 767 1492 Patris,
790 1454 861 1485 Filii
885 1462 917 1485 et
939 1455 1080 1494 Spiritus
1105 1454 1221 1485 sancti.

253 1494 324 1525 Hoc
343 1502 567 1536 argumentum
590 1497 633 1526 ita
658 1496 782 1527 fimium
805 1504 868 1534 est,
886 1504 921 1527 ut
944 1498 1045 1527 everti
1070 1507 1135 1527 non
1146 1506 1223 1536 pos-

253 1538 304 1567 sit.
351 1537 562 1578 Nequaquam
595 1540 679 1569 enim
712 1537 867 1569 affirmari
902 1544 1026 1579 potest,
1060 1539 1223 1579 pertinere

256 1579 394 1610 salutem
419 1580 460 1610 ad
483 1579 623 1611 infantes
653 1588 746 1611 extra
769 1580 970 1619 Ecclesiam,
1003 1588 1038 1612 ut
1060 1581 1131 1611 sine
1154 1579 1221 1611 ullo

256 1622 438 1652 testimonio
461 1620 606 1653 furenter
629 1623 828 1654 contendunt
852 1623 1098 1663 Anabaptistae.

551 1716 589 1746 ll.
623 1716 768 1757 Argum
778 1723 921 1748 entum.

341 1791 484 1823 Infantes
507 1799 686 1823 nascuntur
709 1804 782 1823 cuni
804 1799 954 1832 peccate,
978 1803 1038 1823 nec
1058 1792 1224 1824 6111111188-

258 1836 353 1865 redes
384 1835 468 1865 vitae
498 1841 649 1865 aeternae
678 1835 749 1865 sine
778 1836 970 1866 remissione
993 1835 1130 1875 peccati.
1177 1834 1225 1864 111-

258 1878 359 1907 stituit
371 1883 478 1907 autem
490 1876 583 1907 Deus
597 1878 627 1907 in
641 1877 793 1907 Ecclesia
810 1878 1021 1908 ministerium
1044 1877 1225 1907 remittendi

280 1927 393 1949 eccata
417 1926 445 1948 et
471 1919 683 1949 distribuendi
698 1920 919 1949 remissionem
932 1930 989 1959 per
1003 1919 1225 1949 Sacramenta.

278 1960 335 1991 ''ult
359 1961 402 1991 ita
425 1961 494 1990 dari
513 1964 552 1996 1θ’)
583 1962 823 1998 remissicnem,
859 1972 931 1992 cum
955 1962 1023 1992 eius
1048 1961 1225 1991 nilnisterio

259 2003 384 2034 utimur.
409 2001 517 2037 Quare
536 2001 712 2034 infantibus
730 2004 975 2043 impertiendum
991 2010 1041 2034 est
1053 2003 1116 2034 hoc
1130 2004 1227 2034 bene-

259 2046 364 2076 ficium
388 2055 445 2085 per
467 2045 677 2085 Baptismum.

345 2087 440 2122 Quod
470 2097 548 2117 vero
571 2088 809 2128 Anabaptistae
835 2089 867 2118 in
896 2089 1084 2118 universum
1106 2094 1228 2128 negant

261 2136 358 2160 totam
383 2129 563 2160 doctrinam
587 2130 626 2160 de
641 2136 777 2170 peccato
791 2130 946 2171 Originis,
970 2131 1074 2171 magis
1086 2131 1225 2171 produnt

261 2181 351 2202 suam
379 2172 556 2202 amentiam,
601 2172 684 2202 Nam
707 2173 734 2202 si
758 2178 835 2203 sunt
858 2173 928 2202 sine
952 2179 1107 2212 peccato,
1137 2171 1228 2202 Chri-

261 2219 331 2244 stus
365 2223 429 2243 non
463 2219 513 2243 est
545 2223 663 2254 passus
697 2224 756 2255 pro
787 2213 974 2245 infantibus.
1025 2213 1228 2256 Collegimus

259 2261 365 2286 autem
388 2254 451 2285 alio
474 2254 548 2286 loco
569 2257 752 2287 testimonia
764 2256 957 2296 Proplietica
979 2263 1011 2288 et
1024 2254 1226 2297 Apostolica,

261 2307 345 2337 quae
368 2297 543 2329 ostendunt
565 2308 678 2328 omnes
702 2305 878 2330 nascentes
891 2309 1004 2330 secum
1022 2299 1141 2330 afferre
1153 2309 1227 2339 pec-

262 2345 379 2376 catum,
401 2345 435 2369 ut
452 2338 546 2370 Rom.
559 2339 589 2370 5.
614 2343 675 2377 [vs.
691 2340 753 2378 12]
776 2341 868 2371 Mors
891 2342 1035 2381 pervasit
1058 2342 1089 2372 in
1114 2351 1227 2372 omnes

267 2467 307 2494 17)
328 2471 366 2490 est
385 2466 485 2497 electio]
504 2467 575 2491 Editt.
599 2469 617 2489 1.
638 2468 659 2489 23.
679 2468 767 2492 electio
787 2474 824 2493 est

264 2518 306 2545 18)
327 2517 391 2546 dari]
410 2516 480 2540 Editt.
503 2517 588 2541 1—1‘1'.
610 2517 645 2541 19,
664 2518 702 2542 21.
721 2518 781 2542 dare

1260 196 1420 234 11οωὶ1185,
1443 206 1482 227 80
1507 196 1595 236 quod
1617 204 1730 226 omnes
1754 204 1984 235 peccaverunt,
2010 198 2042 228 id
2066 204 2130 234 est,
2153 204 2227 228 sunt

1260 239 1316 269 rei.
1362 239 1403 269 Et
1424 237 1507 278 Eph.
1527 238 1558 269 2.
1583 240 1645 275 ivs·
1665 236 1707 275 3.]
1732 237 1870 268 Eramus
1893 245 1926 269 ct
1948 248 2009 269 nos
2032 244 2148 270 natura
2171 238 2226 270 filii

1259 281 1337 318 irae,
1360 281 1393 311 id
1416 287 1477 317 est,
1502 281 1549 310 rei
1571 289 1631 310 seu
1652 279 1772 310 addicti
1795 280 1863 310 irae
1885 290 1945 312 seu
1963 281 2113 312 damnati.
2145 279 2227 312 cum

1259 323 1358 363 igitur
1379 332 1445 353 non
1469 322 1600 353 dubium
1624 321 1666 351 sit
1688 321 1720 351 in
1743 319 1921 353 infantibus
1945 332 2021 353 esse
2043 329 2225 362 peccatum,

1260 365 1355 395 debet
1372 363 1503 404 aliquod
1527 373 1602 394 esse
1626 363 1800 393 discrimen
1824 362 1992 395 infantium
2008 366 2049 404 ¹9)
2073 363 2227 395 Ethnico-

1260 417 1345 443 rum,
1376 407 1430 447 qui
1453 413 1586 436 manent
1609 406 1674 442 rei,
1708 411 1739 436 et
1761 403 1929 436 infantium
1943 407 1987 443 2⁰)
2011 407 2042 436 in
2065 405 2227 442 Ecclesia,

1261 449 1313 489 qui
1336 448 1534 488 recipiuntur
1557 458 1577 478 a
1594 446 1669 478 Deo
1691 457 1750 487 per
1773 448 1993 479 ministerium.

1557 539 1609 570 111.
1644 540 1937 581 Argumentum.

1345 616 1398 646 Ad
1422 625 1506 656 quos
1530 616 1668 656 pertinet
1690 616 1885 656 promissio,
1914 615 1954 646 ad
1978 616 2111 647 cosdem
2132 617 2229 656 perti-

1261 665 1314 688 net
1337 664 1369 688 et
1392 658 1531 698 signum.
1575 657 1658 688 Nam
1688 658 1817 699 signum
1845 657 1996 689 traditum
2025 663 2075 688 est
2096 664 2230 698 propter

1260 700 1523 740 promissionem.
1578 698 1712 730 Certum
1751 706 1802 730 est
1841 706 1950 731 autem
1982 699 2230 740 promissionem

1261 743 1386 783 gratiae
1419 742 1582 781 pertinere
1616 741 1657 772 ad
1691 739 1849 777 infantes3
1882 741 1972 782 Ergo
2006 751 2144 772 necesse
2179 748 2230 772 est

1261 785 1309 814 eis
1343 782 1501 823 applicari
1529 783 1659 823 signum
1687 793 1745 823 per
1773 784 2001 821 ministerium,
2035 793 2099 824 quo
2129 792 2230 824 super

1262 835 1320 856 eos
1344 835 1461 856 nomen
1485 824 1547 855 Dei
1571 826 1750 856 invocatur.

1552 918 1607 949 lv.
1642 918 1943 959 Argumentum.

1326 993 1515 1025 Mandatum
1539 994 1580 1024 de
1591 994 1759 1034 Baptismo
1783 1000 1834 1025 est
1855 993 2058 1031 universale,
2072 995 2166 1026 acad
2183 1003 2232 1026 to-

1263 1043 1328 1067 tam
1349 1034 1533 1067 Ecclesiam
1554 1036 1693 1077 pertinet
1717 1035 1796 1073 11011.
1811 1035 1842 1074 3,
1866 1036 1927 1074 3.]:
1950 1036 2020 1067 Nisi
2044 1037 2116 1077 quis
2139 1046 2232 1068 rena-

1263 1084 1315 1108 tus
1339 1076 1435 1108 suerit
1457 1088 1497 1109 ex
1516 1088 1601 1119 aqua
1624 1084 1656 1108 et
1679 1078 1803 1118 spiritu,
1826 1088 1891 1109 non
1910 1079 2232 1120 intrabitinregnum

1264 1119 1439 1151 coelorum.
1473 1120 1619 1151 Pertinet
1642 1121 1739 1161 igitur
1763 1121 1858 1151 etiam
1872 1120 1913 1151 ad
1931 1119 2082 1158 infantes,
2105 1126 2140 1152 ut
2154 1120 2232 1152 fiant

1262 1173 1340 1202 pars
1359 1161 1540 1194 Ecclesiae.
1580 1162 1651 1193 Nec
1675 1163 1806 1193 dubium
1829 1168 1880 1192 est
1902 1172 2031 1202 semper
2053 1161 2156 1193 fuisse
2177 1162 2234 1193 ali-

1264 1215 1329 1245 qua
1351 1205 1457 1244 signa,
1491 1205 1610 1245 quibus
1631 1203 1773 1235 infantes
1796 1205 1829 1235 in
1851 1204 2004 1235 Ecclesia
2025 1204 2099 1235 Deo
2133 1203 2234 1235 oblati

1264 1252 1351 1283 sunt,
1373 1252 1409 1276 ut
1431 1245 1489 1277 fuit
1513 1247 1719 1277 circumcisio
1742 1245 1964 1277 masculorum
1987 1247 2115 1277 indens
2141 1256 2181 1277 ue
2193 1247 2234 1277 ab

1263 1287 1448 1325 Abraham,
1494 1294 1525 1319 et
1559 1287 1642 1318 aliae
1677 1289 1899 1325 ceremoniae,
1943 1288 2060 1328 quibus
2093 1289 2102 1319 i
2141 1294 2234 1319 antes

1265 1328 1400 1361 masculi
1430 1336 1462 1360 et
1489 1328 1637 1360 femellae
1666 1330 1738 1360 Deo
1769 1329 2005 1367 offerebantur,
2038 1330 2070 1360 id
2103 1335 2170 1368 est,
2202 1330 2234 1360 in

1265 1373 1382 1412 quibus
1413 1372 1605 1402 ceremoniis
1631 1382 1749 1402 nomen
1772 1371 1835 1402 Dei
1857 1382 1956 1411 super
1979 1380 2037 1402 eos
2059 1372 2234 1403 invocaba-

1266 1420 1331 1450 tur,
1361 1420 1391 1443 et
1415 1412 1641 1453 applicabatur
1665 1414 1711 1443 eis
1735 1414 1917 1444 benedictio
1942 1414 2051 1444 divina
2072 1414 2236 1453 promissa

1265 1455 1429 1486 Patribus.
1475 1455 1666 1486 Habuerunt
1690 1455 1806 1485 Patres
1831 1462 1862 1486 et
1884 1461 1959 1485 ante
1983 1454 2149 1486 Abraham
2171 1453 2236 1486 alia

1266 1498 1361 1538 signa
1393 1507 1413 1528 a
1443 1496 1515 1528 Deo
1546 1497 1674 1527 tradita.
1728 1497 1866 1537 Oportet
1900 1499 1984 1528 enim
2017 1498 2118 1528 teneri
2145 1497 2236 1533 ⁸hanc

1265 1539 1479 1581 hypothesin:
1515 1537 1677 1576 Infantes,
1707 1540 1760 1580 qui
1784 1545 1860 1570 sunt
1881 1540 1914 1570 in
1936 1537 2104 1577 Ecclesia,
2137 1549 2236 1580 super

1266 1592 1348 1622 quos
1367 1582 1553 1612 invocatum
1576 1588 1626 1612 est
1645 1591 1763 1612 nomen
1776 1580 1910 1619 Christi,
1932 1581 2033 1622 recipi
2045 1581 2077 1611 in
2089 1581 2235 1622 gratiam,

1266 1634 1330 1655 non
1353 1623 1524 1661 Turcicos,
1547 1634 1611 1654 non
1635 1623 1797 1656 Iudaicos.
2139 1656 2142 1659 ,
2180 1652 2181 1655 ,

1351 1666 1417 1697 Sed
1446 1664 1625 1696 reclamant
1647 1665 1905 1705 Anabaptistae,
1934 1672 2056 1706 negant
2077 1666 2237 1706 prodesse

1268 1708 1463 1748 baptismum
1486 1706 1680 1745 infantibus,
1715 1718 1787 1739 cum
1809 1718 1875 1738 non
1898 1707 2081 1750 intelligant
2101 1709 2237 1739 verbum

1267 1757 1298 1781 et
1328 1750 1514 1781 ceremonia
1541 1751 1612 1780 sine
1642 1749 1705 1781 fide
1734 1750 1926 1790 accipientis
1957 1750 2000 1781 sit
2022 1750 2142 1781 otiosa.
2174 1749 2237 1782 ,Ad

1267 1793 1330 1824 hoc
1355 1793 1556 1833 respondeo:
1580 1791 1796 1823 Verissimum
1819 1798 1882 1829 est,
1906 1793 1937 1824 in
1955 1791 2238 1829 omnibusadultis

1269 1835 1389 1875 requiri
1420 1835 1650 1875 poenitentiam
1679 1841 1707 1865 et
1744 1834 1854 1871 fidem;
1889 1835 1954 1866 Sed
1988 1835 2029 1865 de
2062 1833 2237 1871 infantibus

1267 1877 1332 1907 hoc
1355 1877 1435 1907 satis
1460 1883 1509 1907 est
1524 1883 1650 1907 tenere:
1675 1877 1815 1917 Spiritus
1827 1882 1961 1908 sanctus
1973 1887 2032 1918 per
2045 1877 2239 1916 baptismum

1269 1921 1315 1950 eis
1341 1920 1445 1956 datur,
1469 1919 1522 1960 qui
1542 1917 1641 1950 efficit
1664 1920 1695 1950 in
1719 1920 1766 1949 eis
1790 1929 1895 1950 novos
1919 1925 2039 1956 motus,
2065 1928 2169 1949 novas
2190 1918 2238 1948 in-

1269 1961 1460 1992 clinationes
1488 1961 1529 1991 ad
1556 1961 1663 1992 Deum
1692 1971 1752 2001 pro
1782 1961 1927 2001 ipsorum
1954 1961 2062 1991 modo-
2107 1960 2177 1991 Nec
2207 1960 2238 1990 id

1270 2010 1391 2035 temere
1414 2002 1608 2039 affirmatum
1631 2002 1715 2034 Nam
1737 2002 1821 2033 haec
1844 2009 1935 2033 certa
1957 2008 2048 2041 sunt,
2070 2002 2171 2042 recipi
2193 2003 2239 2033 in-

1269 2046 1377 2077 fantes
1401 2056 1421 2076 a
1443 2045 1515 2076 Deo
1539 2055 1596 2085 per
1619 2045 1683 2075 hoc
1707 2045 1935 2082 ministerium,
1969 2045 2038 2075 dari
2061 2045 2136 2075 item
2157 2053 2240 2075 sem—

1270 2099 1329 2129 per
1346 2099 1419 2119 cum
1436 2087 1629 2118 remissione
1644 2088 1771 2127 peccati
1783 2087 1938 2126 Spiritum
1956 2092 2116 2124 sanctum,
2140 2092 2172 2118 et
2185 2096 2240 2117 ne·

1269 2131 1387 2162 minem
1395 2129 1527 2170 placere
1535 2129 1620 2167 Deo,
1633 2130 1694 2161 nisi
1703 2130 1940 2160 sanctificatum
1949 2139 1969 2160 a
1976 2128 2098 2170 Spiritu
2108 2135 2222 2160 sancto
2231 2139 2240 2164 3

1271 2173 1361 2204 Sicut
1381 2171 1470 2202 clare
1487 2172 1589 2212 inquit
1604 2171 1756 2202 Christus
1780 2171 1860 2209 [ioh.
1873 2171 1904 2208 3,
1917 2171 1978 2209 3.]:
2001 2171 2071 2202 Nisi
2094 2171 2167 2212 quis
2189 2180 2240 2202 re·

1270 2221 1366 2245 natus
1389 2212 1487 2244 fuerit
1510 2224 1550 2244 ex
1573 2224 1660 2254 aqua
1682 2220 1713 2244 et
1736 2214 1862 2253 spiritu,
1885 2224 1952 2244 non
1973 2214 2106 2244 intrabit
2134 2214 2167 2244 in
2190 2223 2237 2244 re—

1271 2267 1370 2298 gnum
1394 2255 1569 2286 coelorum.
1594 2256 1671 2287 Item
1693 2256 1720 2286 l.
1741 2255 1818 2287 Cor.
1840 2256 1888 2286 15.
1914 2258 1978 2294 [vs.
1998 2255 2080 2295 50.]:
2099 2254 2185 2286 Caro
2208 2261 2238 2285 et

1271 2300 1422 2340 sanguis,
1446 2297 1599 2330 videlicet
1621 2300 1690 2329 sine
1716 2299 1739 2330 S
1763 2299 1836 2329 iritu
1858 2304 1993 2336 sanem,
2015 2308 2081 2329 non
2102 2303 2240 2338 possunt

1270 2351 1406 2382 regnum
1429 2340 1490 2371 Dei
1514 2341 1696 2380 possidere.
1770 2346 1781 2370 t
1804 2340 1898 2371 Rom.
1922 2341 1952 2372 8.
1978 2344 2040 2377 [vs.
2061 2340 2143 2378 144:
2178 2338 2239 2374 Qui

1247 2444 1251 2467 Ι
1274 2467 1315 2497 19)
1338 2467 1482 2498 infantium]
1502 2468 1572 2492 Editt.
1593 2467 1680 2492 1—16.
1700 2467 1823 2492 infantum

1272 2518 1317 2547 20)
1338 2517 1482 2547 infantium]
1501 2518 1570 2542 Editt.
1594 2518 1681 2543 1-17.
1700 2517 1822 2543 infantum
