2358 2933
259 141 321 170 539

258 237 366 259 tamen
381 230 486 259 animo
500 237 546 259 est
561 229 602 258 ud
623 228 836 258 obedientiam
851 232 977 265 parato.
1000 225 1028 256 2,
1040 224 1165 254 Remum
1176 224 1224 254 15.

260 272 303 308 [2.
318 271 404 300 Sam.
423 271 469 301 15.
489 271 553 308 Ἧι]
578 270 612 300 Si
635 271 789 300 invenero
814 269 951 309 gratiam
975 268 1006 297 in
1030 277 1091 297 ocu
1108 268 1135 296 is
1159 266 1225 297 Do-

258 313 350 347 mini,
375 312 502 341 reducet
529 322 596 342 me:
619 312 668 340 sin
691 317 798 341 autem
822 310 934 340 dixerit
961 309 1046 341 milti.
1070 319 1135 339 non
1158 307 1226 347 pla-

260 364 326 382 ces.
350 361 482 391 praesto
505 363 593 382 sum:
618 351 733 388 sat-iat,
757 352 843 392 quod
868 353 986 381 boumn
1010 351 1136 381 videtur
1155 351 1226 390 ipsi.

258 393 296 423 Et
323 393 473 433 leprosus
506 393 634 431 {Mattln
653 394 685 427 S,
702 394 763 430 ·.).1τ
789 394 822 423 Si
846 395 912 429 vis,
942 399 1037 432 potes
1065 402 1115 422 me
1138 402 1227 422 mun-

259 436 346 464 dare.
392 434 429 464 Et
455 434 606 465 Flu-istus
636 437 734 475 iuquit
766 435 857 472 lLuc.
878 435 1030 472 ’.ἓξ-1213
1061 433 1177 471 Pater,
1200 435 1227 463 si

259 475 415 515 possibile
439 483 505 512 est,
541 484 685 507 transeat
715 488 734 507 a
764 487 814 507 me
845 475 930 506 calix
961 478 1041 511 istef,
1074 477 1134 506 sed
1163 486 1228 506 non

259 518 346 557 (ptod
371 528 431 558 ego
455 518 532 547 volo
557 526 616 549 etc..
653 518 691 548 Et
712 518 834 549 Paulus
858 519 958 558 inquit
983 517 1089 555 [Rom.
1102 518 1133 555 S,
1145 518 1228 556 ⁶264:

259 559 447 590 Nescimus.
479 560 555 599 quid
584 567 751 599 petamus,
785 561 1058 600 quemadmodum
1087 566 1230 600 oportet:

258 600 320 630 bo«-
345 608 408 630 est:
439 600 524 631 Caro
550 603 677 641 quidem
706 612 864 642 oppressa
897 602 1118 643 magnitudine
1148 601 1231 632 asssi-

259 644 419 674 ctionum.
443 645 519 682 petit
545 643 768 674 liberationem
797 650 827 674 et
858 643 1047 674 reformidat
1079 645 1232 674 obedien-

259 685 350 719 tiam,
379 685 435 713 sed
461 685 593 724 spiritus
618 692 751 716 revocat
775 687 913 716 animum
937 687 977 716 ad
1003 687 1232 723 obedientiam,

261 733 289 755 et
321 728 469 766 quamvis
499 733 585 766 petat
614 734 644 757 et
675 734 821 766 expectat
853 727 1096 765 liberationem,
1127 734 1232 758 tamen

259 777 326 796 non
351 775 511 809 repugnat
535 768 693 799 voluntati
717 769 789 806 Dei,
813 770 872 799 sed
896 768 963 800 vult
986 768 1136 806 liberari,
1160 780 1232 800 cum

258 807 331 840 Deo
354 808 508 850 placebit.

346 854 411 884 Sed
435 859 508 883 sunt
532 852 595 883 alia
614 853 775 892 quaedam
798 851 956 891 exempla,
980 863 1065 893 quae
1091 852 1234 893 singula-

260 906 314 926 res
339 902 445 925 motus
468 894 540 924 fidei
565 895 702 929 liabent;
725 895 809 924 sicut
823 895 1052 925 Samaritanae
1075 901 1129 925 aut
1149 894 1233 925 Cen-

260 938 461 973 turionis,‘²⁷)
486 937 540 976 qui
563 947 629 966 non
653 937 829 976 disputant,
852 943 959 966 utrum
978 935 1055 967 velit
1069 936 1233 973 Christus,

261 979 319 1009 sed
343 979 465 1019 ingenti
489 979 607 1018 impetu
631 984 741 1017 petunt
767 984 797 1008 et
822 984 1005 1017 expectant.
1039 977 1138 1008 Tales
1158 984 1232 1009 sunt

260 1020 305 1050 illi
328 1027 434 1050 motus
459 1019 588 1058 [Matth.
608 1020 660 1057 21,
677 1020 760 1057 214:
791 1020 824 1050 Si
849 1021 994 1050 dixeritis
1024 1022 1124 1051 monti
1146 1020 1233 1059 ltuic,

260 1064 432 1103 proiit-iare
454 1063 485 1092 in
509 1073 597 1092 mare
621 1068 683 1093 etc.
729 1061 798 1093 Hos
818 1068 925 1092 motus
948 1063 1051 1102 inquit
1067 1061 1232 1093 Lutherus

261 1103 446 1145 singulares
470 1114 562 1141 esse,
593 1105 633 1134 de
657 1105 774 1144 quibus
799 1103 876 1134 nihil
900 1105 1005 1143 possit
1028 1105 1172 1144 praecipi
1200 1105 1232 1134 in

261 1146 422 1177 docendo.
468 1146 557 1176 Satis
581 1152 630 1176 est
658 1147 868 1186 praecipere,
898 1147 985 1186 quod
1008 1146 1090 1176 fides
1114 1147 1233 1176 debeat

261 1189 292 1218 in
317 1198 438 1229 genere
461 1194 624 1225 statuere,
648 1189 718 1218 sine
741 1189 935 1225 conditione,
960 1190 1046 1228 quod
1070 1187 1142 1218 Deo
1166 1187 1233 1228 pla-

262 1236 357 1259 ceant
383 1236 516 1260 nostrae
538 1239 656 1269 pret-es
674 1237 809 1270 propter
821 1229 997 1267 Christum,
1021 1236 1051 1260 et
1070 1229 1157 1260 haud
1177 1231 1233 1260 du-

262 1271 313 1301 bie
336 1270 458 1311 aliquid
482 1273 556 1301 boni
588 1272 771 1312 impetrent.
817 1271 977 1312 Specialis
1007 1278 1115 1302 autem
1140 1272 1233 1309 fides,

261 1322 344 1352 quae
365 1314 445 1351 petit
468 1311 692 1344 liberationem
721 1325 760 1344 ex
784 1320 874 1344 certo
897 1313 1061 1353 periculo,
1091 1315 1233 1344 nomina-

260 1355 315 1384 tim
338 1355 436 1385 addat
461 1355 697 1385 conditionem:
723 1357 749 1386 si
773 1356 846 1386 Deo
870 1355 1011 1395 placeat.

344 1396 460 1436 Neque
483 1397 566 1427 haec
594 1399 736 1428 conditio
760 1398 926 1438 impediat,
956 1409 1020 1438 quo
1048 1399 1153 1428 minus
1176 1407 1233 1427 no-

259 1439 401 1467 minatim
426 1445 591 1479 petamus:
621 1439 688 1469 lmo
716 1439 807 1470 Deus
838 1440 907 1470 vult
935 1441 967 1470 in
990 1440 1111 1470 talibus
1136 1449 1233 1469 occa-

261 1480 408 1511 sionibus
450 1482 598 1511 exerceri
637 1481 878 1512 invocationem
914 1488 945 1512 et
979 1481 1085 1512 fidem.
1141 1481 1233 1512 Haec

259 1525 434 1566 praecipua
459 1535 559 1556 causa
584 1530 646 1561 est,
670 1535 728 1555 cur
746 1525 851 1554 sancti
867 1523 1067 1565 affligantur,
1089 1529 1137 1560 ut,
1160 1533 1232 1553 cum

262 1567 519 1598 consolationem
547 1568 578 1597 in
607 1565 759 1607 periculis
790 1567 1015 1605 experiuntur,
1050 1570 1233 1606 agnoscant

256 1612 479 1649 praesentiam
513 1615 543 1639 et
578 1610 756 1639 bonitatem
789 1607 862 1638 Dei.
919 1608 1066 1648 Uterque
1096 1607 1232 1637 affectus

259 1652 453 1688 excitandus
477 1658 543 1690 est,
577 1651 730 1683 voluntas
754 1651 1020 1690 obtemperandi3
1050 1660 1126 1679 nam
1148 1649 1233 1679 haec

260 1698 412 1730 voluntas
436 1704 485 1727 est
515 1705 594 1725 vera
617 1693 794 1734 abnegatio
824 1693 883 1722 sui.
928 1692 988 1722 Est
1013 1697 1045 1722 et
1067 1691 1149 1721 fides
1174 1692 1233 1721 eri-

263 1741 382 1783 genda,
406 1749 488 1779 quae
508 1742 659 1777 expectet
683 1734 909 1765 liberationem
933 1734 1132 1764 nominatim.
1163 1733 1233 1763 Etsi

261 1784 343 1813 enim
355 1781 496 1811 conditio
506 1779 657 1810 addenda
670 1783 730 1813 est,
743 1783 852 1806 tamen
861 1786 927 1806 non
940 1781 991 1806 est
1002 1774 1233 1815 indulgendum

262 1823 479 1858 diffidentiae3
501 1822 561 1852 sed
579 1821 621 1851 sit
639 1819 721 1849 fides
740 1828 799 1849 seu
811 1819 1010 1858 expectatio,
1033 1816 1140 1858 qualis
1158 1826 1235 1847 esse

262 1867 293 1897 in
318 1867 381 1896 hoc
405 1874 525 1906 genere
549 1867 668 1903 potest.
714 1860 756 1890 Ut
780 1861 864 1891 enim
886 1859 1039 1890 voluntas
1063 1859 1235 1890 obediendi

263 1919 328 1939 non
351 1913 471 1948 pugnat
496 1916 568 1936 cum
591 1904 673 1940 fide,
698 1903 746 1933 sic
771 1903 913 1933 conditio
936 1901 993 1932 illa
1015 1911 1080 1931 non
1104 1901 1233 1941 impedit

261 1950 501 1980 invocationem
515 1958 585 1984 seu,
609 1946 797 1985 petitionem
816 1951 846 1975 et
867 1945 1125 1983 expectationem
1147 1943 1235 1973 auxi-

261 1991 306 2022 lii.
352 1989 502 2021 Christus
525 1989 628 2029 inquit.
658 1987 699 2018 ad
723 1987 960 2017 centurionem:
984 1985 1076 2016 Sicut
1100 1985 1236 2016 credidi-

263 2034 321 2070 sti,
355 2032 409 2062 fiat
439 2033 506 2062 tibi.
551 2031 590 2060 Et
625 2031 712 2060 iubet
741 2028 1054 2069 Archisynagogum
1089 2028 1235 2063 credere,

263 2073 360 2105 filiam
395 2074 591 2104 revicturam
623 2081 698 2102 esse
726 2076 788 2101 etc.
835 2070 926 2101 Haec
960 2068 1107 2109 exempla
1141 2069 1235 2099 nobis

264 2116 433 2155 proposita
456 2121 549 2151 sunt,
578 2119 612 2144 ut
641 2124 704 2143 nos
728 2122 857 2153 quoque
880 2122 999 2153 magna
1023 2122 1097 2142 cum
1119 2110 1236 2141 fiducia

264 2164 428 2197 petamus,
450 2164 485 2187 ut
515 2157 547 2186 in
569 2155 620 2186 his
644 2155 806 2186 exercitiis
830 2160 959 2185 crescat
988 2154 1080 2184 fides.
1124 2152 1237 2183 Manet

266 2199 391 2229 interim
414 2205 522 2228 tamen
546 2197 699 2228 voluntas
724 2196 987 2236 obtemperandi3
1010 2196 1084 2226 ideo
1108 2201 1140 2225 et
1159 2205 1236 2225 con-

267 2241 420 2271 ditionem
443 2240 605 2270 addimus:
630 2240 658 2269 si
668 2239 742 2270 Deo
767 2237 908 2278 placeat,
932 2244 964 2268 et
987 2247 1093 2278 neque
1106 2237 1237 2267 modum

264 2281 466 2312 liberationis
490 2292 596 2322 neque
624 2287 752 2321 tempus
775 2280 847 2310 Deo
876 2280 1105 2320 praescribere
1140 2279 1236 2309 debe-

265 2334 349 2361 muS,
372 2324 431 2353 sed
454 2324 722 2363 quemadmodum
735 2321 856 2353 Paulus
880 2322 982 2362 inquit
1007 2320 1101 2361 [Eph.
1115 2320 1145 2358 3,
1157 2321 1236 2360 20.],

265 2364 371 2396 Deum
389 2363 499 2395 facere
522 2375 621 2404 supra
644 2375 739 2405 quam
761 2369 874 2405 petere
888 2370 943 2394 aut
957 2362 1139 2404 intelligere
1161 2373 1237 2402 pos-

268 2507 313 2535 27)
332 2506 500 2535 centurionis]
519 2506 554 2530 sie
573 2506 644 2530 Editt.
664 2507 688 2530 2.
706 2506 791 2531 6-8,
812 2506 918 2529 11-14,
937 2508 963 2530 et.
980 2506 1056 2536 Opp.;
1079 2505 1151 2530 Editt.
1172 2505 1192 2527 1.
1211 2505 1236 2527 4.

337 2540 360 2563 5.
381 2540 404 2562 9.
424 2540 589 2564 centuriones

894 135 1003 165 PlllL.
1023 133 1124 164 MEL.
1148 132 1333 164 SCRIPTA
1350 131 1615 163 DOGMATch

2175 136 2238 168 540

1269 234 1398 259 sumus3
1410 225 1453 255 ita
1466 225 1620 260 sciamus,
1633 222 1738 253 Deum
1751 224 2006 263 gubernaturum
2018 233 2236 258 esseeventus

1270 272 1298 296 ct
1317 267 1447 307 negotia
1466 264 1603 296 mirabili
1622 265 1730 295 modo.
1774 264 1857 296 Nam
1875 266 1947 296 ideo
1965 267 2060 297 etiam
2080 268 2128 298 sic
2148 278 2237 300 exer—

1270 315 1385 339 centur
1407 309 1524 343 sancti,
1548 314 1581 337 ut
1605 308 1732 337 discant
1744 306 1849 337 Deum
1867 306 1964 344 velle,
1988 318 2028 338 ue
2040 310 2237 348 pendeamus

1270 360 1288 380 a
1312 351 1434 381 nostris
1458 349 1615 385 consiliis,
1640 349 1697 378 sed
1721 359 1758 379 ea
1778 354 1901 379 tantum
1919 359 2066 389 agamuS,
2088 361 2171 391 quae
2182 362 2238 383 vo-

1272 393 1357 422 catio
1380 391 1535 433 postulat,
1559 397 1590 421 et
1613 392 1644 421 in
1666 390 1717 420 his
1740 391 1938 431 pendeamus
1961 392 2002 422 ab
2026 392 2146 423 auxilio
2166 393 2238 424 Dei.

1271 434 1328 464 Sic
1351 440 1508 475 regiunur
1530 433 1647 469 sancti,
1669 432 1848 468 Abraham,
1873 432 1982 471 Iacob,
2004 433 2150 475 Moyses,
2173 434 2240 466 Da-

1273 476 1337 505 vid.
1382 477 1438 507 Sic
1461 475 1527 507 vult
1553 475 1645 506 Deus
1669 485 1730 505 nos
1755 476 1795 505 de
1818 473 1968 505 Ecclesia
1992 477 2128 515 sentire,
2153 478 2240 518 quod

1272 517 1366 548 Deus
1389 529 1461 548 cam
1485 516 1622 548 mirabili
1646 515 1782 547 consilio
1806 517 1976 556 gubernet.
2010 517 2052 548 Et
2064 518 2172 550 David
2195 520 2240 550 in-

1274 560 1340 600 quit
1367 559 1478 597 {Pis-al,
1496 560 1559 597 44:
1591 559 1743 589 Miriticat
1770 558 1862 589 Deus
1889 565 2038 589 sanctum
2065 569 2177 597 suum;
2209 561 2242 592 id

1274 607 1334 638 est,
1357 612 1421 631 non
1444 601 1605 638 humanis,
1629 602 1689 632 sed
1707 599 1905 631 mirabilibus
1923 600 2067 632 consiliis
2079 601 2195 634 liberat
2210 608 2243 633 et

1275 650 1387 674 servat
1411 654 1494 674 eum.
1528 643 1568 674 Et
1595 643 1622 674 l.
1635 643 1711 674 Cor.
1728 644 1775 673 10.
1791 647 1853 680 [vs.
1870 642 1932 681 13.]
1945 643 2056 674 Faciet.
2079 654 2152 675 cum
2176 649 2241 675 ten·

1275 686 1398 716 tatione
1422 691 1582 716 eventum.

1358 727 1419 757 Est
1452 734 1484 757 et
1505 726 1592 757 aliud
1616 726 1688 757 fidei
1720 733 1883 758 certamen
1911 729 1942 758 in
1972 729 2137 767 oratione,
2171 739 2243 760 cum

1276 769 1467 799 differuntur
1490 779 1538 805 ea,
1562 779 1645 808 quae
1668 771 1817 808 petimus,
1839 780 1905 800 non
1928 769 2126 811 languescat
2149 771 2244 809 fides,

1277 812 1370 851 quasi
1394 811 1484 841 Deus
1507 809 1588 840 nolit
1615 811 1728 841 audire
1750 817 1881 841 nostras
1912 822 2049 851 preces,
2079 813 2139 844 sed
2161 813 2244 844 scia-

1277 863 1347 883 mus
1370 852 1434 883 hac
1456 863 1548 882 mora
1571 853 1716 883 exerceri
1740 852 1845 883 fidem.
1891 854 1981 885 Sicut
2005 864 2078 885 cum
2090 854 2244 891 Abrahae

1276 896 1439 934 promissa
1462 900 1551 924 esset
1573 895 1762 933 posteritas,
1783 896 1919 933 primum
1942 897 1973 925 in
1997 902 2141 928 extrema
2152 907 2244 928 sene-

1277 943 1331 967 cta
1353 938 1448 967 datur
1471 937 1499 967 ei
1523 935 1665 967 soboles.
1711 936 1787 967 ldeo
1800 936 1923 968 Paulus
1948 938 1990 975 [l.
2003 937 2120 969 Thess.
2132 938 2163 976 5,
2177 939 2243 977 17.]

1276 979 1366 1009 iubet
1387 989 1453 1009 non
1477 988 1610 1009 cessare
1634 979 1769 1009 orando.
1807 978 1847 1013 Q.
1862 980 1892 1010 d.
1907 980 2041 1011 Etiamsi
2054 991 2120 1012 non
2138 983 2244 1014 statim

1276 1021 1450 1060 impetras,
1479 1026 1586 1050 tamen
1615 1031 1680 1051 non
1709 1021 1839 1052 desinas
1867 1028 1987 1062 petere.
2032 1023 2120 1053 Idem
2148 1024 2246 1055 docet

1277 1063 1409 1103 egregia
1438 1061 1645 1093 similitudine
1675 1062 1824 1094 Christus
1850 1063 1930 1094 Luc.
1953 1064 2000 1095 18.
2025 1065 2066 1095 de
2087 1065 2193 1096 iudice
2215 1071 2247 1097 et

1277 1106 1383 1135 vidua.

1362 1146 1504 1181 Quarto:
1539 1145 1725 1186 Requiritur
1757 1147 1788 1176 in
1824 1148 1972 1179 oratione
2005 1158 2059 1179 res
2092 1149 2247 1189 petenda;

1275 1198 1351 1219 nam
1375 1189 1479 1219 oratio
1502 1198 1568 1217 non
1592 1189 1688 1219 debet
1712 1198 1788 1218 esse
1809 1189 1913 1219 inanis
1943 1191 2126 1229 βατιολογία.
2171 1190 2247 1221 Ideo

1278 1230 1362 1260 enim
1386 1229 1491 1261 cultus
1515 1230 1577 1260 Dei
1601 1236 1662 1267 est,
1685 1231 1760 1270 quia
1782 1231 1824 1261 ibi
1847 1231 2036 1270 profitemur
2058 1241 2120 1262 nos
2143 1231 2248 1263 aDeo

1277 1273 1414 1311 respici:
1436 1271 1542 1302 Deum
1566 1282 1630 1301 non
1655 1282 1730 1302 esse
1753 1273 1904 1309 otiosum,
1928 1273 1987 1303 sed
2011 1279 2158 1304 autorem
2170 1283 2247 1305 esse

1277 1320 1308 1344 et
1337 1314 1482 1345 datorem
1513 1314 1683 1344 bonorum.
1736 1313 1845 1347 Quare
1878 1312 2001 1354 aliquid
2030 1325 2051 1345 a
2076 1314 2150 1345 Deo
2183 1316 2248 1356 peti

1277 1360 1421 1396 oportet,
1455 1360 1511 1386 aut
1536 1366 1597 1395 pro
1632 1365 1767 1386 munere
1799 1354 1908 1395 aliquo
1942 1357 2067 1396 gratiae
2100 1357 2248 1397 agendae

1276 1404 1364 1428 sunt.
1411 1397 1465 1427 Sic
1488 1398 1573 1427 enim
1594 1397 1665 1427 vult
1687 1397 1940 1437 agnosciDeus,
1964 1398 2052 1438 quod
2073 1404 2163 1438 tegat
2185 1408 2247 1429 nos

1278 1441 1362 1470 inter
1375 1439 1459 1470 haec
1482 1438 1639 1478 pericula.
1684 1438 1725 1468 Et
1747 1439 1778 1468 in
1803 1437 1940 1469 Cantico
1965 1439 2034 1477 [Ps.
2051 1439 2121 1477 106,
2132 1439 2178 1478 9.]
2203 1440 2248 1471 di-

1277 1482 1377 1512 citur:
1400 1481 1590 1511 Esurientes
1614 1480 1726 1520 implet
1739 1482 1783 1517 2ἑὲ)
1814 1481 1916 1512 bonis.
1962 1481 2002 1512 Et
2030 1481 2179 1513 Christus
2202 1483 2247 1513 in-

1276 1525 1344 1564 quit
1379 1523 1506 1561 [Matth.
1527 1523 1557 1559 7,
1577 1523 1638 1560 7.]:
1678 1522 1799 1558 Petite,
1827 1526 1990 1562 quaerite,
2023 1522 2151 1563 pulsate
2185 1529 2246 1555 etc.

1276 1565 1452 1595 Sciendum
1476 1569 1527 1594 est
1550 1570 1676 1601 autem,
1704 1565 1791 1604 quod
1815 1565 1976 1605 scriptura
1998 1565 2087 1596 iubet
2108 1571 2248 1606 utraque

1274 1613 1405 1647 petere,
1429 1605 1609 1646 spiritualia
1632 1612 1663 1636 et
1688 1605 1873 1645 corporalia
1892 1606 2059 1637 beneficia.
2103 1606 2174 1638 Nec
2197 1612 2248 1638 est

1274 1649 1460 1690 imaginatio
1485 1649 1665 1678 obiicienda
1688 1649 1859 1688 imperitiS,
1882 1649 1974 1688 quasi
1998 1647 2181 1689 corporalia
2201 1649 2247 1679 in-

1277 1691 1376 1732 digna
1399 1691 1474 1727 sint,
1498 1700 1582 1730 quae
1604 1696 1772 1729 petantur:
1794 1691 1857 1720 imo
1883 1691 2048 1722 discamus
2067 1690 2149 1721 haec
2167 1700 2246 1731 quo-

1277 1743 1340 1773 que
1362 1732 1425 1763 Dei
1455 1732 1612 1762 beneficia
1640 1742 1731 1769 esse,
1756 1731 1823 1763 vult
1845 1731 1937 1763 Deus
1964 1733 1997 1763 in
2019 1732 2069 1763 his
2097 1732 2246 1773 petendis

1277 1775 1424 1805 exerceri
1447 1774 1543 1804 {idem
1567 1780 1598 1804 et
1620 1775 1867 1805 invocationem.

1366 1816 1594 1857 Proponamus
1622 1817 1720 1857 igitur
1747 1816 1842 1847 nobis
1876 1817 2003 1856 privata
2037 1814 2182 1856 pericula
2215 1822 2247 1847 et

1277 1859 1422 1899 privatas
1452 1858 1667 1888 necessitates
1702 1859 1836 1898 spiritus
1865 1864 1897 1888 et
1925 1858 2083 1897 corporis.
2129 1857 2246 1888 Petrus

1280 1901 1319 1937 [l.
1339 1911 1388 1941 ep.
1407 1901 1439 1937 5,
1458 1901 1501 1938 84
1526 1900 1646 1940 inquit,
1681 1899 1856 1930 Diabolum
1884 1900 2021 1930 circuire
2043 1900 2247 1930 insidiantem

1277 1943 1373 1973 nobis
1397 1941 1484 1973 velut
1506 1942 1635 1972 leonem
1658 1943 1838 1982 rugientem
1862 1948 1924 1972 ete.
1970 1942 2052 1972 Sunt
2074 1947 2182 1973 autem
2201 1942 2247 1972 in—

1279 1986 1381 2015 sidiae
1405 1985 1486 2015 varii
1510 1985 1651 2025 generis,
1675 1984 1848 2023 praecipue
1872 1985 2013 2014 omnium
2027 1984 2154 2014 animos
2175 1983 2246 2014 infi-

1278 2027 1352 2057 nitis
1376 2026 1608 2057 occasionibus
1632 2025 1732 2055 flectit
1754 2026 1795 2056 ad
1818 2025 1923 2056 malas
1946 2031 1977 2056 et
1997 2026 2112 2065 impias
2125 2026 2246 2066 opinio-

1278 2079 1349 2106 nes,
1372 2069 1484 2098 inserit
1506 2073 1537 2097 et
1559 2068 1629 2107 ipse
1653 2068 1868 2097 comitationes
1888 2068 2103 2107 perniciosas,
2126 2068 2246 2098 detinet

1279 2111 1406 2141 animos
1436 2110 1637 2140 dementatos
1667 2090 1761 2139 sa‘i'sis
1790 2110 2068 2149 persuasionibus.
2118 2109 2246 2140 Deinde

1279 2153 1390 2183 incitat
1408 2152 1450 2182 ad
1465 2151 1599 2192 flagitia,
1622 2150 1788 2188 haereses,
1811 2152 2000 2189 seditiones,
2024 2152 2153 2189 caedes,
2177 2150 2246 2182 libi-

1280 2195 1373 2225 dines
1396 2200 1459 2225 etc.
1484 2199 1514 2224 et
1544 2203 1584 2224 ex
1614 2192 1664 2223 his
1689 2193 1819 2224 coniicit
1845 2195 1878 2224 in
1906 2194 2014 2225 varias
2037 2192 2244 2224 calamitates.

1279 2236 1414 2267 Hostem
1444 2236 1600 2266 habemus
1625 2241 1656 2266 et
1677 2241 1841 2275 potentem
1869 2241 1901 2266 et
1927 2237 2137 2273 acerrimum,
2173 2245 2244 2267 cum

1279 2289 1340 2309 nos
1362 2280 1459 2309 simus
1481 2288 1546 2308 non
1575 2276 1681 2307 solum
1710 2276 1904 2315 imbecilles,
1935 2278 1994 2308 sed
2017 2279 2110 2309 etiam
2131 2278 2245 2308 mirum

1279 2322 1311 2351 in
1334 2321 1463 2351 modum
1485 2320 1593 2360 ignavi
1616 2324 1647 2349 et
1675 2320 1860 2351 oscitantes.
1906 2319 1971 2350 Iam
1999 2320 2246 2350 considerentur

1279 2363 1422 2393 infinitae
1457 2360 1646 2402 corporales
1680 2361 1844 2392 hominum
1872 2362 2091 2399 catamitates,
2131 2361 2244 2392 infiniti

1279 2414 1396 2441 casuS,
1419 2405 1543 2443 inopia,
1565 2404 1686 2441 morbi,
1714 2402 1816 2441 exilia,
1839 2413 1940 2434 neces
1964 2409 2026 2434 etc.
2082 2403 2149 2435 Sed
2176 2412 2242 2434 non

1254 2522 1260 2553 ¹
1279 2537 1325 2567 28)
1345 2537 1441 2568 impiet]
1461 2537 1532 2562 mitt.
1553 2538 1575 2561 8.
1596 2537 1702 2561 11-13.
1719 2540 1745 2562 et
1763 2537 1837 2567 opp.:
1854 2538 1965 2568 implevit
