2358 2933
251 110 312 139 sis

252 202 383 231 t'oedere
408 202 524 232 dicitur
551 203 576 232 1.
603 202 688 231 Petr.
712 202 742 231 3.
767 204 829 238 [vs.
842 203 908 241 ⁸21.]
932 203 1108 242 Baptisma,
1155 203 1221 233 uod

252 251 298 273 est
325 254 388 274 non
413 245 556 274 sordium
577 245 724 283 corporis
754 244 931 284 depositio,
965 246 1024 275 sed
1055 213 1219 284 stipiilatio

252 287 357 316 honae
387 286 608 315 conscientiae
631 296 707 326 erga
735 285 840 316 Deum
868 297 926 326 per
950 288 1221 318 resurrectionem

250 327 380 357 Phi-isti.
416 327 564 368 intelligit
587 328 672 358 enim
696 335 838 358 mutuam
855 327 1085 369 obligationem
1105 335 1133 359 et
1153 340 1220 359 mu-

251 378 336 399 tunm
367 369 493 399 foedus.
539 369 629 400 Deus
654 370 823 410 profitetur
846 380 883 401 se
906 381 967 400 nos
991 372 1154 411 recipere,
1187 371 1220 401 id

251 412 450 441 conscientia
474 412 611 442 credens
635 411 840 452 amplectitur
863 419 893 443 et
917 412 979 443 hac
992 412 1055 442 fide
1068 414 1130 443 iam
1143 423 1221 444 vere

248 454 397 494 agnoscit
412 453 517 484 Deum
541 460 571 483 et
596 455 736 484 ’πνοι-ιη.
773 454 860 485 llaec
884 461 974 485 recta
999 455 1039 485 de
1052 454 1124 485 Deo
1144 465 1220 486 aen-

249 497 344 525 tcntia
359 502 497 526 voratur
510 497 593 526 bona
610 497 824 533 conscientia,
850 496 1000 527 videlicet
1019 503 1108 527 recte
1120 507 1220 538 agno-

249 548 346 567 scens
370 537 492 569 Dcnm.
518 544 606 568 recte
628 539 798 568 invocans.
844 540 983 570 Additur
1002 545 1126 570 autem:
1159 539 1221 569 Per

248 580 522 611 resurrectionem
562 580 694 610 Phi-isti.
750 580 856 611 Docet
893 582 976 611 enim
1019 581 1221 621 Baptismum

249 619 415 652 efficacem
439 632 514 652 esse
538 629 671 662 propter
690 630 881 664 regnantem
905 623 1090 660 Christum,
1119 630 1151 654 et
1175 624 1220 654 iu-

251 666 300 693 bet
326 663 388 693 tide
412 674 610 704 agnoscere.
639 666 791 696 donatam
822 675 897 696 esse
920 664 1006 696 hanc
1032 664 1220 696 reconcilia-
1242 694 1243 699 ,

249 707 366 736 tionem
392 713 525 746 propter
545 706 720 737 Flu-istum.

476 833 534 863 DE
558 833 987 865 stoNlFtcATtoNtssth.

334 918 408 948 Dixi
428 928 528 958 snpra
547 919 576 948 in
591 918 813 949 Sacramentis
832 918 950 949 multas
963 928 1039 949 esse
1057 918 1221 959 signitica-

249 962 365 997 tiones,
389 961 447 990 sed
461 970 555 990 unam
568 962 789 1000 praecipuam,
812 960 964 992 videlicet
977 961 1111 1002 gratiae,
1130 966 1220 991 ante—

250 1002 415 1033 ferendam
450 1012 525 1033 esse
560 1004 687 1033 ceteris.
738 1003 830 1034 Hanc
865 1004 961 1033 etiam
996 1004 1078 1033 ritus
1108 1003 1220 1043 pingit,

248 1046 323 1086 quia
347 1044 479 1075 Ablutio
509 1044 670 1086 significat
700 1044 787 1076 ablui
811 1052 946 1085 peccata
970 1050 1104 1086 propter
1128 1044 1220 1075 Chri-

248 1095 332 1117 stum
356 1094 386 1118 et
409 1088 504 1117 nobis
528 1086 684 1127 applicari
705 1087 897 1119 beneficium
909 1088 1074 1129 passionis
1087 1087 1219 1123 Christi,

249 1140 320 1160 cuvn
351 1130 527 1170 merginnu·
555 1130 585 1159 in
615 1140 732 1170 aquam
761 1129 850 1161 velut
873 1131 905 1160 in
928 1134 1063 1160 mortem
1087 1129 1219 1161 Chn'sti.

250 1170 370 1201 Postea
393 1182 457 1201 non
482 1178 531 1202 est
556 1172 746 1209 absurdum,
770 1173 892 1203 addere
910 1171 991 1203 alias
1007 1172 1219 1212 significatio·
1242 1191 1244 1201 ι

249 1223 317 1243 nes.
364 1213 455 1244 Sicut
483 1215 543 1244 iter
567 1213 786 1245 israelitarum
815 1225 874 1255 per
894 1224 985 1245 marc
1006 1215 1139 1245 rubrum
1163 1212 1220 1244 fuit

249 1257 355 1296 imago
390 1255 602 1287 afflictionum
637 1255 807 1287 Ecclesiae
841 1263 871 1287 et
907 1256 1127 1293 liberationis,
1173 1255 1220 1286 Ita

248 1298 365 1328 mersio
389 1299 421 1328 in
434 1298 601 1339 Baptismo
624 1299 733 1340 imago
758 1306 807 1329 est
827 1298 1041 1330 afflictionum
1055 1304 1086 1329 et
1104 1297 1220 1329 libera-

248 1340 353 1370 tionis.
411 1340 475 1370 Sed
507 1340 610 1371 altera
646 1341 840 1381 significatio
875 1341 975 1383 longe
1008 1340 1221 1371 anteferenda

248 1390 310 1419 est,
334 1392 418 1423 quae
441 1393 503 1412 nos
527 1384 567 1413 de
590 1384 809 1423 promissione
833 1390 862 1414 et
887 1384 927 1414 de
950 1384 1054 1424 gratia
1066 1383 1219 1413 admonet

248 1431 276 1453 et
302 1425 434 1464 requirit
459 1424 564 1455 fidem.

333 1466 374 1497 Ut
397 1473 504 1497 antem
528 1468 609 1498 satis
632 1466 689 1497 fuit
702 1467 803 1498 semel
817 1467 1017 1505 circumcidi,
1043 1477 1116 1498 cum
1130 1473 1218 1497 esset

249 1510 397 1539 mandata
423 1510 647 1541 circumcisio:
680 1511 724 1540 ita
750 1509 850 1541 semel
874 1516 997 1540 tantum
1020 1509 1075 1540 fiet
1099 1510 1220 1550 baptis-

248 1562 336 1587 mus,
360 1557 393 1581 ut
418 1550 500 1581 haec
523 1553 718 1592 gravissima
742 1554 823 1583 ratio
847 1553 999 1583 ostendit.
1045 1552 1219 1582 Peccatum

248 1600 295 1623 est
328 1594 415 1624 abuti
446 1595 574 1624 nomine
596 1594 659 1625 Dei
690 1601 717 1624 et
753 1595 994 1625 invocationem
1023 1604 1135 1624 veram
1163 1595 1220 1624 im-

248 1637 404 1675 probare:
429 1636 489 1670 Qui
513 1642 620 1667 antem
644 1638 858 1677 rebaptizant,
882 1637 1219 1677 improbantpriorem

250 1679 457 1717 baptismum,
488 1679 629 1709 iudicant
659 1680 787 1710 inanem
818 1686 848 1709 et
869 1682 907 1709 ¹¹)
938 1678 1081 1710 inutilem
1105 1677 1218 1709 fuisse.

250 1721 356 1761 Atque
379 1721 421 1750 ita
446 1721 627 1760 improbant
646 1731 756 1751 veram
770 1722 1010 1753 invocationem
1023 1721 1085 1752 Dei
1099 1720 1220 1752 saetam

249 1764 288 1792 de
322 1762 385 1792 hoc
414 1764 590 1803 baptizato.
644 1764 719 1794 Ideo
753 1775 818 1794 non
854 1770 903 1794 est
939 1764 1114 1804 repetenda
1148 1764 1221 1803 ipsa

250 1806 444 1835 ceremonia.
497 1805 648 1836 Ceterum
684 1807 724 1836 de
758 1807 983 1846 Anabaptistis
1017 1805 1111 1846 plura
1145 1816 1220 1836 mox

251 1848 413 1883 dicemus,
443 1849 496 1887 qui
526 1847 646 1878 multos
677 1850 881 1889 perniciosos
907 1858 1036 1879 errores
1060 1858 1120 1878 suo
1145 1858 1220 1878 ana-

251 1891 409 1929 baptismo
433 1890 624 1920 admiscent.

334 1931 449 1961 Sciant
482 1938 588 1962 autem
623 1933 682 1973 pii,
723 1932 825 1963 semel
859 1932 981 1963 factum
1016 1932 1220 1973 Baptismum

249 1984 378 2004 manere
396 1980 587 2014 perpetuum
600 1976 817 2005 testimonium
836 1982 866 2005 et
884 1974 1011 2005 foedus.
1046 1974 1163 2005 Davidi
1178 1975 1219 2014 ¹²)

250 2024 322 2057 post
352 2016 481 2056 lapsum
513 2026 578 2046 non
614 2022 684 2047 erat
719 2028 800 2057 opus
836 2028 921 2047 nova
954 2017 1219 2052 circumcisione3

250 2060 313 2088 Sed
338 2057 390 2088 illa
414 2059 502 2098 prior
527 2060 732 2090 circumcisio
757 2060 797 2089 de
812 2066 950 2100 utraque
966 2069 1001 2089 re
1023 2060 1221 2089 admonebat

251 2111 340 2136 eum,
364 2099 513 2130 videlicet
537 2101 610 2131 ideo
635 2101 718 2132 hanc
741 2107 890 2132 naturam
915 2101 1120 2138 circumcidi,
1144 2101 1220 2141 quia

250 2144 310 2172 snb
333 2149 471 2182 peccato
496 2150 562 2179 est,
592 2149 622 2173 et
647 2144 845 2174 redeundum
870 2154 945 2174 esse
968 2144 1009 2173 ad
1031 2143 1219 2183 promissio-

879 109 985 141 PtttL.
1010 108 1109 141 MEL.
1133 109 1316 141 SCRIPTA
1339 107 1611 141 DOGMATtCA.

2173 111 2235 142 856

1266 203 1310 234 lta
1332 202 1518 243 Baptismus
1541 211 1694 242 magnam
1717 201 1897 232 doctrinam
1922 208 1954 233 et
1975 201 2234 235 consolationem

1242 259 1243 278 t
1264 244 1358 285 lapso
1381 244 1484 281 affert,
1508 244 1584 284 qnia
1606 245 1677 284 ipsa
1699 244 1818 274 mentio
1842 243 1912 275 Filii
1936 244 2088 275 admonet
2108 254 2170 275 nos
2194 246 2236 276 de

1242 281 1244 320 ’ζ
1265 287 1460 328 poenitentia
1484 292 1515 316 et
1539 286 1579 316 de
1603 286 1796 316 remissione
1818 292 2047 326 peccatorum,
2081 293 2113 317 et
2137 293 2234 318 testa-

1242 328 1244 351 =¹
1266 337 1318 360 tur
1342 329 1515 359 redeuntes
1539 329 1654 358 iterum
1679 327 1747 358 lieri
1771 329 1914 359 membra
1938 327 2048 369 populi
2071 328 2144 359 Dei.

1267 454 1325 485 DE
1355 453 1576 486 BAPTtsMo
1606 454 1781 486 toANle
1812 455 1866 486 ET
1894 455 2234 487 APOSTOLORUM.

1351 538 1467 570 Totum
1490 540 1701 569 ministerium
1726 539 1855 570 loannis
1877 540 2046 581 Baptistae
2069 549 2151 580 opus
2174 539 2235 571 Dei

1266 580 1323 611 suit
1348 587 1377 611 et
1402 580 1566 612 inchoatio
1590 583 1666 612 novi
1689 582 1875 619 ministerii,
1905 583 1994 623 quod
2015 588 2090 622 post
2113 581 2235 623 Legem

1267 628 1453 654 secuturum
1476 629 1556 654 erat.
1603 624 1679 654 ldeo
1710 625 1902 664 baptismum
1932 624 2001 655 eius
2025 634 2089 655 non
2113 625 2237 666 cogite-⁴

1267 675 1337 695 mus
1368 666 1477 705 inepte
1507 666 1647 696 otiosum
1675 666 1900 707 spectaculum
1923 664 2034 697 fuisse.
2080 666 2121 696 Et
2149 666 2237 707 quod

1242 729 1244 736 Α
1266 706 1363 747 aliqui
1389 708 1499 737 dicunt
1520 713 1642 739 tantum
1665 709 1893 748 poenitentiam
1909 708 2126 749 significatam
2149 717 2236 745 esse,

1242 747 1244 771 s
1267 759 1331 779 non
1355 749 1596 787 remissionem,
1624 756 1675 780 est
1699 751 1886 781 absurdum.
1932 751 2013 781 Nam
2036 751 2236 790 praedicatio

1243 791 1484 831 ¹poenitentiae
1517 792 1588 822 sine
1621 792 1812 822 remissione
1845 798 1896 822 est
1923 792 2086 830 Ethnica,
2112 792 2238 834 Estque

1266 833 1536 873 pradicatio‘irae
1560 840 1589 864 et
1614 834 1727 864 mortis
1749 840 1920 871 aeternae,
1944 844 2028 875 quae
2049 844 2116 865 non
2141 841 2237 865 sonat

1266 876 1297 905 in
1331 873 1483 905 Ecclesia
1517 876 1587 906 sine
1621 876 1863 915 praedicatione
1896 877 2109 906 remissionis.
2161 876 2236 907 ldeo

1266 917 1377 948 Lucas
1401 923 1433 947 et
1455 916 1590 948 Marcus
1614 927 1771 958 expresse
1794 918 1920 948 dicunt:
1953 917 2151 950 praedicans
2174 918 2236 949 Ba-

1265 960 1418 1000 ptismum
1440 960 1658 1000 poenitentiae
1680 960 1724 990 ad
1746 960 1973 991 remissionem
1994 966 2214 1000 peccatorum.

1351 1001 1422 1031 Etsi
1461 1001 1559 1042 igitur
1598 1001 1775 1033 differentia
1812 1008 1882 1033 erat
1918 1003 1951 1033 in
1988 1001 2053 1032 hoc
2084 1001 2237 1040 articulo,

1265 1043 1404 1074 Ioannes
1428 1045 1468 1074 de
1490 1054 1632 1084 passuro
1656 1043 1806 1082 Christo,
1835 1043 1987 1084 Apostoli
2018 1045 2059 1075 de
2080 1055 2182 1085 passo
2205 1051 2237 1076 et

1266 1087 1463 1117 resuscitato
1482 1087 1688 1127 praedicant3
1710 1092 1819 1117 tamen
1836 1087 2050 1117 ministerium
2073 1086 2131 1119 fuit
2152 1087 2237 1118 idem

1266 1134 1298 1159 et
1320 1128 1457 1159 effectus
1480 1129 1614 1160 eosdem
1637 1128 1749 1160 habuit
1771 1129 1803 1159 in
1826 1129 2046 1160 credentibus.
2085 1128 2237 1161 Docebat

1267 1171 1351 1201 enim
1374 1170 1514 1202 loannes
1537 1172 1578 1202 de
1600 1177 1740 1212 utraque
1763 1181 1814 1209 re,
1844 1172 1884 1202 de
1907 1171 2096 1209 remissione
2118 1181 2235 1212 pecca-

1266 1219 1372 1244 torum
1401 1219 1433 1243 et
1460 1214 1501 1244 de
1531 1212 1681 1245 efficacia
1711 1214 1850 1254 Spiritus
1878 1214 1984 1244 sancti
2015 1214 2048 1244 in
2079 1213 2149 1251 his,
2182 1214 2237 1254 qui

1265 1254 1346 1286 Filio
1370 1256 1553 1293 crederent,
1576 1256 1659 1286 sicut
1671 1256 1775 1296 inquit
1798 1255 1925 1292 [Matth.
1938 1255 1969 1293 3,
1984 1256 2064 1294 ll.]:
2086 1255 2236 1296 Baptiza-

1266 1298 1312 1328 bit
1334 1307 1392 1328 eos
1417 1297 1539 1337 Spiu‘tu
1563 1303 1690 1329 sancto.
1736 1297 1814 1328 Item
1839 1297 1919 1334 [lob.
1940 1298 1968 1334 l,
1993 1297 2073 1336 16.]:
2097 1297 2147 1329 Ex
2170 1296 2236 1338 plc-

1265 1340 1410 1370 nitudine
1439 1341 1507 1370 eius
1531 1350 1644 1370 omnes
1667 1340 1871 1379 accepimus,
1905 1340 1960 1370 ubi
1983 1345 2137 1378 testatur,
2170 1349 2236 1370 non

1266 1383 1309 1412 ita
1332 1382 1431 1422 recipi
1456 1382 1646 1418 credentes,
1670 1387 1702 1411 ut
1725 1391 1789 1411 non
1814 1382 1855 1411 sit
1878 1380 1994 1411 efficax
2017 1383 2048 1412 in
2073 1383 2120 1412 eis
2144 1381 2236 1413 Chri-

1267 1431 1356 1461 stus,
1391 1424 1449 1454 sed
1480 1425 1576 1454 docet
1606 1433 1723 1453 novam
1753 1421 1858 1453 lucem
1887 1430 1918 1454 et
1948 1424 2101 1454 iustitiam
2128 1424 2159 1454 in
2190 1424 2235 1454 eis

1265 1465 1423 1497 inchoari.

1351 1508 1417 1539 Sed
1441 1519 1500 1538 cur
1519 1508 1658 1539 loannes
1682 1509 1856 1539 discrimen
1875 1507 1952 1540 facit
1975 1510 2139 1550 inquiens:
2164 1508 2236 1550 Ego

1267 1550 1395 1591 baptizo
1419 1560 1479 1580 vos
1503 1561 1600 1591 aqua,
1624 1552 1676 1592 qui
1700 1557 1808 1582 autem
1829 1557 1905 1591 post
1929 1555 1980 1581 me
2000 1557 2156 1582 venturus
2176 1557 2236 1588 est,

1267 1593 1442 1633 baptizabit
1465 1603 1526 1623 vos
1550 1592 1670 1633 Spiritu
1693 1599 1809 1624 sancto
1834 1599 1865 1623 et
1888 1594 1976 1634 igni?
2019 1593 2235 1634 Respondeo:

1265 1635 1340 1666 Non
1364 1636 1517 1666 discernit
1541 1641 1708 1666 externum
1731 1636 1957 1673 ministen‘tun,
1981 1636 2040 1666 sed
2062 1645 2236 1676 personas,

1267 1676 1335 1709 vult
1352 1677 1486 1718 intelligi
1500 1678 1674 1708 discrimen
1685 1677 1830 1709 Messiae
1847 1683 1880 1708 et
1891 1678 2120 1709 ministrorum.
2143 1677 2236 1709 Mini-

1266 1722 1324 1750 stri
1336 1726 1459 1751 tantum
1466 1720 1620 1751 adhibent
1634 1726 1802 1751 externum
1819 1721 2045 1756 ministeriunu
2058 1720 2123 1750 Sed
2134 1730 2193 1761 per
2200 1719 2236 1750 il-

1266 1762 1322 1793 lud
1335 1761 1452 1794 efficax
1465 1768 1514 1793 est
1527 1761 1689 1800 ChristuS,
1702 1768 1837 1803 propter
1849 1772 1922 1793 eum
1934 1768 1967 1793 et
1977 1773 2038 1802 per
2050 1772 2122 1793 eum
2141 1763 2236 1793 datur

1267 1803 1503 1841 reconciliatio,
1527 1805 1666 1845 Spiritus
1688 1810 1822 1835 sanctus
1847 1810 1879 1835 et
1890 1805 1956 1835 vita
1967 1810 2110 1835 aeterna.
2146 1803 2235 1835 Haec

1266 1857 1331 1877 non
1355 1845 1500 1877 efficiunt
1523 1848 1674 1884 ministri,
1703 1857 1804 1888 quare
1826 1856 1965 1877 necesse
1989 1853 2039 1877 est
2062 1851 2236 1887 personam

1267 1889 1389 1920 Christi
1418 1899 1438 1919 a
1461 1890 1615 1919 ministris
1639 1890 1787 1920 discerni.
1834 1889 1869 1919 ld
1893 1889 2065 1920 discrimen
2090 1898 2154 1919 non
2174 1889 2235 1919 ob-

1267 1938 1399 1962 servant
1422 1932 1526 1972 ignari
1544 1930 1725 1972 Evangelii,
1751 1932 1804 1971 qui
1829 1931 2045 1971 imaginantur
2069 1929 2233 1962 Christum

1241 1957 1390 2004 ¹tantuin
1426 1984 1502 2004 esse
1535 1974 1720 2010 doctorem,
1754 1974 1837 2004 sicut
1867 1972 2034 2004 Pharisaei
2066 1973 2234 2013 putabant,

1265 2017 1334 2047 Nec
1358 2015 1580 2056 intelligebant
1603 2025 1674 2046 eum
1692 2025 1767 2045 esse
1779 2016 1924 2052 missum,
1948 2020 1983 2046 ut
1994 2020 2083 2045 esset
2096 2014 2234 2051 victima,

1265 2059 1359 2095 item,
1394 2064 1429 2088 ut
1457 2064 1545 2089 esset
1575 2057 1668 2087 dator
1696 2067 1803 2088 novae
1833 2063 1864 2087 et
1894 2063 2048 2088 aeternae
2078 2057 2165 2087 vitae
2194 2066 2233 2087 ac

1264 2101 1411 2131 iustitiae.

1239 2125 1243 2184 Ι

251 2196 320 2215 nem
347 2184 620 2215 r‹2.‹·‹·n‹·i132†ionts
645 2185 708 2216 illis
731 2187 823 2225 ipsis,
848 2185 996 2226 qnilapsi
1011 2191 1132 2216 essent.
1163 2185 1218 2215 Sic
1240 2186 1242 2216 ἕ

252 2227 331 2267 lapsi
356 2229 416 2257 iam
442 2229 594 2263 sentitur,
619 2239 683 2258 non
708 2230 822 2258 iterent
843 2228 1069 2264 ceremoniam,
1092 2228 1151 2258 sed
1164 2228 1219 2257 ad·
1240 2230 1242 2241 ¹

567 2271 653 2310 qnod
677 2276 771 2300 antea
794 2269 914 2300 factum
939 2276 1004 2306 est,
1040 2270 1071 2299 in
1096 2280 1160 2310 quo
1185 2270 1219 2299 tit
1239 2264 1242 2324 Ξ

250 2312 368 2341 mentio
393 2310 474 2348 filii,
499 2323 582 2352 (piae
606 2319 655 2343 cst
679 2314 897 2343 testimonium
920 2312 1121 2342 remissionis
1143 2322 1218 2352 pec·
1240 2327 1242 2331 .

249 2269 364 2306 moniti
383 2269 514 2299 foedere
525 2294 531 2299 .

251 2360 410 2384 catorum.
448 2355 579 2384 redeant
610 2355 650 2385 ad
679 2356 879 2395 propositam
909 2352 1217 2384 reconciliationem.

872 2438 879 2451 ,

255 2484 294 2507 ιιι
316 2482 349 2511 ml
372 2483 441 2506 Edtn.
464 2484 483 2504 1Δ
505 2482 526 2504 a,
547 2488 575 2505 a(

256 2535 296 2554 12'›
315 2532 409 2561 havit]
433 2532 502 2556 Editt.
525 2532 562 2554 22.
584 2533 622 2554 21.
643 2533 681 2554 28.
702 2534 741 2554 29,
760 2532 867 2555 31ᾃ33,
888 2533 962 2557 [imm

1460 2227 1519 2258 DE
1542 2227 1764 2258 BAPTISMO
1785 2227 2036 2259 INFANTlUM.

1352 2312 1551 2342 Gravissime
1572 2313 1769 2352 praecipitur
1791 2324 1810 2343 a
1834 2312 1950 2349 Paulo,
1973 2317 2006 2342 ut
2026 2309 2232 2351 explorentur

1240 2336 1243 2385 l
1265 2354 1418 2394 Spiritus,
1442 2360 1471 2384 et
1485 2354 1635 2385 Christus
1650 2355 1796 2396 regulam
1816 2355 1912 2385 tradit
1934 2354 2083 2395 inquiens
2104 2352 2230 2389 {Matth

1240 2388 1243 2437 ἰ
1265 2397 1294 2432 7,
1321 2395 1399 2434 16.]:
1423 2396 1471 2426 Ex
1494 2395 1653 2428 fiuctibus
1677 2406 1788 2428 eorum
1809 2397 2016 2437 cognoscetis
2039 2405 2108 2426 eos.
2154 2393 2231 2425 Cer-

1240 2443 1331 2499 }tum
1359 2439 1441 2468 enim
1472 2439 1599 2480 signum
1627 2445 1676 2469 est
1706 2438 1866 2470 fanaticae
1894 2439 2010 2469 mentis
2039 2443 2070 2467 et
2091 2437 2231 2478 agitatae

1241 2479 1350 2542 lmalo
1380 2481 1509 2520 spiritu,
1543 2482 1688 2523 insignes
1711 2480 1840 2521 aliquos
1870 2490 1999 2511 errores
2024 2479 2231 2520 pertinaciter

1240 2520 1449 2553 .defendere.
1496 2522 1599 2554 Porro
1628 2523 1865 2563 Anabaptistae
1892 2534 1955 2553 non
1990 2527 2114 2552 tantum
2143 2520 2230 2551 hune
