2358 2933
251 101 315 132 959
810 97 920 127 Pau..
945 97 1044 127 MEL.
1069 96 1253 128 sGRwTA
1276 96 1550 127 DOGMATICA.
2171 100 2235 132 960

251 202 356 223 torum
386 193 547 232 promissa
578 197 712 229 propter
741 189 915 219 Christum.

252 238 281 265 in
307 243 486 274 conspectu
510 232 637 271 aliquat-
658 230 858 261 clarissimae
877 231 1068 266 sententiae,
1092 237 1123 260 ut
1148 230 1220 259 Act.

257 278 300 307 li).
326 281 388 314 [ts.
413 276 478 311 434
503 275 632 304 dicitnr:
671 273 752 303 lluic
782 283 893 302 omnes
918 272 1102 312 Prophetae
1133 273 1220 302 testi-

251 320 392 349 monium
407 317 588 357 perbibent,
609 316 832 345 remissionem
849 320 1056 354 pcccatorum
1072 315 1222 352 accipere

252 373 308 401 pet·
329 371 444 390 uotuen
463 360 532 388 cius
553 368 666 387 otnnes
687 357 858 386 credentes
874 357 903 386 in
919 367 1001 386 eum.
1033 355 1070 385 Et
1087 355 1177 385 lium.
1191 355 1221 385 ὁ.

252 407 314 440 [vs.
340 404 376 438 Μ
415 401 578 431 iustitis-ati
604 400 666 429 tide
691 410 802 437 pacem
827 398 983 428 habemus
1007 408 1084 438 erga
1106 397 1221 427 Deum.

338 444 374 473 Et
400 444 529 482 prodest
555 440 652 471 multa
679 441 862 471 testimonia
887 441 1090 476 meminisse,
1114 446 1144 469 ut
1171 450 1223 468 su-

253 497 308 527 pra
329 487 368 515 de
388 485 619 515 iustificatione
640 491 668 512 et
691 483 730 512 de
750 482 951 512 Paenitentia
970 481 1069 512 multa
1089 480 1223 521 collegi-

252 539 334 560 mus,
358 537 387 557 ut
403 529 443 556 sit
461 526 590 556 iutixum
608 526 735 559 animis,
756 524 839 555 hanc
855 534 930 554 vere
946 534 1022 554 esse
1036 531 1223 563 perpetuam

253 568 420 609 Exangelii
449 579 562 598 vocem
593 568 666 597 inde
695 577 798 606 usque
824 567 865 596 ab
896 567 981 596 edita
1005 566 1224 606 promissione

251 613 291 642 :td
324 612 443 641 Adam.
480 618 569 639 certo
601 617 731 649 propter
766 608 929 638 Flu-istum
965 608 1078 638 donari
1114 608 1224 638 remis-

253 656 394 684 sionem.
423 661 450 682 et
477 653 508 681 in
533 653 617 681 otttni
642 652 848 680 invocatione
872 652 912 680 ad
936 650 1042 680 Deum
1065 650 1224 679 acceden-

253 697 327 726 dum
358 706 432 725 esst·
468 694 584 724 liduria
614 693 734 723 t'hrisu
770 692 978 729 Mediatoris,
1016 698 1048 722 ut
1085 692 1165 731 Epir
1192 691 1221 721 3.

253 743 314 775 [vs.
339 739 399 775 124
420 738 547 766 dicitur:
584 735 646 764 Pet·
669 745 764 775 quem
787 736 944 765 audemus
968 734 1128 764 accedere
1153 744 1225 763 cum

253 780 370 810 tiducia
406 789 463 818 per
499 779 593 808 tidem
628 778 659 807 in
691 778 794 816 ipsum
818 783 880 807 etc.
925 776 965 806 Et
995 776 1036 806 ad
1067 776 1164 806 llebr.
1194 776 1224 805 4.

253 830 316 857 lvs.
334 822 395 858 144
421 820 587 850 Habentes
601 819 789 848 l'outiticem
809 819 917 849 lesum
935 818 1132 848 accedamus
1153 828 1226 847 cum

252 864 369 894 fidncia
392 863 433 892 ad
457 861 607 891 thronum
632 862 766 901 gratiae.

340 905 517 944 Postquam
540 910 647 933 autem
678 903 718 933 de
748 900 1012 932 reconciliatione
1041 911 1225 931 commone-

252 948 327 978 sacti
351 957 474 979 sumus,
498 946 613 975 deinde
636 945 871 984 promissiones
894 945 935 973 de
958 945 1052 974 bonis
1077 943 1225 983 spiritua-

253 990 337 1020 libus
359 997 386 1018 et
409 986 634 1027 corporalibus
655 985 859 1027 colligamus.
893 986 981 1015 loan.
1004 986 1052 1015 16.
1074 988 1136 1022 [vs¹
1157 984 1224 1022 ⁴23]

252 1032 355 1062 Amen
380 1040 472 1060 amen
497 1030 570 1060 dico
596 1029 708 1065 vobis,
735 1029 888 1069 quicquid
916 1028 1071 1067 petieritis
1097 1026 1225 1056 Patrem

252 1075 282 1104 in
308 1074 436 1103 nomine
466 1082 554 1106 meo,
587 1072 675 1101 dabit
703 1071 808 1101 vobis.
855 1070 889 1100 ln
918 1070 1048 1099 nomine
1075 1079 1166 1106 meo,
1195 1069 1226 1098 id

253 1122 320 1151 est,
350 1125 400 1144 me
424 1114 604 1150 nominato,
629 1113 659 1142 id
683 1118 745 1149 est,
787 1113 820 1142 Si
844 1113 961 1152 petetis
986 1122 1036 1141 nte
1059 1112 1224 1140 nominato

253 1156 432 1187 Mediatore
451 1167 488 1186 ac
503 1155 660 1185 Pontitice
680 1153 906 1193 interpellante
924 1163 984 1193 pro
997 1154 1102 1183 vobis.
1132 1153 1224 1182 lubet

253 1200 354 1235 enim,
385 1206 414 1229 ut
445 1198 641 1227 accedamus
669 1198 710 1226 ad
740 1196 845 1227 Deum
875 1196 993 1226 fiducia
1021 1195 1224 1231 Mediatoris,

252 1243 337 1272 sicut
350 1242 446 1271 toties
460 1242 522 1270 iam
537 1240 656 1269 dictum
671 1245 719 1268 cst
734 1238 814 1275 [lob.
832 1239 878 1270 14,
891 1238 953 1275 64:
972 1237 1075 1267 Nemo
1090 1238 1173 1267 venit
1185 1237 1225 1266 ad

254 1284 382 1314 Patrem
397 1283 456 1312 nisi
471 1292 526 1322 per
540 1280 662 1311 Filium.
677 1281 755 1310 Luc.
774 1281 820 1310 ll.
832 1284 893 1317 [vs.
909 1279 968 1316 13.Ι
983 1279 1111 1312 Quanto
1121 1280 1226 1319 magis

255 1326 351 1356 Pater
376 1332 484 1355 vester
514 1322 667 1353 coelestis
697 1323 785 1352 «labit,
810 1323 964 1362 Spiritum
995 1327 1144 1351 sanctum
1172 1331 1226 1360 pe-

255 1369 409 1398 tentibus.
445 1365 533 1395 l'sal.
558 1365 607 1395 49.
635 1369 698 1402 [vs.
726 1364 788 1401 la}
824 1365 944 1394 invoca
968 1373 1019 1393 me
1043 1363 1073 1392 in
1098 1363 1149 1392 die
1172 1363 1226 1392 tri-

256 1409 442 1445 bulationis,
467 1414 496 1438 et
521 1408 652 1447 eripiam
677 1413 718 1436 te.
743 1406 829 1435 Ioan.
858 1406 905 1435 15.
931 1409 992 1441 ix‘S.
1013 1405 1057 1442 7.]
1081 1405 1115 1435 Si
1138 1414 1226 1434 man-

255 1453 364 1481 seritis
393 1452 423 1481 in
456 1460 523 1487 me,
557 1456 587 1479 et
621 1450 720 1478 verba
752 1458 822 1477 mea
853 1447 1031 1477 manserint
1061 1447 1092 1476 in
1122 1447 1227 1482 vobis,

254 1494 407 1535 quicquid
427 1491 604 1527 volueritis,
624 1491 751 1530 petetis,
770 1496 801 1519 et
821 1489 873 1519 ftet
891 1490 994 1519 vobis.
1021 1488 1111 1518 Haec
1127 1489 1227 1518 verba

255 1535 390 1576 alligant
413 1535 662 1575 promissionem
689 1533 729 1562 ad
754 1530 953 1567 Ecclesiam,
985 1531 1017 1560 in
1046 1541 1110 1570 qua
1138 1536 1227 1559 recte

255 1584 349 1608 sonat
367 1587 428 1607 vox
442 1575 623 1615 Evangelii.
644 1574 741 1604 Certa
763 1575 804 1603 sit
819 1575 918 1614 igitur
930 1571 1081 1602 Ecclesia
1095 1571 1227 1608 Christi,

255 1621 287 1650 id
310 1627 369 1655 est,
394 1626 506 1648 coetus
531 1612 654 1648 sonans
675 1615 887 1656 Evangelium
908 1615 981 1651 Dei,
1006 1615 1091 1654 quod
1112 1624 1227 1643 revera

255 1662 443 1693 exaudiatur
456 1662 623 1699 tantisper,
637 1660 711 1689 dum
724 1660 837 1688 retinet
852 1656 1075 1697 Evangelium.
1104 1656 1227 1686 Eodem

256 1704 351 1734 modo
382 1704 422 1733 (le
446 1702 598 1733 Ecclesia
627 1701 744 1731 dicitur
777 1699 891 1730 Mattlt.
918 1699 966 1729 18.
997 1703 1061 1736 [vs.
1087 1698 1149 1735 19.1
1193 1697 1228 1727 Si

257 1748 319 1777 duo
354 1756 371 1775 e
405 1745 499 1775 vobis
534 1744 764 1775 consenserint
793 1744 823 1772 in
854 1748 958 1778 terra,
993 1741 1033 1771 de
1066 1741 1151 1770 omni
1181 1750 1228 1776 re,

256 1799 350 1829 quam
382 1794 504 1827 petent,
539 1786 591 1816 fiet
621 1787 666 1816 eis
697 1796 714 1814 a
739 1784 837 1814 Patre
861 1794 932 1813 meo
969 1781 1114 1813 coelesti.
1161 1781 1225 1811 Ubi

257 1831 339 1859 enim
363 1836 438 1859 sunt
461 1829 524 1858 duo
548 1836 601 1858 aut
626 1836 692 1857 tres
717 1827 910 1867 congregati
937 1827 968 1855 in
992 1825 1121 1855 nomine
1143 1834 1227 1860 meo,

258 1873 298 1902 ibi
329 1883 399 1901 sum
429 1873 458 1900 in
491 1871 594 1900 medio
622 1879 743 1900 eorum.
789 1868 849 1898 Hic
880 1878 1010 1908 quoque
1037 1867 1228 1906 proponitur

259 1913 426 1944 Ecclesiae
450 1911 554 1942 dulcis
578 1911 762 1951 promissio-
807 1910 905 1940 Dent.
929 1912 958 1939 4⁴.
984 1913 1046 1946 lvs.
1072 1908 1115 1946 7.l
1159 1908 1228 1938 Nec

258 1963 307 1986 est
331 1955 393 1985 alia
419 1955 521 1987 natio,
552 1964 635 1994 quae
663 1953 785 1982 habeat
807 1951 899 1982 Deos
928 1951 1227 1991 appropinquantes

258 1998 334 2033 sibi,
369 1998 451 2027 sicut
483 1996 575 2026 Deus
606 2001 718 2025 noster
747 1996 840 2024 adest
872 1995 997 2024 cunctis
1028 1993 1228 2022 obsecratio-

259 2040 351 2069 nibus
378 2039 507 2068 nostris.
548 2036 699 2068 Aflirmat
722 2047 798 2066 vere
818 2036 960 2066 exaudiri
979 2034 1175 2071 Ecclesiam,
1198 2035 1228 2064 in

259 2092 323 2121 qua
347 2088 442 2111 sonat
469 2082 601 2110 verbum
624 2078 696 2109 Dei.
727 2078 813 2108 Psal.
841 2079 911 2108 144.
937 2081 998 2114 [vs.
1025 2077 1088 2115 lS.J
1123 2076 1229 2116 Prope

260 2130 307 2153 est
333 2122 493 2153 Dominus
522 2122 670 2152 omnibus
702 2121 930 2150 invocantibus
960 2130 1050 2156 eum,
1080 2120 1229 2149 omnibus

259 2166 488 2195 invocantibus
523 2175 595 2194 eum
627 2165 658 2193 in
689 2164 834 2193 veritate.
880 2161 1090 2192 Voluntatem
1119 2162 1229 2191 timen-

261 2208 337 2237 tium
372 2217 408 2235 se
441 2206 536 2236 saciet
566 2212 595 2235 et
630 2206 891 2245 deprecationem
925 2215 1035 2233 eorum
1067 2203 1227 2234 exaudiet.

261 2249 320 2279 les.
345 2248 396 2278 65.
422 2251 482 2283 ivs.
507 2249 571 2285 ‘244
611 2248 795 2287 Antequam
820 2246 1024 2282 clamabunt,
1047 2256 1108 2286 ego
1133 2256 1229 2275 exau-

261 2291 357 2325 diam,
376 2289 482 2320 adhuc
503 2290 711 2329 loquentibus
732 2288 794 2318 illis
816 2300 877 2329 ego
897 2289 1034 2318 audiam.
1059 2289 1161 2319 Sirac.
1177 2287 1228 2317 35.

262 2337 323 2370 [vs.
347 2332 412 2369 ‘214
462 2332 576 2361 Oratio
611 2330 809 2361 humiliantis
844 2341 880 2360 se
914 2331 1017 2360 nubes
1050 2330 1230 2370 penetrabit

261 2381 292 2405 et
316 2384 379 2404 non
404 2374 558 2410 discedet,
582 2375 686 2404 donec
709 2372 885 2403 altissimus
904 2373 1050 2413 aspiciet.

347 2416 374 2444 ()
409 2416 657 2446 inenarrabilem
692 2416 866 2445 bonitatem
908 2421 939 2445 et
973 2414 1229 2445 misericordiam

260 2457 323 2488 Dei
362 2468 441 2497 erga
479 2456 659 2487 Ecclesiam
694 2464 864 2487 sonantem
899 2455 1069 2497 Evangelii
1104 2466 1228 2486 vocem.

262 2500 437 2540 Praecipit,
467 2506 500 2529 ut
528 2506 678 2539 petamus
707 2501 810 2537 bona,
837 2505 869 2529 et
897 2500 985 2529 addit
1012 2498 1229 2539 amplissimas

963 188 999 218 Et
1031 189 1095 218 sint
1124 189 1243 218 nobis·

1243 309 1245 316 Ι
1266 271 1419 311 iugientis
1448 271 1564 301 Deum.

1264 188 1511 228 promissiones,
1535 195 1568 219 ut
1590 189 1703 220 invitet.
1725 200 1786 219 nos
1810 192 1851 221 ad
1875 192 2122 223 invocationem.
2167 192 2236 223 Sed

1266 240 1383 276 magua
1402 237 1450 260 est
1469 229 1686 268 imbecillitas,
1705 242 1841 272 maguus
1861 239 1978 273 stupor
1995 233 2124 264 humani
2139 235 2234 267 animi

1609 272 1749 303 Excitati
1784 274 1881 314 igitur
1918 281 1964 305 tot:
1992 276 2175 315 praeceptis
2205 281 2237 306 et

1267 314 1538 353 promissionibus
1563 315 1766 354 corrigamus
1785 316 2016 347 dubitationem
2036 323 2181 348 nostram
2205 323 2237 348 et

1267 355 1425 385 accedere
1449 356 1490 385 ad
1510 355 1614 385 Deum
1638 357 1776 386 ducente
1795 355 1925 388 Christo
1950 360 2152 398 incipiamus,
2175 368 2238 389 nec

1267 403 1416 436 putemus
1439 398 1674 437 promissiones
1698 398 1825 429 divinas
1851 401 1964 430 inanes
1995 401 2123 430 sonitus
2152 410 2238 438 esse,

1268 445 1299 468 ut
1322 439 1445 479 tingunt
1462 439 1620 479 Epicurei.
1658 440 1730 469 Non
1755 438 1877 472 frustra
1896 441 1989 472 Deus
2009 452 2083 472 sese
2103 447 2148 472 tot
2165 440 2238 474 illu-

1268 481 1390 511 stribus
1411 482 1602 511 testimoniis
1623 480 1786 522 patefecit,
1809 493 1873 513 non
1897 482 2020 514 frustra
2039 482 2238 518 voluntatem

1269 533 1362 552 suam
1382 522 1576 561 declaravit,
1607 522 1674 554 vult
1698 534 1779 554 voce
1803 536 1863 556 sua
1887 532 2033 556 nostram
2056 524 2239 566 caliginem,

1269 571 1400 594 nostras
1420 565 1637 596 dubitationes
1657 567 1832 597 emendari.
1857 566 2030 598 Praeclare
2049 568 2145 609 igitur
2156 567 2239 599 Tau-

1269 605 1357 636 lerus
1381 607 1493 647 inquit,
1517 607 1667 638 Animum
1687 608 1824 639 hominis
1845 619 2008 649 nunquam
2027 616 2090 640 tam
2109 610 2240 640 avidum

1269 658 1346 678 esse
1369 649 1410 679 ad
1434 650 1674 689 accipiendum,
1704 652 1780 691 quin
1806 651 1895 682 Deus
1919 651 2020 682 multo
2045 651 2170 682 avidior
2198 651 2240 682 sit

1269 691 1309 720 ad
1340 691 1491 739 dandum.
1537 691 1597 721 Est
1627 693 1710 722 enim
1741 703 1841 723 verax
1875 698 1906 723 et.
1940 704 2077 724 servans
2108 703 2240 724 suarum

1270 743 1533 772 promissionum.

1355 815 1536 850 Quartus
1555 814 1649 846 locus
1669 823 1732 847 est:
1758 816 1852 851 Quod
1872 817 1966 848 fidem
1986 819 2017 848 in
2034 819 2241 850 invocatione

1270 858 1404 888 accendi
1429 867 1569 888 necesse
1593 864 1653 888 est.
1698 858 1774 888 Ideo
1798 860 1881 890 enim
1908 860 2043 890 traditae
2068 866 2144 890 sunt
2166 870 2241 900 pro-

1270 900 1454 936 missiones,
1477 906 1512 929 ut
1536 900 1618 930 fides
1642 901 1850 931 accendatur.
1886 901 1927 931 Et.
1949 908 1983 932 ut
2007 907 2104 932 antea
2127 902 2167 932 de
2190 912 2241 932 or-

1271 942 1345 971 dine
1368 942 1620 980 promissionum
1644 943 1724 980 dixi,
1752 943 1795 973 ita
1823 944 1959 983 primum
1988 943 2042 974 hic
2074 944 2241 974 sciendum

1271 990 1321 1013 est
1352 985 1383 1014 in
1415 984 1500 1013 omni
1529 984 1753 1020 invocatione,
1788 996 2001 1025 quaecunque
2029 995 2084 1015 res
2113 986 2242 1025 petitur,

1271 1032 1424 1065 oportere
1443 1025 1637 1064 praelucere
1656 1027 1763 1064 tidem,
1782 1037 1866 1067 quae
1881 1028 2000 1067 accipit
2017 1027 2241 1058 remissionem

1270 1073 1479 1107 peccatorum
1502 1073 1534 1097 et
1557 1068 1669 1098 statuit
1692 1079 1754 1098 nos
1776 1069 1909 1109 placere
1933 1069 2004 1099 Deo
2032 1074 2064 1099 et
2086 1079 2164 1100 vere
2191 1079 2240 1100 re-

1271 1110 1333 1148 cipi
1352 1119 1469 1149 preces
1489 1115 1619 1139 nostras
1640 1117 1772 1150 propter
1791 1110 1905 1141 Filium
1929 1110 1992 1141 Dei
2017 1111 2240 1142 Mediatorem.

1270 1151 1346 1181 ldeo
1371 1157 1402 1181 et
1426 1152 1609 1181 testimonia
1631 1153 1671 1182 de
1695 1153 1770 1189 tide,
1793 1162 1876 1193 quae
1895 1153 1971 1183 citat
1989 1151 2123 1190 Paulus,
2146 1154 2241 1184 etiam

1271 1204 1343 1223 cum
1363 1191 1425 1222 alia
1442 1194 1569 1223 obiecta
1588 1200 1720 1224 externa
1736 1193 1832 1225 simul
1846 1194 2115 1234 complectuntur,
2134 1201 2241 1226 tamen

1269 1234 1353 1264 hanc
1379 1235 1473 1264 tidem
1497 1245 1561 1265 una
1585 1235 1882 1275 comprehendunt,
1905 1237 2008 1276 quod,
2032 1237 2085 1277 qui
2108 1247 2174 1267 non
2196 1237 2242 1267 in-

1270 1276 1438 1317 telligunt,
1465 1287 1579 1316 parum
1609 1277 1744 1307 fideliter
1773 1289 1792 1308 a
1816 1276 1918 1308 Paulo
1948 1279 2038 1308 citari
2063 1280 2241 1310 sententias

1270 1329 1310 1348 ex
1335 1319 1455 1348 Genesi
1483 1324 1515 1348 et
1541 1317 1716 1358 Prophetis
1749 1320 1967 1355 contendunt.;
1995 1320 2126 1350 Memini
2156 1321 2241 1351 enim

1271 1372 1321 1391 me
1344 1360 1428 1390 tales
1453 1359 1677 1391 cavillationes
1696 1362 1819 1391 audire.
1861 1362 1926 1391 Sed
1946 1371 2011 1391 non
2030 1368 2158 1401 poterat
2175 1362 2241 1393 Da-

1271 1403 1325 1433 vid
1348 1408 1460 1442 petere
1484 1403 1670 1439 victoriam,
1699 1404 1760 1432 nisi
1788 1404 1878 1442 prius
1902 1408 2059 1433 statueret.
2082 1404 2144 1434 sibi
2165 1414 2241 1444 pec-

1272 1449 1345 1474 cata
1369 1444 1498 1480 remitti,
1522 1453 1559 1473 se
1578 1454 1597 1473 a
1610 1442 1683 1474 Deo
1702 1451 1867 1484 receptum
1887 1454 1963 1474 esse
1979 1450 2010 1475 et
2028 1455 2144 1485 preces
2162 1455 2241 1476 suas

1271 1486 1375 1525 accipi
1404 1496 1423 1515 a
1450 1485 1533 1515 Deo.
1579 1485 1669 1516 Haec
1697 1496 1797 1526 supra
1826 1487 1921 1517 etiam
1955 1487 2064 1528 attigi,
2101 1497 2175 1518 cum
2202 1487 2243 1518 de

1272 1527 1503 1558 iustificatione
1526 1528 1602 1557 dixi.

1357 1569 1484 1600 Deinde
1519 1570 1756 1600 discernendae
1779 1580 1833 1600 res
1857 1576 1942 1608 sunt,
1972 1581 2057 1610 quae
2078 1576 2242 1611 petuntur.

1272 1611 1338 1642 Aut
1361 1618 1515 1652 petuntur
1538 1610 1721 1651 spiritualia
1745 1613 1849 1650 bona,
1873 1623 1956 1652 quae
1981 1613 2128 1652 promisit
2150 1612 2241 1643 Deus

1271 1655 1458 1684 nominatim
1481 1664 1518 1683 se
1542 1655 1691 1685 daturum
1715 1664 1791 1684 esse
1815 1661 1847 1684 et
1872 1654 1940 1685 vult
1963 1656 2034 1684 sine
2057 1655 2243 1685 conditione

1271 1697 1347 1735 peti,
1377 1702 1413 1726 ut
1436 1697 1659 1726 remissionem
1692 1702 1912 1736 peccatorum,
1941 1695 2165 1727 liberationem
2199 1697 2240 1727 ab

1272 1739 1434 1778 impietate
1470 1744 1501 1768 et
1536 1744 1642 1768 morte
1676 1744 1828 1775 aeterna,
1862 1739 2071 1769 donationem
2100 1738 2240 1779 Spiritus

1273 1781 1380 1810 sancti
1400 1785 1431 1810 et
1454 1781 1538 1810 vitae
1562 1786 1726 1810 aeternae.
1751 1781 1841 1811 Haec
1864 1782 2040 1820 praecipua
2063 1786 2113 1811 est
2134 1780 2241 1811 Evan-

1272 1821 1348 1863 gelii
1382 1823 1567 1862 promissio,
1602 1832 1698 1862 quam
1722 1823 1816 1852 etiam
1840 1824 1989 1853 onmibus
2014 1821 2241 1863 corporalibus

1273 1865 1452 1894 commodis
1493 1865 1625 1894 amissis
1667 1863 1736 1894 vult
1770 1864 1861 1895 Deus
1897 1866 1991 1895 nobis
2027 1865 2242 1895 certissimam

1273 1917 1359 1942 esse,
1394 1913 1429 1936 ut
1461 1906 1555 1936 Rom.
1590 1908 1619 1936 4.
1645 1908 1706 1943 [vs.
1734 1907 1795 1944 l(›·.]
1831 1907 1964 1937 dicitur:
1995 1907 2072 1937 ideo
2107 1917 2148 1937 ex
2178 1906 2242 1936 fide

1273 1949 1387 1989 gratis,
1410 1954 1444 1979 ut
1468 1949 1559 1978 firma
1581 1949 1622 1978 sit
1645 1949 1828 1988 promissio.

1358 1991 1391 2021 ln
1415 1990 1464 2021 his
1489 1991 1635 2030 petendis
1660 1990 1741 2020 fides
1765 1989 1885 2020 nullam
1908 1990 2001 2020 affert
2013 1990 2243 2026 conditionem,

1273 2033 1347 2073 quia
1370 2034 1557 2063 mandatum
1580 2032 1642 2062 Dei
1667 2038 1718 2061 est
1736 2032 1952 2067 immutabile,
1976 2032 2062 2072 quod
2086 2031 2244 2072 praecipit

1272 2075 1375 2105 audiri
1400 2074 1566 2105 Christum
1589 2080 1620 2104 et
1644 2075 1817 2114 praecipit,
1840 2080 1874 2104 ut
1898 2075 2069 2105 credamus
2093 2073 2244 2114 Evange-

1273 2116 1334 2154 lio,
1358 2128 1397 2147 ac
1421 2122 1509 2147 certo
1533 2122 1677 2146 statuant
1701 2122 1837 2157 agentes
1861 2117 2109 2156 poenitentiam,
2143 2115 2244 2155 recipi

1273 2170 1309 2189 se
1343 2170 1362 2189 a
1392 2159 1463 2189 Deo
1487 2165 1621 2199 propter
1645 2158 1822 2189 Christum.
1869 2158 1903 2188 ld
1927 2160 1982 2198 qui
2006 2169 2070 2189 non
2094 2158 2243 2193 credunt,

1273 2208 1429 2231 accusant
1453 2200 1557 2231 Deum
1592 2201 1761 2230 mendacii.
1808 2200 1884 2231 ideo
1914 2200 1966 2231 hic
1990 2210 2055 2231 non
2079 2199 2245 2230 assuenda

1273 2250 1323 2274 est
1347 2244 1487 2273 conditio
1512 2242 1631 2283 aliqua.
1650 2243 1708 2273 sed
1729 2243 1925 2273 credendum
1944 2243 2123 2273 iuramento
2136 2242 2242 2272 divino

1273 2286 1408 2324 [Ezech.
1418 2285 1467 2317 33
1479 2285 1556 2324 ll.]:
1568 2285 1652 2315 Vivo
1663 2295 1738 2326 ego,
1748 2283 1823 2315 nolo
1833 2291 1968 2315 mortem
1976 2284 2175 2325 peccatoriS,
2185 2282 2244 2312 sed

1272 2334 1305 2359 ut
1320 2333 1530 2358 convertatur
1544 2333 1574 2357 et
1586 2328 1684 2358 vivat.
1704 2326 1784 2358 Saul
1797 2326 1929 2367 proeliis
1942 2325 2067 2367 aliquot
2081 2327 2186 2357 victus
2198 2331 2244 2354 ta-

1273 2381 1344 2400 men
1380 2381 1399 2399 a
1422 2370 1494 2399 Deo
1524 2370 1665 2399 deficere
1689 2379 1895 2409 nequaquam
1919 2370 2075 2405 debebat,
2106 2368 2165 2398 sed
2188 2376 2243 2406 po-

1272 2414 1336 2443 tius
1367 2413 1407 2441 ad
1443 2422 1514 2442 eum
1539 2410 1721 2453 confugere
1745 2418 1776 2441 et
1800 2410 2100 2442 reconciliationem
2122 2415 2242 2450 petere.

1273 2455 1379 2485 David
1410 2461 1526 2484 exutus
1561 2464 1664 2494 regno
1689 2460 1720 2484 et
1749 2454 1902 2484 universa
1925 2463 1986 2484 sua
2009 2452 2115 2494 gloria
2137 2457 2243 2482 tamen

1274 2508 1339 2527 non
1358 2496 1466 2527 deficit
1489 2507 1508 2526 a
1530 2496 1614 2533 Deo,
1648 2496 1709 2526 sed
1732 2496 1827 2526 scivit
1851 2494 2148 2526 reconciliationem
2169 2501 2243 2532 pro-
