2358 2933
237 124 296 154 127

271 303 308 326 123,
327 310 348 324 fl.

303 686 326 702 lo

289 1102 317 1119 ²0

257 1353 296 1376 43.
317 1354 337 1375 11.

240 1563 292 1588 (24.
320 1566 354 1590 a.)

286 1767 309 1783 lo

283 1976 307 1993 15

278 2185 306 2202 20

859 127 966 157 Ptin..
991 127 1091 157 MEi..
1116 123 1298 156 SCRIPTA
1323 122 1596 155 DOGMATch.

386 218 460 247 inde
473 227 596 256 quaeso
610 218 780 247 considera
793 218 867 257 quid
881 218 1092 249 devoventur.
1125 217 1202 247 Pro·
1224 248 1226 259 Ι

387 259 551 288 mittuntur
564 258 755 289 coelibatus.
768 267 955 299 paupertas,
966 268 994 290 ct
1006 260 1200 290 obedientia.
1224 275 1226 289 z

387 299 588 330 (111-1111111001
610 311 672 329 non
693 310 777 340 nego
797 301 934 332 consuli.
966 303 1031 333 Sed
1052 313 1124 332 cum
1163 312 1200 333 ea

386 342 425 371 511
454 341 656 371 imbecillitas>
683 343 790 372 carnis
815 351 964 376 nostrae,
990 351 1021 374 111
1052 344 1201 374 Christus

385 384 479 412 etiam
499 390 592 423 neget
615 394 727 414 onmes
747 395 865 424 capere
877 396 1061 416 sermonem
1074 388 1114 416 de
1127 397 1200 417 coe—

386 424 500 454 libatu.
521 426 596 464 1111111
621 426 732 456 attinet
759 426 895 467 vulgare
920 429 950 458 in
971 434 1017 459 tot
1036 428 1201 459 bominum

386 465 469 495 milia
488 476 554 496 rem
574 468 657 497 adco
677 469 848 508 ancipitem
873 476 903 499 et
929 469 1075 510 periculo
1108 471 1200 501 sinn?

385 507 431 537 Ex
452 509 614 538 1616111105
635 509 808 541 heremitis.
828 518 982 551 quantum
1003 523 1041 543 ex
1055 513 1198 542 historiis

384 548 493 590 colligi
514 558 632 589 potest.
653 554 744 591 pauci
765 554 849 582 adeo
869 553 960 584 fuere
973 556 1026 595 qui
1039 553 1199 585 foeliciter

385 602 457 622 cum
486 603 585 622 carne
616 594 811 626 dimicarint.
842 606 914 625 cum
945 603 1050 627 tamen
1081 595 1198 627 sedulo

384 642 603 665 eniacerarent
625 646 764 675 corpora
785 635 868 667 fiune
888 648 927 667 ac
946 639 1008 669 siti.
1022 645 1198 678 essentque

381 676 541 706 adversus
562 678 694 707 insidias
713 679 879 709 daemonis
906 681 1015 710 divina
1034 691 1104 711 rum
1130 680 1197 711 lite-

383 729 489 748 rarum
509 721 693 759 cognitione
714 722 922 751 minutissimi.
974 722 1044 751 Nos
1064 733 1196 763 quomo—

383 761 424 789 do
445 762 610 790 vincemus
629 763 658 791 in
680 769 768 792 tanto
790 762 877 794 luxu.
897 764 926 793 in
947 763 1106 794 altissimo
1119 766 1196 801 otio,

381 803 465 831 adeo
493 803 648 833 inermes.
675 805 757 833 adeo
777 805 879 845 ignari
900 816 1068 836 sacrarum
1088 805 1195 836 litera-

381 854 461 873 rum.
482 851 511 873 et
526 844 705 885 Evangelii.
720 857 783 886 quo
797 847 857 876 nisi
870 847 915 876 sis
928 848 1195 878 instructissimus

381 884 573 915 infoeliciter
603 897 675 917 cum
699 887 821 918 Satana
853 890 1110 930 con'grediere.
1156 890 1195 919 Et

380 937 555 957 successus
592 929 704 959 docet.
739 940 834 969 quam
864 932 1042 970 prudenter
1075 942 1195 962 vovea-

379 979 461 999 mus.
497 969 599 999 Porro
624 974 849 1011 paupertas-²²⁹)
875 974 915 1003 ab
940 974 1090 1004 omnibus
1104 973 1195 1003 Chri-

380 1012 493 1041 stianis
522 1013 661 1052 exigitur
689 1014 757 1043 iure
781 1014 909 1051 divino,
933 1016 1015 1045 adeo
1040 1026 1102 1045 non
1127 1021 1194 1045 tan-

379 1058 445 1082 tum
469 1054 509 1083 ad
533 1054 711 1084 monachos
735 1058 884 1095 pertinet.
922 1057 976 1086 Est
996 1063 1103 1087 autem
1117 1068 1194 1097 pau-

378 1102 488 1134 pertas
501 1095 711 1135 Evangehca,
735 1108 799 1128 non
823 1099 1013 1129 mendicitas
1036 1098 1091 1129 illa
1105 1098 1192 1131 vul-l

377 1138 482 1176 garis,
511 1138 570 1167 sed
599 1149 658 1168 sua
682 1150 753 1169 611111
778 1142 927 1171 omnibus
955 1140 1077 1171 habere
1108 1152 1193 1171 com-

377 1179 495 1208 munia.
520 1178 641 1219 largiri.
666 1181 789 1211 donare
824 1184 973 1213 (minibus
1009 1184 1192 1222 egentibus,

377 1226 406 1249 et
437 1231 504 1250 rem
529 1220 654 1258 facere,
685 1224 715 1252 10
747 1223 810 1253 hoc
833 1231 865 1254 ut
890 1224 1029 1254 alienam
1053 1225 1192 1265 inopiam

375 1262 542 1293 subleves,
600 1265 671 1294 Non
709 1271 759 1295 est
793 1266 985 1306 evangelica
1015 1273 1192 1306 paupertas

375 1303 452 1333 nihil
471 1306 653 1344 possidere,
672 1308 731 1337 sed
750 1308 793 1338 ita
811 1309 994 1349 possidere,
1012 1314 1046 1338 ut
1066 1308 1192 1339 alienae

375 1346 420 1375 rei
456 1357 558 1386 procu
590 1354 729 1379 ratorem
760 1355 791 1379 te
822 1360 922 1391 agere
952 1351 1093 1387 sentias,
1127 1361 1191 1381 non

374 1392 458 1418 tuae.
504 1389 537 1418 111
562 1391 649 1430 quod
673 1391 768 1421 docet
792 1391 914 1422 Paulus
937 1393 978 1422 ad
990 1391 1111 1432 Ephes.
1135 1393 1190 1424 lV.

373 1432 437 1466 [vS.
468 1430 551 1468 28³1
586 1432 692 1473 Magis
723 1439 830 1464 autem
862 1434 990 1464 laboret
1024 1436 1191 1475 operando

372 1473 521 1503 manibus
552 1475 639 1510 suis,
672 1475 759 1515 quod
791 1477 909 1507 bonum
933 1482 994 1513 651,
1013 1482 1047 1506 111
1071 1476 1192 1507 11311631

371 1514 458 1543 unde
492 1516 610 1545 tribuat
640 1518 871 1548 necessitatem
900 1519 1044 1558 patienti.
1120 1519 1191 1549 Huc

375 1556 469 1585 etiam
484 1556 597 1587 referri
611 1564 729 1598 potest,
747 1561 849 1599 ‘quod
874 1566 924 1590 est
946 1561 978 1590 in
995 1560 1190 1601 Evangelio,

372 1596 466 1628 Vade
501 1605 533 1629 et
568 1601 672 1630 vende
707 1602 813 1631 onmia
843 1612 926 1642 quae
954 1601 1058 1632 habes
1087 1608 1119 1632 et
1149 1603 1191 1633 da

372 1642 582 1680 pauperibus.
630 1642 711 1672 Nam
736 1644 784 1673 sic
814 1643 904 1674 illum
934 1643 1068 1674 volebat
1099 1643 1190 1674 Chri-

371 1688 442 1712 stus
472 1694 648 1723 pauperem
679 1694 772 1721 esse.
800 1691 832 1715 ut
863 1686 964 1715 daret.
1010 1685 1105 1716 Nunc
1128 1696 1189 1716 nos

371 1731 594 1764 paupertatem
619 1725 696 1756 nihil
716 1736 884 1764 vocamuS‚
905 1728 964 1757 nisi
984 1728 1025 1757 ab
1045 1727 1117 1757 aliis
1136 1738 1189 1758 ac-

371 1766 491 1805 cipere.
544 1767 679 1804 Vides-‚1
706 1775 860 1808 quantum
884 1770 969 1799 absit
1006 1770 1047 1799 ab
1082 1769 1189 1800 Evan-

370 1808 456 1847 gelio
491 1809 694 1839 mendicandi
734 1810 936 1841 institurum?
980 1817 1014 1842 ut
1050 1812 1210 1851 exigitur'

370 1857 545 1890 paupertas
575 1851 618 1880 ita
647 1857 678 1881 et
708 1851 803 1881 labor
826 1853 992 1892 parandae
1022 1854 1088 1889 rei,
1122 1863 1188 1883 non

369 1898 482 1922 nostra
505 1893 563 1922 sed
589 1891 724 1923 fratrum
754 1904 882 1924 caussa.
933 1893 1071 1925 Tantum
1094 1896 1189 1925 abest

368 1940 403 1963 ut
432 1935 623 1964 mendicitas
654 1936 822 1974 probetur.
876 1936 1048 1967 Postremo
1077 1937 1188 1967 obedi-

369 1977 488 2006 entiam
508 1977 708 2016 promittunt.
727 1978 786 2007 sed
806 1977 890 2008 hanc
910 1978 1029 2018 singuli
1043 1989 1085 2019 pa
1115 1988 1187 2008 ren-

368 2017 472 2054 tibus,
507 2020 788 2058 praeceptoribus,
821 2021 1085 2060 magistratibus,
1118 2021 1188 2051 iure

368 2060 476 2089 divino
501 2061 668 2090 debemus.

368 2101 544 2141 peculiaris
568 2103 598 2132 in
622 2103 767 2133 instituto
786 2105 978 2134 monastico.
1015 2105 1081 2135 Sed
1101 2115 1188 2135 nunc

368 2143 409 2172 de
439 2143 607 2174 monachis
637 2155 701 2175 non
730 2144 808 2175 libet
838 2146 1015 2186 disputare.
1048 2147 1208 2178 viderint<

367 2185 418 2215 isti
449 2196 543 2225 quam
575 2185 758 2217 Christiane
782 2191 956 2225 5605611111,
980 2190 1033 2229 qui
1057 2199 1110 2219 mo
1131 2199 1186 2219 na-
1206 2205 1207 2208 ¹

368 2225 502 2257 chorum
534 2229 751 2259 conditionem
781 2240 884 2270 1151106
908 2231 991 2261 31160
1015 2231 1096 2262 nulli
1120 2241 1186 2262 non

367 2270 479 2309 generi
505 2269 668 2300 hominum
700 2271 942 2311 11136101610111,
973 2275 1186 2304 aestimantes

365 2320 432 2340 non
455 2322 474 2341 a
497 2312 611 2352 spiritu
635 2312 909 2351 Chritianisinum,
933 2315 993 2345 sed
1011 2317 1053 2346 ab
1078 2322 1185 2346 exter-

366 2362 479 2383 norum
504 2364 637 2394 operum
662 2357 783 2395 specie.
829 2356 1001 2391 Quondam
1020 2363 1184 2389 monaste-

367 2395 413 2424 ria
438 2394 515 2426 nihil
539 2397 598 2426 nisi
623 2396 759 2428 scholae
783 2404 894 2433 erant.
919 2399 1084 2440 degebant
1108 2411 1183 2431 coe-

214 2527 258 2556 39)
283 2529 351 2553 Coni'.
370 2529 411 2554 Ed.
430 2531 452 2553 7Α
474 2536 549 2560 supra
569 2531 600 2554 ad
620 2531 662 2556 sol.
681 2532 721 2559 42,
741 2539 767 2555 α.
788 2534 857 2560 (nota
878 2535 930 2563 36).

714 2061 825 2096 Quare
848 2061 939 2092 nulla
958 2068 1008 2093 est
1027 2061 1188 2103 perfectio
1207 2079 1208 2082 =

1248 215 1331 246 libes
1347 226 1408 246 sua
1423 222 1540 256 sponte
1556 216 1752 247 scholastici
1769 223 1801 247 et
1813 218 1965 257 quamdiu
1985 217 2064 249 libe-

1249 259 1314 294 1131,
1327 259 1500 288 utebantur
1519 269 1592 288 cum
1606 258 1837 298 condiscipulis
1851 261 2064 290 communiter

1247 301 1397 330 omnibus
1410 301 1521 337 rebus,
1533 301 1801 340 obsequebantur
1813 302 1972 340 parebant
1984 301 2064 333 libe-

1246 341 1357 372 raliter
1376 343 1656 382 praeceptoribus,
1680 352 1743 372 una
1757 341 1972 382 psallebatur,
1991 354 2063 375 ora-

1246 384 1358 421 batur,
1388 385 1630 421 disserebatur,
1659 384 1906 424 habebaturque
1930 391 2031 416 totum
2058 389 2061 412 Ι

1245 427 1331 456 11136
1353 436 1470 467 genus,
1488 437 1553 456 non
1573 436 1632 466 pro
1646 425 1803 466 peculiari
1817 427 1956 467 quodam
1969 426 2061 457 Chri-

1245 468 1431 505 stianisino,
1460 479 1518 508 pro
1543 474 1629 498 statu
1653 467 1880 508 perfectionis,
1911 474 1946 499 ut.
1974 479 2061 500 nune

1244 509 1438 550 loquuntur,
1474 511 1533 541 sed
1565 511 1671 550 potius
1708 521 1767 551 pro
1798 509 2062 550 imperfectorum

1245 553 1404 592 tyrocinio
1434 562 1473 582 ac
1504 553 1685 582 rudimento
1717 558 1817 583 esset.
1862 552 1972 593 Atque
2002 553 2061 583 uti-

1245 604 1317 623 nam
1347 595 1459 624 eadem
1491 594 1586 624 hodie
1613 595 1883 625 monasteriorum
1907 595 2060 625 conditio.

1243 635 1325 665 Nam
1350 636 1394 666 ita
1417 642 1449 666 et
1478 635 1611 666 scholas
1642 636 1845 668 haberemus
1876 637 2060 667 sanctiores

1243 684 1272 707 et
1307 678 1411 708 minus
1445 679 1685 718 superstitionis
1715 684 1747 708 et
1787 679 1968 718 impietatis,
2024 678 2060 708 ln

1242 730 1307 759 qua
1324 720 1407 749 enim
1425 719 1680 750 Clu-istianarum
1705 730 1813 751 rerum
1837 726 1929 760 parte
1944 726 2058 760 poten-

1243 762 1306 790 tius
1329 767 1443 801 regnat
1468 761 1702 798 Antichristus,
1727 772 1822 802 quam
1845 763 1876 793 in
1900 764 2057 793 servitute

1241 804 1482 843 monasticam)

1288 894 1348 924 DE
1373 893 1670 924 lUDlClALIBUS
1694 901 1726 924 61
1749 895 2049 930 661610011131111051

1294 952 1477 993 Supersunt
1507 951 1675 982 iudiciales
1699 958 1731 983 et
1755 952 1990 984 ceremoniales
2010 953 2056 984 le-

1239 1004 1311 1035 geS‚
1345 995 1386 1024 de
1409 995 1526 1035 quibus
1556 1005 1621 1024 non
1650 994 1772 1025 adtinet.
1802 996 1833 1025 in
1863 996 2056 1035 compendio

1238 1035 1334 1076 plura
1357 1037 1476 1067 dicere.
1502 1035 1677 1067 Iudiciales
1702 1037 1743 1066 de
1766 1037 1904 1074 iudiciis,
1928 1039 2055 1078 poenis,

1272 1188 1317 1215 40)
1326 1188 1358 1211 Ex
1365 1187 1412 1212 hoc
1421 1188 1475 1212 loco
1483 1188 1533 1217 ..De
1541 1188 1717 1212 Monacliorum
1727 1188 1806 1211 votis-⁸
1816 1188 1934 1217 inscripto
1944 1194 2052 1218 perpau-

1237 1227 1265 1244 ca
1279 1223 1376 1245 tantum
1397 1224 1497 1245 servata
1511 1221 1580 1250 (coll.
1594 1222 1669 1245 etiam
1683 1227 1760 1250 supra
1772 1221 1813 1245 Ed.
1827 1223 1849 1246 2.
1863 1222 1906 1246 sol.
1917 1223 1958 1252 42,
1969 1229 1996 1245 a.
2008 1222 2052 1246 lin.

1237 1255 1259 1278 4.
1280 1255 1380 1284 insert.)
1400 1261 1479 1285 eaque
1500 1256 1595 1279 mutata
1614 1255 1719 1284 aliisque
1739 1256 1812 1278 aucta
1832 1255 1951 1285 leguntur
1969 1256 1993 1280 in
2011 1255 2052 1280 Ed.

1238 1287 1259 1310 7.
1280 1288 1342 1317 (Fol.
1361 1289 1443 1317 XXIX,
1470 1287 1493 1312 b.
1513 1289 1555 1312 lin.
1575 1288 1597 1312 8.
1616 1288 1656 1312 ad.
1674 1289 1723 1313 Fol.
1741 1289 1809 1312 XXX.
1829 1296 1855 1311 a.
1876 1289 1917 1312 lin.
1939 1289 1989 1317 ii.)
2009 1295 2052 1313 ea-

1237 1322 1295 1345 dem
1321 1322 1363 1346 illa
1382 1322 1541 1352 inscriptione
1560 1322 1700 1351 praemissa
1718 1322 1765 1345 hoc
1783 1322 1871 1346 modo:

1271 1355 1400 1384 Quondam
1414 1356 1516 1380 scholae
1530 1355 1684 1380 monasteria
1695 1357 1767 1379 erant
1779 1355 1820 1379 ubi
1834 1361 1894 1380 suas
1904 1356 1978 1384 ponte
1993 1361 2050 1379 coe-

1236 1389 1300 1413 libes
1309 1389 1436 1418 degebant
1446 1389 1596 1419 scholastici,
1605 1392 1630 1413 et
1639 1388 1756 1419 quamdiu
1768 1389 1871 1417 libebat,
1885 1388 2052 1413 communiter

1235 1423 1352 1447 omnibus
1372 1423 1448 1447 rebus
1467 1423 1532 1447 inter
1558 1429 1586 1448 se
1611 1422 1727 1452 discipuli
1755 1422 1899 1451 utebantur,
1924 1423 2049 1452 parebant

1235 1456 1374 1480 liberaliter
1392 1456 1598 1486 praeceptoribus
1618 1462 1668 1481 003
1678 1456 1844 1485 psallebatur,
1856 1456 1983 1485 orabatur,
1999 1455 2050 1480 dis-

1235 1490 1384 1519 serebatur,
1411 1490 1602 1520 habebaturque
1627 1492 1706 1514 totuin
1730 1495 1812 1518 genus
1831 1490 1909 1519 ritae,
1937 1495 1987 1514 non
2006 1495 2050 1519 pro

1234 1523 1355 1553 peculiari
1374 1524 1483 1553 quodam
1504 1524 1707 1552 christianismo,
1731 1529 1777 1547 seu
1802 1529 1846 1552 pro
1871 1525 1939 1547 statu
1963 1523 2048 1552 perfe—

1234 1557 1331 1586 ctionis,
1350 1558 1395 1581 sed
1414 1563 1458 1587 pro
1478 1558 1691 1587 imperfectorum,
1706 1562 1750 1585 pro
1770 1556 2048 1585 adulescentiumtyro-

1233 1591 1297 1614 cinio
1316 1593 1341 1614 et
1359 1590 1510 1615 rudimento.
1531 1592 1620 1615 Postea
1646 1590 1859 1619 degenerantibus
1880 1591 1906 1613 ut
1924 1589 1951 1614 fit
1969 1590 2050 1614 homi-

1233 1629 1292 1647 num
1323 1625 1449 1650 moribus.
1468 1624 1566 1653 legibus
1592 1624 1713 1653 primum.
1734 1623 1824 1647 deinde
1844 1623 1907 1647 votis
1927 1623 2049 1653 obstringi

1233 1659 1371 1686 coeperunt
1399 1657 1451 1687 [Ed.
1478 1658 1500 1681 7.
1520 1657 1660 1687 ceperuntJ.
1681 1657 1722 1687 qui
1740 1662 1768 1681 se
1782 1657 1815 1680 ad
1825 1657 1978 1681 monasteria
1989 1663 2048 1681 con-

1232 1692 1354 1715 tulerunt.
1392 1691 1434 1715 llic
1452 1691 1575 1720 disputari
1594 1691 1667 1719 solet,
1686 1690 1717 1714 de
1736 1692 1850 1714 votorum
1870 1691 2046 1715 observatione

1233 1730 1262 1748 36
1287 1724 1483 1754 dispensatione.
1521 1724 1573 1753 Qua
1597 1724 1628 1747 (le
1655 1730 1682 1748 re
1702 1724 1801 1753 copiose
1821 1724 1944 1748 Lutherus
1965 1724 2046 1749 disse-

1232 1758 1287 1782 ruit.
1324 1759 1373 1783 Nos
1392 1758 1502 1782 breviter
1520 1757 1684 1781 indicabimus
1703 1757 1854 1781 sententiam
1875 1760 1995 1782 nostram.

1266 1792 1384 1821 Impietas
1403 1793 1450 1816 est.
1468 1796 1559 1815 vovere
1578 1796 1624 1819 per
1633 1790 1815 1819 infidelitatem.
1825 1791 1871 1815 hoc
1884 1793 1930 1820 est,
1943 1791 1964 1815 si
1977 1791 2033 1815 ideo

1231 1830 1340 1850 voveas.
1367 1824 1433 1854 quod
1458 1825 1504 1848 boc
1529 1830 1605 1853 opere
1625 1824 1753 1849 iustificari
1772 1824 1844 1854 velis,
1864 1825 1959 1849 scilicet
1977 1825 2048 1854 igno-

1230 1864 1290 1883 rans
1310 1859 1363 1883 sola
1381 1859 1462 1887 gratia
1481 1864 1526 1887 per
1544 1858 1668 1882 Christum
1688 1858 1817 1882 iustificari
1835 1858 1976 1883 credentes.
2008 1859 2049 1883 Sic

1230 1892 1340 1922 Aquinas
1365 1891 1464 1920 docuit,
1487 1894 1572 1916 votum
1598 1892 1673 1916 etiam
1693 1892 1818 1921 bapstimo
1844 1898 1971 1922 aequans,
1997 1892 2048 1916 Sed

1231 1928 1317 1949 contra
1336 1925 1437 1951 Paulus,
1456 1926 1605 1954 pronunciat
1622 1927 1751 1955 peccatum
1771 1931 1838 1954 esse,
1858 1925 1977 1955 quidquid
1997 1931 2048 1950 non

1230 1958 1258 1982 tit
1285 1965 1316 1983 ex
1343 1958 1400 1982 fide.
1439 1959 1491 1983 Non
1509 1961 1549 1983 est
1567 1959 1644 1988 igitur
1662 1961 1746 1983 votum
1766 1959 1787 1984 si
1806 1959 1864 1989 quid
1883 1959 1981 1983 voveris
2001 1959 2047 1983 im-

1229 1992 1277 2022 pie.
1314 1993 1402 2017 ltidem
1423 1993 1498 2022 impia
1516 1996 1573 2017 vota
1592 1994 1658 2017 sunt.
1677 1993 1699 2017 si
1716 1993 1811 2017 ventris
1830 1999 1928 2022 caussa.
1947 1994 1975 2017 ut
1992 1993 2047 2022 plu-

1229 2026 1284 2050 rimi
1312 2027 1409 2055 501601,
1429 2027 1540 2055 voreris,
1561 2027 1641 2056 Quare
1661 2028 1743 2050 utrum
1763 2026 1888 2051 servanda
1908 2026 1970 2055 sint,
1998 2032 2048 2050 non

1230 2062 1269 2084 est
1295 2060 1360 2090 quod
1389 2060 1539 2090 disputetur,
1558 2066 1614 2084 cun.
1643 2062 1727 2084 votum
1753 2066 1801 2084 non
1829 2061 1861 2084 sit
1879 2066 1964 2084 coram
1988 2060 2044 2090 deo,

1230 2093 1348 2124 quidquid
1367 2094 1470 2123 impium
1489 2096 1535 2119 est.

1265 2128 1294 2151 Ut.
1318 2128 1425 2152 maxime
1450 2128 1489 2157 pie
1512 2128 1622 2156 voveris,
1652 2130 1678 2151 ut
1696 2128 1718 2151 si
1737 2128 1791 2157 quis
1810 2129 1899 2151 voveat
1918 2127 2046 2152 abstinere

1229 2161 1286 2186 vino
1312 2164 1415 2191 propter
1437 2161 1606 2191 adfligendam
1638 2167 1755 2186 carnem.
1788 2167 1837 2186 non
1862 2167 1988 2191 quaerens
2016 2167 2047 2186 eo

1228 2201 1305 2225 opere
1324 2195 1460 2225 iustificari,
1480 2197 1506 2219 et
1524 2195 1630 2220 credens
1649 2195 1698 2220 tide
1717 2202 1767 2220 1100
1786 2195 1842 2220 licta
1862 2194 1997 2225 iustificari,
2017 2201 2045 2219 se

1228 2229 1283 2253 sola
1302 2230 1383 2258 gratia
1401 2235 1447 2259 per
1466 2229 1599 2258 Christum,
1618 2234 1667 2253 non
1686 2229 1722 2253 sic
1741 2230 1826 2253 tamen
1845 2229 1941 2258 obligat
1958 2230 2045 2253 votum

1228 2263 1288 2293 quin
1306 2263 1414 2287 rescindi
1433 2263 1520 2293 possit.
1539 2263 1559 2288 si
1580 2269 1620 2287 res
1640 2263 1757 2292 postulet.
1795 2263 1863 2287 Sicut
1882 2263 1948 2287 enim
1966 2261 2045 2287 David

1229 2296 1394 2326 dispensabat
1418 2297 1449 2321 de
1469 2296 1525 2326 lege
1545 2297 1642 2326 diviua,
1662 2296 1741 2321 edens
1760 2302 1839 2326 panes
1858 2295 2043 2326 propositionis.

1227 2330 1264 2355 Ita
1283 2330 1431 2360 dispensare
1451 2330 1482 2354 de
1502 2331 1589 2360 quavis
1603 2330 1746 2355 ceremonia
1757 2333 1862 2355 externa
1875 2331 1958 2359 potest
1970 2329 2042 2354 fides.

1227 2365 1280 2389 Non
1300 2365 1365 2389 enim
1393 2364 1450 2394 plus
1476 2364 1571 2393 obligat
1595 2366 1619 2388 te
1639 2367 1737 2394 votum,
1757 2370 1832 2394 quain
1859 2363 1978 2389 Davidem
2004 2363 2045 2388 lex

1227 2397 1317 2422 divina.
1354 2398 1481 2422 Dominus.
1502 2400 1541 2422 est
1564 2400 1648 2422 autem
1674 2398 1740 2422 filius
1760 2397 1866 2422 hominis
1892 2399 1967 2422 etiam
1986 2397 2045 2422 sab-

1227 2431 1286 2461 bati,
1304 2431 1386 2456 Matth.
1405 2432 1450 2456 ΧΠ.
1489 2431 1594 2456 Caetera
1612 2432 1727 2462 requires
1746 2437 1760 2455 3
1779 2431 1895 2456 Luthero.
1931 2432 1959 2455 Et
1977 2430 2043 2455 infra

1227 2465 1257 2489 de
1286 2465 1401 2490 libertate
1421 2465 1562 2490 Christiana
1586 2466 1659 2490 latius
1685 2465 1806 2489 dicemus.
1853 2465 1915 2490 Nam
1941 2466 2042 2495 praeter

1226 2499 1344 2523 iustitiam
1370 2499 1473 2529 spiritus
1498 2500 1558 2523 nihil
1582 2499 1686 2529 requirit
1709 2498 1881 2528 evangelium.
1928 2498 2040 2522 Externis

1226 2532 1328 2562 spiritus
1346 2538 1391 2562 pro
1409 2538 1456 2557 suo
1475 2533 1577 2557 arbitrio
1596 2533 1678 2557 utitur.

2100 221 2140 250 44,

2128 648 2153 666 10

2125 956 2151 975 16

2107 2128 2126 2153 ll

2162 128 2223 160 128
