2358 2933
98 125 159 157 153

167 616 191 633 10

162 822 187 841 15

152 1033 182 1051 20

119 1326 160 1355 67,
181 1326 204 1350 b.

155 1747 181 1765 10

156 1998 182 2016 15

570 121 591 149 I.
622 117 723 151 LOCI
746 115 1019 148 THEOLOGICI:
1048 116 1086 146 B.

251 217 381 256 cipiunt,
401 215 476 244 dum
495 210 693 242 vocabulum
711 209 932 239 conscientiae
945 208 1066 238 descri-

251 260 338 289 bant.
383 256 469 290 Quid
489 255 573 284 enim
595 253 683 284 aliud
703 258 753 282 est
772 251 973 280 conscientia
992 260 1066 288 pec-

249 300 329 335 cati,
353 308 450 338 quam
470 296 553 336 legis
577 295 750 331 sententia,
786 293 818 322 in
834 292 934 322 corde
957 297 1066 321 osten-

249 342 330 372 dens
364 344 535 379 peccatum
569 343 725 367 nostrum.
752 336 795 371 95)
846 334 929 366 Nam
959 332 1064 374 quod¹

248 381 373 414 Paulus
407 382 450 411 ait
483 381 515 410 in
550 378 680 409 Coloss.
724 375 874 418 Epistola
906 376 951 413 12,
984 376 1032 405 14.
1043 379 1064 413 :J

248 425 442 464 χειρόγραφον
485 426 545 457 τοῖς
590 421 735 457 δόγμασιν
771 416 787 447 ὅ
831 420 863 454 ἢν
897 417 1066 447 ὑπεναντίον

248 466 326 504 ἡμῖν,
350 464 420 494 vult
439 463 671 493 conscientiam
691 459 953 500 Chirographum
977 469 1064 496 esse,

247 508 347 548 idque
369 507 402 536 in
435 505 592 540 decretis,
616 504 648 533 id
672 509 740 540 est,
764 503 851 542 quod
874 511 931 542 per
951 502 1064 532 decre-

247 556 290 587 ta,
315 559 374 589 per
396 547 503 588 legem
525 546 720 576 adversatur
743 545 866 574 nobis-a

302 607 413 637 Habes
436 604 520 646 legis
539 614 622 644 opus
641 612 728 639 esse,
741 601 975 632 revelationem
987 611 1063 641 pec-

247 650 328 686 cati,
356 658 456 688 porro
484 657 557 677 cum
587 650 757 686 peccatum
790 644 921 674 nomino
957 644 1063 673 onmia

245 700 367 731 genera
385 689 513 729 peccati
533 686 743 728 complector,
763 693 910 723 externa,
924 687 1062 722 interna,

244 732 453 774 hypocrisin,
476 729 753 766 incredulitatem,
780 738 923 759 amorem
946 728 1061 764 nostri,

245 779 464 813 contemptum
493 782 552 803 seu
579 772 794 812 ignorantiam
807 773 851 803 9⁶)
886 771 948 807 dei,
972 772 1061 811 ipsas

245 815 531 855 scilicetfradices
567 815 706 844 omnium
740 813 953 843 humanorum
984 823 1061 852 ope-

242 869 324 889 rum.
369 858 410 887 Et
432 858 465 887 in
487 855 700 886 iustificandis
725 856 855 895 quidem
878 855 1059 895 peccatori-

243 901 315 936 bus,
339 900 523 939 primum97)
546 897 611 927 hoc
634 907 717 937 opus
741 898 792 926 dei
818 903 885 934 est,
910 896 1060 927 revelare

241 947 411 983 peccatum
435 945 592 975 nostrum,
613 938 813 969 confundere
827 940 1059 969 conscientiam

242 990 401 1021 nostram,
424 980 633 1026 pavefacere,
668 987 802 1015 terrere,
831 982 974 1011 breviter
1004 981 1059 1011 da-

240 1032 408 1063 mnare,ut
420 1022 605 1064 exemplum
617 1023 737 1053 indicat
765 1023 957 1059 Hieremiae,
971 1023 1057 1062 quod

238 1068 337 1110 paulo
367 1073 443 1098 ante
473 1067 578 1097 citavi.
624 1064 665 1094 Et
695 1065 738 1094 ait
761 1063 884 1095 Paulus
915 1063 1002 1101 [Gal.
1026 1066 1057 1100 ⁶2,

240 1111 321 1148 19.]‚
354 1109 426 1150 Ego
449 1119 509 1149 per
531 1108 639 1149 legem
651 1105 716 1147 legi
735 1112 883 1137 mortuus
903 1116 985 1137 sum.
1017 1106 1058 1136 Et

237 1152 344 1184 David
372 1151 409 1181 11.
438 1151 521 1192 Reg.
553 1150 622 1180 XII.
653 1150 695 1187 [⁵2.
720 1149 808 1180 Sam.
840 1149 889 1189 19,
917 1149 980 1187 la]
1011 1149 1057 1179 in-

238 1195 426 1235 crepatione
466 1192 648 1234 prophetae
685 1191 843 1222 confusus
884 1190 1056 1228 exclamat,

237 1237 377 1268 Peccavi
411 1236 551 1266 domino.
607 1234 649 1265 Et
681 1234 733 1264 III.
768 1234 850 1275 Reg.
891 1233 978 1264 XXI.
1015 1234 1055 1271 [1.

236 1279 319 1320 Reg.
333 1279 450 1314 ·21‚‘27.
464 1281 485 1316 z]
510 1277 628 1308 Achab
654 1277 772 1317 dirupit
795 1282 922 1306 vestem
942 1282 1005 1306 etc.
1026 1282 1056 1306 et

239 1327 275 1352 ut
297 1322 341 1352 ait
364 1321 534 1361 scriptura
557 1318 735 1350 ambulavit
757 1319 901 1349 demisso
922 1320 968 1359 9ὃ)
1003 1328 1056 1348 03-

236 1365 313 1404 pite,
354 1368 387 1393 et
425 1364 458 1392 in
493 1362 640 1393 secundo
680 1363 943 1401 παραλειπομένων
984 1370 1056 1401 cap.

236 1404 383 1437 XXXIII.
419 1408 481 1443 [vs.
525 1404 590 1442 12]
625 1404 779 1434 scribitur
813 1403 854 1433 de
887 1403 1055 1440 Manasse,

237 1448 325 1490 quod
355 1448 397 1477 sit
427 1452 680 1487 coangustatus,
704 1446 860 1476 utendum
889 1451 941 1475 est
971 1446 1056 1476 enim

237 1491 420 1530 scripturae
439 1490 553 1520 verbo.
587 1488 630 1519 Et
652 1489 684 1518 in
707 1488 854 1518 secundo
879 1487 985 1528 capite
1008 1487 1055 1518 hi-

239 1533 382 1567 stoiriae
408 1530 622 1572 Apostolicae
646 1531 735 1569 [Act.
759 1531 791 1568 ⁶2,
815 1530 900 1568 37.],
924 1530 975 1560 his
999 1540 1055 1561 au-

238 1575 313 1606 ditis
346 1575 531 1614 compuncti
561 1579 636 1603 sunt
666 1573 776 1603 corde.
821 1572 882 1602 Hic
912 1572 991 1603 satis
1015 1573 1057 1603 sit

238 1617 404 1648 monuisse
428 1616 492 1645 hoc
515 1624 598 1655 opus
622 1614 706 1655 legis
730 1615 853 1644 initium
878 1624 953 1645 esse
976 1625 1055 1655 poe-

237 1659 409 1695 nitentiae,
440 1667 504 1698 quo
535 1657 667 1696 spiritus
692 1657 744 1686 dei
766 1662 893 1687 terrere
916 1666 955 1687 ac
980 1667 1056 1687 eon—

237 1700 375 1732 fundere
408 1700 627 1729 conscientias
661 1697 757 1728 solet.
824 1698 908 1728 Nam
940 1704 1057 1729 natura

235 1753 295 1784 per
317 1752 394 1772 sese
416 1741 543 1782 peccati
566 1739 755 1770 foeditatem
773 1750 838 1770 non
858 1740 985 1780 potest!
1002 1751 1055 1771 co-

239 1794 413 1827 gnoscere,
446 1788 568 1814 tantum
603 1783 697 1813 abest
730 1788 764 1812 ut
799 1783 910 1812 odisse
938 1784 1054 1823 possit.

239 1825 397 1858 Animalis
428 1827 512 1856 enim
539 1824 638 1855 homo
668 1834 733 1854 non
769 1825 867 1855 sentit
901 1835 941 1855 ea
974 1836 1057 1866 quae

238 1874 314 1900 sunt
350 1869 411 1898 dei.
441 1873 473 1898 et
501 1867 543 1897 ad
566 1866 660 1897 Rom.
688 1866 773 1896 VIII.
804 1869 866 1904 [vs.
895 1866 939 1905 5.]
971 1867 1056 1898 Caro

238 1910 382 1942 adfectat
404 1920 443 1940 ea
463 1920 547 1950 quae
571 1910 679 1939 carnis
698 1915 784 1939 sunt.
818 1909 907 1939 Haec
927 1910 1058 1950 (101100-

238 1954 392 1984 nitentiae
414 1953 504 1982 initio
528 1957 669 1982 tractant
691 1951 860 1991 sophistae
885 1952 917 1981 in
941 1957 1057 1992 quarto

237 1995 487 2031 sententiarum,
515 2004 576 2024 nos
607 1993 659 2023 1110
688 1992 777 2023 velut
806 1994 838 2023 in
862 1994 964 2024 νος11Ι
981 1993 1057 2024 111110

239 2038 342 2068 nostri
367 2037 486 2077 operis.
515 2036 599 2066 Nam
621 2036 884 2066 iustificationem
906 2035 1058 2074 hominis,

239 2080 389 2120 adeoque
412 2089 525 2109 verum
547 2079 744 2118 baptismum
766 2079 956 2118 auspicatur
974 2088 1058 2108 mor-

240 2120 384 2158 tificatio,
407 2121 574 2157 iudicium,
599 2119 764 2157 confusio,
788 2130 872 2161 quae
895 2120 929 2150 fit
952 2131 971 2151 a
994 2121 1059 2162 spi-

242 2164 304 2194 ritu
334 2164 385 2193 dei
415 2173 474 2203 per
501 2160 620 2203 legem.
664 2162 707 2193 Et
736 2163 820 2193 sicut
843 2162 919 2193 hinc
941 2173 1059 2204 nempe

89 2315 134 2342 95)
156 2316 190 2373 ὲῐὲ
207 2320 287 2378 1111310.
306 2315 378 2340 Editt.
399 2316 422 2339 ⁴2.
443 2315 465 2338 7.
487 2317 512 2338 et
530 2315 557 2339 ln
575 2314 700 2339 Genesin:
721 2315 783 2344 Quid
803 2316 965 2340 conscientia.
987 2316 1058 2345 (om.

90 2400 136 2430 96)
161 2399 338 2429 ignorantiam]
357 2399 400 2423 Ed.
421 2399 444 2423 7.
463 2401 489 2422 et
506 2399 533 2423 In
552 2398 676 2423 Genesin:
695 2399 888 2429 ignorationem.

91 2450 137 2478 97)
161 2449 188 2473 111
212 2455 291 2479 marg.
316 2450 390 2474 Editt.
414 2450 437 2474 2.
465 2450 487 2474 7.
513 2451 539 2474 et
561 2449 588 2473 ln
608 2449 732 2473 Genesin:
758 2449 907 2479 Principium
925 2450 1059 2479 poeniten-

158 2483 217 2507 tiae.

92 2532 138 2561 98)
162 2532 285 2563 demisso]
304 2534 340 2558 sic
358 2533 399 2558 Ed.
421 2535 442 2558 7.
464 2535 489 2558 et
506 2534 533 2558 In
552 2534 675 2560 Genesin:
694 2533 766 2558 Editt.
788 2534 808 2557 1.
829 2534 852 2558 2.
873 2533 986 2559 dimisso.

1112 114 1250 146 PRIMA
1272 114 1426 145 EORUM
1449 114 1603 145 AETAS.

1110 217 1128 237 a
1152 208 1275 247 peccati
1301 208 1485 248 cognitione
1511 208 1575 237 vita
1594 206 1734 237 Christia
1754 217 1795 237 na
1817 209 1923 248 auspi-

1110 251 1214 280 canda
1238 255 1298 285 est,
1323 250 1365 280 ita
1391 260 1409 279 a
1433 249 1516 290 legis
1539 248 1648 279 officio
1672 248 1857 280 Christiana
1869 251 1924 280 do-

1110 293 1211 322 ctrina
1236 292 1436 332 auspicanda
1459 298 1519 322 est.

1151 350 1225 380 Non
1249 356 1299 380 est
1322 360 1442 390 operae
1465 351 1601 391 pretium
1622 351 1799 391 disputare,
1823 351 1864 380 sit
1883 360 1925 380 ne

1109 391 1161 421 1110
1195 393 1290 422 1111101
1323 392 1464 429 servilis,
1498 403 1554 429 an,
1589 399 1622 423 ut
1646 398 1781 430 vocant,
1805 391 1923 422 filialis.

1108 433 1336 464 Permittamus
1359 434 1422 464 hoc
1446 445 1551 475 genus
1571 436 1825 474 disceptationes
1845 435 1926 464 otio—

1107 476 1153 504 sis
1175 477 1251 515 inge
1277 477 1348 506 niis.
1395 477 1588 516 Quanquam
1617 477 1680 506 hac
1707 478 1747 506 de
1770 487 1806 507 re
1830 476 1926 516 pleri-

1107 527 1170 557 que
1189 518 1237 547 sic
1260 518 1425 557 disputant
1449 524 1482 548 ut
1506 519 1584 548 satis
1608 519 1764 557 adpareat
1789 528 1847 548 eos
1870 528 1925 548 110-

1106 569 1170 599 que
1193 560 1269 599 quid
1292 558 1441 596 servilis,
1468 570 1575 599 neque
1599 560 1674 600 quid
1698 559 1838 590 filiorum
1860 570 1925 591 me-

1105 607 1158 630 tus
1182 602 1222 631 sit
1245 600 1486 641 intelligere-⁹⁹)
1511 601 1642 632 Certum
1667 608 1727 639 est,
1751 603 1826 632 odio
1849 613 1924 642 pec·

1106 644 1169 672 cati
1204 643 1291 683 tangi
1321 644 1483 673 nem'nem
1506 653 1622 684 posse,
1646 645 1707 673 nisi
1731 650 1806 684 per*
1832 646 1925 684 spiri-

1106 690 1172 714 tum
1196 691 1356 722 sanctum,
1381 691 1503 715 certum
1528 687 1604 716 item
1628 692 1677 715 est
1697 686 1744 715 sic
1768 687 1925 716 conterri-

1105 733 1158 757 tos
1180 725 1296 768 fugere
1319 726 1444 757 vultum
1468 728 1531 765 dei,
1555 733 1586 758 et
1610 734 1834 767 conspectum,
1863 729 1923 758 nisi

1105 770 1220 810 spiritu
1244 770 1295 799 dei
1320 769 1536 807 retrahantur,
1560 776 1759 800 revocentur
1782 780 1821 800 ac
1845 781 1921 800 con-

1104 813 1284 849 firmentur,
1306 818 1341 842 ut
1372 811 1511 844 clament
1535 823 1607 843 011111
1632 811 1735 843 Paulo
1760 813 1848 851 [Act.
1875 812 1924 850 16,

1104 854 1183 892 30.]‚
1207 853 1348 884 Domine
1379 855 1455 894 quid
1479 865 1531 885 1110
1555 856 1605 885 vis
1625 853 1747 885 facere.
1793 855 1922 896 Fugere

1104 903 1316 935 conspectum
1340 897 1391 926 dei
1415 898 1610 927 conterritos
1630 896 1716 937 lege,
1736 901 1739 919 ¹
1761 897 1857 927 docet
1876 896 1922 927 hi-

1101 939 1203 968 storia
1232 939 1264 969 in
1293 938 1421 976 Exodo,
1455 949 1527 969 cum
1557 938 1701 979 appellat
1724 939 1841 970 Mosen
1865 949 1922 979 po-

1102 980 1199 1020 pulus
1224 981 1342 1018 [Exod.
1367 980 1419 1017 ΞΟ,
1445 981 1494 1011 19.
1504 983 1526 1018 z]
1551 981 1624 1011 Non
1647 980 1800 1021 loquatur
1823 982 1922 1011 domi-

1101 1032 1163 1053 nus
1192 1023 1288 1052 nobis
1318 1033 1360 1052 ne
1388 1022 1473 1053 sorte
1501 1024 1686 1053 moriamur.
1741 1023 1781 1053 Et
1804 1023 1921 1054 David.

1101 1063 1185 1105 psal.
1212 1063 1419 1094 CXXXVIII.
1445 1068 1508 1103 [VS.
1534 1066 1595 1103 7..-]
1643 1065 1716 1100 Quo
1740 1067 1793 1096 ibo
1816 1076 1834 1095 a
1857 1066 1922 1106 spi-

1100 1107 1162 1137 ritu
1186 1112 1253 1144 tuo,
1277 1113 1307 1136 et
1331 1117 1396 1147 quo
1420 1117 1440 1137 a
1462 1106 1545 1137 facie
1564 1113 1619 1138 tua
1636 1106 1780 1148 fugiam?
1802 1107 1922 1138 Extant

1100 1150 1285 1179 testimonia
1308 1150 1437 1180 abunde
1459 1149 1560 1181 multa
1578 1149 1674 1180 liuius
1708 1149 1773 1180 loci
1791 1151 1823 1180 in
1842 1151 1921 1180 scri-

1100 1192 1215 1231 pturis,
1238 1191 1313 1221 mihi
1338 1192 1418 1222 satis
1442 1192 1547 1222 visum
1571 1198 1622 1222 est
1641 1192 1724 1222 haec
1743 1193 1921 1230 monuisse,

1101 1244 1166 1274 quo
1202 1234 1375 1264 discrimen
1409 1233 1493 1274 legis
1528 1241 1560 1265 et
1594 1234 1766 1275 Evangelii
1800 1235 1920 1265 certius

1101 1281 1277 1306 teneretm·.
1333 1276 1437 1306 Vides
1461 1282 1569 1306 autem
1593 1283 1748 1317 quantum
1772 1278 1855 1307 inter
1878 1277 1919 1306 si-

1100 1317 1256 1349 mulatam
1279 1319 1512 1359 poenitentiam
1535 1324 1566 1349 et
1589 1329 1701 1349 veram
1724 1320 1860 1349 intersit.

1304 1402 1364 1433 DE
1388 1403 1433 1432 VI
1456 1402 1707 1433 EVANGELH.

1145 1482 1148 1502 1
1174 1462 1266 1497 Quos
1297 1462 1339 1492 ad
1363 1472 1435 1492 eum
1458 1463 1589 1492 modum
1613 1462 1727 1492 terruit
1752 1462 1920 1492 conscien-

1100 1505 1154 1541 tia,
1185 1504 1205 1535 ii
1228 1503 1314 1535 haud
1339 1505 1436 1535 dubie
1459 1505 1500 1535 ad
1525 1505 1787 1545 desperationem
1810 1504 1920 1544 adige-

1099 1552 1212 1577 rentur
1233 1547 1277 1585 id,
1305 1547 1392 1587 quod
1414 1547 1446 1577 in
1471 1547 1629 1577 damnatis
1652 1557 1715 1577 usu
1737 1547 1837 1584 venit,
1860 1546 1922 1577 nisi

1099 1589 1317 1629 promissione
1359 1590 1483 1629 gratiae
1518 1599 1558 1619 ac
1591 1589 1835 1619 misericordiae
1869 1588 1921 1618 dei

1101 1638 1189 1665 (nam
1212 1630 1429 1672 Evangeliuin
1453 1632 1515 1662 dici
1541 1635 1684 1665 constat)
1708 1630 1921 1661 sublevaren-

1101 1679 1152 1704 tur
1175 1679 1206 1703 et
1235 1674 1448 1714 erigerentur.
1507 1673 1568 1704 Hic
1597 1674 1625 1703 si
1649 1674 1761 1704 credat
1793 1672 1924 1703 adflicta

1101 1716 1303 1746 conscientia
1331 1716 1539 1755 promissioni
1568 1716 1692 1757 gratiae
1721 1716 1753 1745 in
1777 1714 1920 1751 Christo,

1100 1757 1164 1788 fide
1188 1758 1467 1794 resuscitaturffl)
1493 1764 1523 1788 et
1537 1757 1730 1794 vivificatur,
1753 1758 1816 1791 id¹)
1834 1757 1922 1797 quod

1099 1799 1234 1830 mirifice
1259 1798 1475 1830 declarabunt
1500 1799 1660 1840 exempla.

1145 1858 1179 1888 In
1193 1858 1315 1889 Genesi
1341 1868 1411 1898 cap.
1437 1858 1486 1889 III.
1501 1857 1687 1893 Peccatum,
1710 1858 1915 1898 poenitentia·

1102 1906 1134 1931 et
1172 1901 1357 1931 iustificatio
1397 1901 1491 1931 Adae
1525 1901 1730 1931 describitur.
1787 1899 1921 1930 Postea-

1102 1953 1198 1983 quam
1228 1942 1443 1984 deliquissent
1466 1943 1572 1973 Adam
1600 1948 1631 1972 et
1654 1942 1766 1979 Heva,
1800 1948 1831 1972 et
1859 1942 1922 1972 iam

1101 1986 1237 2016 nuditati
1261 1995 1341 2016 suae
1365 1991 1496 2026 tegmen
1515 1995 1554 2015 30
1573 1985 1765 2025 περιζώματα
1784 1993 1920 2025 quaere-

1102 2034 1185 2064 rent,
1220 2027 1276 2058 Sic
1310 2028 1393 2057 enim
1428 2026 1572 2057 solemus
1606 2026 1808 2068 hypocritae,
1843 2036 1922 2056 con-

1103 2070 1249 2100 scientiis
1278 2070 1400 2100 mederi
1430 2080 1489 2109 per
1512 2068 1754 2100 satisfactiones
1778 2074 1921 2105 nostraS,

1104 2111 1385 2152 compellabantur
1413 2122 1432 2142 a
1460 2112 1641 2147 (1011111110,
1668 2111 1717 2141 Ea
1745 2120 1826 2141 vero
1856 2120 1922 2140 vox

1103 2153 1319 2185 intolerabilis
1354 2160 1434 2184 erat.
1500 2153 1561 2184 Hic
1599 2153 1678 2184 1111111
1712 2154 1921 2193 perizomata,

1103 2196 1214 2227 nullus
1237 2202 1428 2237 praetextus
1452 2197 1631 2227 excusabat
1655 2200 1838 2235 peccatum.
1873 2194 1921 2224 Ia-

1104 2245 1155 2270 cet
1178 2240 1339 2274 convicta,
1361 2239 1445 2269 iacet
1469 2249 1525 2269 rea
1548 2238 1759 2274 conscientia,
1782 2242 1921 2277 peccato

1120 2401 1166 2429 99)
1191 2400 1216 2423 In
1236 2405 1315 2428 marg.
1337 2400 1408 2424 Editt.
1429 2401 1451 2424 2.
1472 2401 1495 2423 7.
1517 2402 1540 2423 et
1554 2400 1580 2423 ln
1600 2399 1721 2423 Genesin:
1739 2399 1821 2423 Timor
1839 2397 1946 2423 servilis.

1188 2434 1271 2457 Timor
1288 2432 1379 2458 filialis.
1400 2435 1469 2462 (om.
1489 2434 1531 2458 Ed.
1552 2433 1597 2463 1.).

1106 2484 1167 2512 100)
1185 2483 1363 2513 resuscitatur]
1382 2484 1424 2508 Ed.
1445 2485 1468 2508 2.
1489 2484 1582 2514 typoth.
1603 2489 1702 2507 errore:
1722 2482 1880 2507 resucitatur.

1141 2534 1168 2564 1)
1187 2534 1224 2564 id]
1243 2534 1285 2559 Ed.
1304 2536 1326 2559 2.
1348 2534 1427 2558 11131οτ
1445 2534 1470 2558 id
1490 2534 1512 2558 id

2014 114 2077 145 154

1987 210 2016 227 ’ΣΟ

1962 478 2035 501 683

1946 496 2004 540 (35⁴.
2024 496 2060 537 ti.)

1995 908 2019 924 10

1994 1160 2018 1178 15

1986 1470 2015 1488 20

1958 1681 1998 1707 68,
2018 1681 2038 1704 b.

1993 2121 2018 2137 10
