2358 2933
117 94 181 127 833

117 196 183 218 non
205 191 283 216 sunt
305 185 451 216 membra
462 182 636 215 Ecclesiae
654 183 830 219 Aristides,
854 181 973 213 Cicero
997 189 1030 213 et
1052 184 1094 214 si—

116 227 224 265 miles,
244 227 371 258 etiamsi
394 226 518 257 habent
540 224 742 257 excellentes
767 223 920 265 politicas
943 225 1094 263 virtutes,

116 281 200 311 quas
222 269 316 300 Deus
339 270 394 299 dat
417 274 551 309 propter
574 268 720 308 imperia,
742 267 901 307 tantisper
924 267 1001 298 dum
1024 267 1094 298 vult

116 322 221 355 genus
239 311 417 342 humanum
438 311 472 341 in
490 309 554 341 hac
576 311 644 341 vita
659 319 801 340 manere.

202 353 299 388 Quod
329 359 436 383 autem
466 362 607 383 necesse
630 353 672 382 sit
702 352 848 381 notitiam
871 360 946 381 esse
970 350 1093 382 Christi

114 398 146 427 in
176 394 328 426 Ecclesia
361 395 443 432 Dei,
481 394 564 425 haec
599 394 686 424 dicta
722 398 897 424 testantur.
943 392 1032 424 loan.
1063 394 1093 424 3.

116 441 180 476 [vs.
210 437 274 475 184
311 436 375 472 Qui
405 446 471 468 non
501 437 615 473 credit,
645 437 710 466 iam
738 435 900 466 iudicatus
930 441 997 471 est3
1032 435 1093 471 Qui

115 490 181 511 non
200 480 304 511 credit
325 478 405 516 filio,
423 489 490 510 non
509 479 632 509 videbit
656 478 766 514 vitam,
791 482 823 507 et
845 478 893 507 ira
911 476 974 508 Dei
986 485 1093 509 manet

116 532 216 562 super
244 532 328 552 eum.
374 521 460 552 loant
491 521 540 551 17.
573 524 635 557 [vs.
665 520 729 558 17.]
769 518 950 550 Sanctifica
973 530 1031 550 eos
1061 521 1093 551 in

114 573 268 595 sermone
298 570 372 601 tuo,
402 573 512 594 sermo
541 568 616 593 tuus
645 567 697 592 est
729 562 860 592 veritas.
909 562 934 592 l.
960 561 1038 593 Cor.
1064 563 1092 593 l.

115 610 178 645 [vs.
199 606 267 644 21]
304 605 386 636 Cum
409 605 550 636 mundus
578 614 638 644 per
661 605 856 643 sapientiam
877 614 943 634 non
970 615 1093 645 cogno-

114 649 218 679 visset
240 648 348 678 Deum
370 648 402 677 in
426 647 604 686 sapientia,
627 645 750 686 placuit
774 646 847 676 Deo
870 656 930 686 per
959 647 1092 678 stultam

113 691 390 732 praedicationem
413 689 529 720 salvos
555 687 666 719 facere
692 689 876 719 credentes.
922 688 1015 719 Rom.
1042 690 1091 720 10.

115 736 191 771 [vs..
212 732 276 769 14]
318 731 492 767 Quomodo
526 732 739 768 invocabunt,
773 732 801 760 si
835 741 902 761 non
935 732 1093 762 credent?

114 774 287 809 Quomodo
303 774 449 811 credent,
473 775 501 804 si
514 784 579 804 non
592 774 773 804 audierint?
808 772 892 814 Eph.
905 774 936 804 4.
950 776 1010 811 [vs.
1028 775 1091 813 11.]

114 816 269 848 Christus
288 818 409 848 sedens
433 816 475 847 ad
499 817 647 846 dextram
670 815 732 846 Dei
762 816 816 846 dat
846 815 930 847 alios
960 817 1091 857 quidem

112 858 317 899 Prophetas,
347 857 432 890 alios
456 857 659 898 Apostolos,
691 857 774 889 alios
798 857 976 896 Pastores,
1005 859 1091 889 alios

112 901 298 938 Doctores,
333 908 363 931 et
399 902 520 931 diserte
561 901 676 942 inquit:
713 901 839 931 senari
877 902 1090 932 ministerium

112 942 295 984 Evangelii,
314 948 349 974 ut
372 954 439 974 non
462 944 624 984 agitemur
646 944 746 975 variis
765 944 990 975 doctrinarum
1013 954 1090 974 ven-

112 986 164 1015 tis.
210 985 493 1020 Quemadmodum
516 985 658 1024 Ethnici,
678 998 751 1017 cum
770 988 907 1017 verbum
930 985 993 1017 Dei
1023 997 1089 1017 non

112 1028 272 1064 audirent,
290 1028 473 1059 inciderunt
496 1029 528 1058 in
546 1027 730 1059 horrendos
749 1028 898 1066 furores,
929 1035 958 1059 et
989 1028 1091 1059 finxe-

110 1075 186 1100 runt
207 1070 348 1101 subinde
365 1069 449 1101 alios
464 1070 556 1101 Deos
576 1076 607 1101 et
626 1071 726 1102 multa
748 1078 901 1112 portenta
919 1077 951 1101 et
969 1070 1091 1101 multos

110 1112 322 1154 prodigiosos
348 1111 466 1144 cultus.
511 1112 601 1143 Idem
623 1114 744 1145 accidit
762 1114 952 1150 haereticis,
986 1113 1091 1144 Mani-

111 1154 241 1194 chaeis,
275 1156 502 1197 Anabaptistis
533 1164 596 1187 etc.
632 1157 708 1197 quia
742 1154 927 1196 relinquunt
954 1156 1091 1186 verbum

112 1197 184 1229 Det.

196 1241 347 1273 Sciamus
366 1243 463 1282 igitur
485 1240 672 1271 Ecclesiam
685 1239 747 1270 Dei
768 1246 898 1271 coetum
921 1249 996 1270 esse
1020 1238 1091 1270 alli-

110 1291 220 1325 gatum
244 1285 286 1314 ad
320 1293 436 1314 vocem
465 1293 525 1313 seu
553 1283 768 1313 ministerium
797 1281 986 1323 Evangelii3
1020 1282 1091 1312 Nec

109 1333 204 1357 extra
229 1326 318 1357 hunc
347 1332 495 1362 coetum,
528 1325 584 1356 ubi
615 1324 705 1355 nulla
735 1331 785 1355 est
815 1335 881 1355 vox
902 1323 1088 1364 Evangelii,

108 1368 198 1400 nulla
222 1370 390 1401 invocatio
420 1367 560 1406 Christi,
589 1377 665 1398 esse
693 1366 781 1397 ullos
811 1367 974 1398 haeredes
1004 1368 1090 1398 vitae

108 1416 274 1447 aeternae,
299 1412 384 1441 sicut
402 1411 561 1450 scriptum
585 1416 635 1441 est
661 1410 750 1448 [Act.
774 1410 805 1447 4,
826 1410 908 1447 124:
939 1410 1016 1440 Non
1039 1416 1090 1440 est

108 1453 198 1484 aliud
215 1463 348 1490 nomen,
366 1454 398 1483 in
418 1463 483 1493 quo
507 1459 659 1493 oporteat
682 1451 794 1483 saivos
814 1452 882 1483 fieri
902 1459 965 1483 etc.
1011 1452 1087 1483 Ideo

109 1503 142 1526 et
163 1496 287 1526 Iesaias
310 1496 387 1526 dicit
406 1505 468 1535 cap
497 1494 528 1525 8.
549 1498 614 1534 [vs.
641 1495 702 1532 164
746 1494 897 1536 Obsigna
908 1495 1035 1536 Legem
1056 1496 1089 1525 in

1025 1615 1037 1623 a

543 1639 726 1664 Undecima-

247 1701 351 1730 Propter
370 1700 514 1728 exemplum
543 1699 681 1729 puniuntur
699 1699 846 1728 singulares
872 1699 960 1728 lapsus
987 1702 1087 1723 sancto·
1106 1694 1110 1745 1

177 1740 241 1761 rum,
261 1737 287 1759 ut
305 1734 407 1759 navidis
426 1733 579 1758 adulterium
600 1733 702 1763 punitur
721 1733 806 1757 multis
826 1733 971 1762 ingentibus
991 1733 1087 1763 poenis,

177 1768 326 1798 parricidiis,
345 1767 478 1793 seditione.
498 1767 576 1791 caede
597 1768 695 1793 civium.
720 1767 814 1796 stupris
834 1767 978 1796 coniugum,
1016 1767 1087 1791 Salo-

177 1803 259 1827 monis
279 1803 366 1832 lapsus
386 1803 489 1831 punitur
507 1802 670 1826 distractione
689 1802 777 1830 regni,
797 1807 862 1831 quae
882 1803 971 1831 postea
989 1802 1086 1831 peperit

176 1836 272 1861 infinita
299 1837 374 1861 mala.
412 1836 513 1860 Psalmo
532 1837 572 1860 δὴ
605 1836 716 1860 Visitabo
741 1836 765 1859 in
784 1836 854 1864 virga
881 1835 1025 1865 iniquitates
1044 1842 1087 1860 eo-

176 1876 242 1900 rum,
260 1874 285 1895 et
304 1871 328 1895 in
347 1871 385 1894 his
404 1871 493 1899 poenis
514 1871 594 1894 sciant
618 1870 711 1899 singuli
730 1876 758 1894 se
783 1869 877 1893 debere
897 1871 947 1894 Deo
966 1869 1086 1894 obedien-

177 1905 246 1933 tiam,
266 1905 334 1929 iuxta
353 1904 414 1928 illud
435 1905 517 1928 Pauli:
543 1905 569 1928 ln
589 1904 751 1928 tribulatione
772 1904 906 1933 patientes.
943 1904 1019 1928 ltem:
1039 1905 1086 1929 No-

177 1939 218 1963 lite
239 1944 398 1963 murmurare
419 1941 466 1962 ete.

524 2006 736 2031 Duodeciina.

246 2066 275 2089 [lt
303 2067 393 2090 fiamus
420 2066 517 2090 similes
543 2065 660 2090 imaeinis
679 2066 722 2090 tilii
742 2065 805 2090 Dei.
834 2066 875 2095 qui
901 2071 957 2089 cum
983 2071 1042 2090 sese
1060 2066 1086 2089 in

177 2102 258 2123 morte
289 2100 408 2124 obtulerit
434 2100 515 2125 Patri.
543 2105 590 2124 nos
617 2105 716 2130 quoque
743 2100 840 2124 similes
866 2100 963 2124 hostias
991 2099 1085 2124 afferre

176 2134 303 2163 oportebit
321 2137 345 2157 et
365 2134 521 2163 intelligere,
550 2140 594 2158 rur
618 2134 658 2158 hie
677 2135 759 2159 cultus
779 2134 932 2164 requiratur.
971 2134 1086 2159 Christus

176 2168 264 2192 obtulit
285 2174 357 2192 suam
379 2170 486 2192 mortem
507 2171 609 2197 propter
627 2168 713 2193 aliena
732 2171 848 2197 peccata:
873 2174 919 2192 nos
944 2168 1085 2196 offerimus,

177 2204 202 2225 ut
221 2202 296 2225 simili
315 2202 382 2226 cultu
402 2201 573 2226 obedientiam
594 2202 763 2229 declaremus.
782 2203 881 2227 etiamsi
893 2205 979 2226 nostra
991 2203 1085 2227 oblatio

175 2241 225 2260 non
252 2238 289 2260 est
310 2236 417 2265 pretium
443 2242 488 2266 pro
512 2239 630 2265 peccato.
660 2237 706 2261 setl
732 2243 814 2267 poena
837 2242 881 2261 sen
910 2236 1023 2260 debitum
1048 2236 1085 2261 of-

177 2270 268 2294 ficium.

260 2321 313 2345 llae
333 2320 464 2345 duodecim
493 2327 600 2345 caussae
619 2322 713 2350 passim
739 2321 763 2345 in
782 2321 912 2351 Prophetis
938 2323 963 2346 et
982 2323 1085 2351 Aposto-

175 2355 206 2379 lis
224 2355 368 2381 traduntur.
387 2361 450 2385 quas
470 2355 526 2379 ideo
546 2355 569 2379 in
589 2355 680 2379 breves
698 2358 773 2380 notas
793 2357 920 2382 contraxi,
947 2358 972 2380 nt
992 2356 1040 2380 sint
1060 2357 1084 2380 in
1104 2358 1107 2379 t

175 2394 319 2419 conspectu.
357 2390 417 2413 Hinc
440 2390 506 2413 enini
534 2395 670 2413 sumuntur
695 2395 770 2413 xerae
796 2396 903 2414 caussae
924 2391 1084 2415 tolerantiae.

175 2425 200 2448 et
218 2423 400 2447 confirmantur
424 2423 567 2447 obedientia
597 2429 621 2446 et
646 2423 782 2447 invocatio.
811 2428 834 2447 et
866 2428 1002 2448 sumuntur
1028 2425 1085 2449 lunt·

175 2457 271 2482 multae
290 2458 478 2482 consolationes
498 2458 521 2481 in
542 2457 738 2482 calamitatibus,
757 2464 813 2482 cum
832 2458 1008 2488 intelligimus.
1028 2464 1084 2487 pro-

174 2493 231 2520 pter
257 2497 320 2521 quas
340 2497 446 2516 caussas
465 2495 489 2516 et
509 2494 613 2521 propter
630 2497 693 2519 onos
712 2491 775 2515 fines
795 2494 873 2516 totoni
893 2498 975 2521 genos
995 2493 1084 2517 liuma-

174 2530 244 2553 num,
263 2527 289 2550 et
307 2526 442 2555 praecipue
461 2526 570 2550 ecclesia
588 2526 736 2550 subiici-atur
753 2526 898 2554 ingentibus
916 2527 1055 2552 aerumnis.

259 2582 378 2602 fflss‘i'll.
394 2582 460 2602 OPER.
477 2583 526 2602 Vlll.
541 2583 588 2602 xxi.

598 91 620 123 1.
644 90 744 122 LOCI
765 89 1042 122 THEOLOGICI:
1064 91 1108 122 D.
1131 89 1291 122 TERTIA
1313 89 1469 121 EORUM
1492 89 1649 122 AETAS.

2057 92 2121 124 834

1139 181 1308 223 discipulis
1332 183 1425 220 meis,
1448 183 1479 213 id
1503 189 1565 220 est,
1590 183 1685 214 video
1712 183 1844 224 quidem
1867 194 2006 226 magnas
2030 192 2119 217 tene-

1140 226 1217 256 bras
1242 230 1439 266 sequuturas
1464 235 1552 263 esse,
1575 226 1636 256 sed
1655 232 1698 262 te,
1728 225 1834 263 Deus,
1865 237 1937 264 0r0,
1969 233 2002 258 ut
2029 229 2119 258 audi-

1138 273 1229 297 tores
1240 266 1481 307 Prophetarum
1504 278 1619 298 serves
1638 274 1671 298 et
1693 269 1726 298 in
1749 269 1796 299 eis
1816 269 1975 310 obsignes
1999 271 2119 300 doctri·

1139 320 1214 339 nam
1237 315 1325 340 tuam
1340 309 1516 349 Prophetis
1540 311 1703 348 traditam,
1722 321 1764 341 ne
1786 312 1925 342 verbum
1947 318 2003 343 aut
2025 311 2118 342 intel-

1138 349 1247 382 lectus
1282 361 1381 382 verus
1418 353 1509 382 verbi
1544 353 1763 393 extinguatur.
1819 354 1955 384 Manent
1988 353 2117 395 aliquae

1138 392 1310 424 Ecclesiae
1329 393 1503 434 reliquiae,
1531 402 1562 425 et
1587 394 1649 425 hae
1668 401 1744 426 sunt
1764 394 1817 426 hic
1837 403 1953 426 coetus
1973 398 2116 427 retinens

1138 436 1276 467 verbum
1300 442 1390 467 tuum
1407 437 1643 476 incorruptum,
1669 437 1757 477 quod
1782 448 1801 468 a
1823 438 1999 479 Prophetis
2022 449 2118 470 acce-

1138 483 1265 518 perunt.
1311 478 1388 508 ldeo
1411 479 1501 509 addit
1526 480 1589 516 [vs.
1601 479 1684 518 20.]:
1708 479 1762 509 Ad
1785 478 1891 521 legem
1915 487 1947 511 et
1965 482 2007 512 ad
2026 482 2118 512 testi·

1138 521 1292 557 monium,
1333 520 1397 555 Qut
1429 531 1496 551 non
1525 521 1640 551 dixerit
1665 522 1753 552 iuxta
1777 524 1914 553 verbum
1937 523 2018 560 hoc,
2052 534 2117 554 non

1137 563 1197 592 erit
1232 563 1261 592 ei
1284 563 1441 593 matutina
1462 561 1529 593 lux.
1574 563 1649 593 Non
1673 565 1758 594 enim
1781 564 2038 605 apprehenditur
2062 577 2117 596 vo-

1136 603 1246 634 luntas
1260 603 1333 641 Dei,
1356 606 1419 635 nisi
1442 615 1501 645 per
1523 606 1672 643 verbum,
1695 608 1784 646 quod
1806 608 1950 645 tradidit,
1974 614 2005 638 et
2023 608 2116 638 Deus

1136 647 1181 677 ita
1203 645 1273 677 vult
1294 648 1435 687 agnosci
1458 653 1490 677 et
1505 648 1664 685 invocari,
1683 655 1715 678 ut
1728 649 1798 689 ipse
1811 659 1848 679 se
1861 649 2026 690 patefecit.
2050 650 2117 681 De-

1136 689 1212 719 inde
1235 694 1267 719 et
1289 688 1354 719 hoc
1376 689 1521 720 additum
1549 696 1617 727 est,
1645 692 1733 731 quod
1757 691 1850 722 Deus
1874 703 1952 722 vere
1972 703 2030 733 per
2053 692 2117 723 hoc

1135 731 1362 769 ministerium,
1396 732 1427 762 id
1461 738 1524 770 est,
1548 743 1606 773 per
1630 743 1745 764 vocem
1768 733 1941 775 Evangelii
1964 736 2116 772 auditam,

1135 772 1266 810 lectam,
1289 774 1468 815 cogitatam
1492 776 1533 805 sit
1558 774 1689 812 efficax,
1713 783 1841 807 moveat
1865 783 1993 808 mentes
2017 777 2116 818 Spiri-

1135 823 1168 846 tu
1194 822 1323 853 sancto,
1359 815 1436 846 velit
1462 827 1523 847 nos
1546 819 1712 856 assentiri,
1736 819 1868 850 adiuvet
1892 820 2115 851 assentientes

1135 866 1166 889 et
1188 858 1319 889 inchoet
1345 859 1375 889 in
1399 859 1447 889 eis
1470 860 1569 890 vitam
1592 867 1771 892 aeternam.
1808 862 1864 892 Sic
1884 863 2042 902 scriptum
2065 870 2114 893 est

1134 901 1228 932 Rom.
1267 902 1294 931 1.
1319 904 1382 938 [vs.
1408 902 1470 939 16.Ι
1501 901 1717 944 Evangelium
1749 910 1799 934 est
1821 906 1964 944 potentia
1989 904 2051 935 Dei
2075 906 2115 935 ad

1134 942 1275 974 salutem
1297 944 1382 973 omni
1408 945 1563 975 credenti.
1610 945 1649 975 Et
1675 945 1704 975 ⁶2.
1730 945 1805 976 Cor.
1829 946 1859 977 3.
1886 951 1946 984 [vs.
1970 947 2013 985 6.]
2050 948 2116 978 No-

1134 997 1209 1017 vum
1233 986 1481 1016 Testamentum
1515 993 1563 1017 est
1599 988 1812 1019 ministerium
1837 991 1981 1029 spiritns.
2025 990 2115 1021 Haec

1135 1029 1303 1059 continent
1343 1027 1520 1059 salutarem
1560 1030 1742 1061 doctrinam
1777 1038 1807 1061 et
1843 1031 2116 1070 consolationem,

1135 1081 1209 1101 cum
1233 1069 1383 1101 videlicet
1408 1080 1530 1101 scnnus
1554 1082 1632 1103 vere
1654 1075 1816 1113 praestari
1840 1073 1904 1104 hoc
1927 1075 2001 1114 ipso
2017 1076 2114 1106 modo

1133 1123 1192 1153 per
1215 1114 1352 1144 verbum
1376 1114 1627 1153 promissionem
1650 1121 1803 1146 aeternae
1827 1117 1924 1147 vitae.

1219 1156 1290 1186 Nec
1324 1155 1565 1196 imaginandum
1599 1163 1667 1194 est,
1706 1160 1738 1187 in
1773 1158 1930 1195 Socrate,
1966 1158 2114 1197 Platone,

1136 1197 1367 1238 Xenophonte,
1392 1198 1552 1229 Cicerone
1576 1206 1607 1229 et
1631 1199 1789 1230 similibus
1812 1200 1910 1231 fidem
1930 1211 2017 1239 esse,
2041 1203 2115 1243 quia

1134 1247 1185 1270 est.
1218 1241 1251 1270 in
1287 1241 1334 1270 eis
1369 1241 1531 1281 quaedam
1565 1242 1681 1272 notitia
1703 1242 1801 1283 Legis
1832 1243 1873 1274 de
1896 1243 1979 1274 Deo.
2026 1244 2115 1278 Haec

1134 1283 1218 1313 enim
1253 1283 1397 1313 nondum
1421 1290 1471 1313 est
1494 1285 1608 1314 notitia
1631 1285 1672 1315 de
1691 1284 1836 1316 Christo.
1882 1285 2035 1317 Ecclesia
2059 1297 2114 1317 au—

1134 1331 1197 1355 tem
1232 1324 1422 1365 simpliciter
1452 1333 1482 1355 ct
1518 1337 1657 1367 prorsus
1681 1326 1817 1368 alligata
1841 1335 1893 1359 est
1917 1329 1957 1359 ad
1978 1330 2114 1369 promis-

1133 1369 1259 1398 sionem
1293 1368 1334 1398 de
1358 1367 1502 1399 Christo.
1549 1369 1698 1401 lnvocari
1721 1381 1839 1401 nomen
1863 1370 1985 1402 Christi
2014 1382 2115 1413 super

1133 1420 1247 1441 omnes
1278 1417 1424 1450 oportet,
1456 1417 1488 1441 et
1510 1412 1544 1441 in
1567 1413 1737 1450 omnibus,
1768 1416 1822 1454 qui
1845 1421 1922 1445 sunt
1945 1415 2113 1446 doctrinae

1133 1462 1292 1492 capaces,
1316 1459 1446 1493 oportet
1470 1463 1548 1484 esse
1570 1455 1784 1495 agnitionem,
1818 1457 2058 1488 invocationem
2083 1464 2113 1488 et

1133 1494 1378 1526 confessionem
1414 1494 1470 1526 filii
1493 1496 1567 1527 Dei.
1613 1497 1665 1527 Ac
1694 1497 1769 1528 talis
1793 1500 1834 1529 ab
1858 1500 1947 1530 initio
1970 1499 2030 1531 fuit
2052 1500 2113 1530 Ec-

1133 1536 1247 1575 clesia,
1272 1539 1346 1568 inde
1370 1548 1474 1579 usque
1498 1540 1540 1569 ab
1558 1539 1665 1570 Adam
1688 1547 1765 1580 post
1788 1542 1905 1572 editam
1924 1543 2113 1582 promissio-

1132 1590 1216 1617 nem,
1252 1586 1367 1611 coetus
1401 1580 1483 1611 alias
1518 1583 1637 1619 maior,
1673 1582 1754 1613 alias
1779 1585 1894 1621 minor,
1918 1586 1972 1625 qui
1995 1584 2113 1615 fiducia

1130 1624 1283 1662 promissi
1296 1622 1428 1654 Domini
1451 1626 1578 1664 accepit
1603 1626 1830 1657 remissionem
1854 1634 2064 1667 peccatorum
2081 1634 2112 1658 et

1130 1665 1239 1696 Deum
1264 1676 1341 1696 vere
1364 1667 1541 1697 invocavit.

1216 1708 1397 1749 Postquam
1419 1715 1527 1740 autem
1551 1709 1615 1740 hoc
1639 1712 1850 1742 constitutum
1874 1719 1936 1749 est,
1960 1720 2112 1753 oportere

1129 1751 1161 1780 in
1186 1750 1339 1782 Ecclesia
1372 1761 1449 1781 esse
1485 1763 1600 1783 vocem
1624 1752 1797 1794 Evangelii
1831 1760 1861 1784 et
1884 1755 2110 1789 ministerium.

1130 1794 1279 1824 oriuntur
1306 1794 1424 1824 deinde
1454 1796 1664 1835 quaestiones
1694 1797 1734 1826 de
1758 1798 1932 1837 personis:
1973 1798 2027 1827 An
2050 1797 2111 1827 Etr-

1131 1834 1232 1866 clesia
1267 1835 1400 1878 alligata
1424 1838 1467 1867 sit.
1496 1839 1536 1868 ad
1561 1838 1746 1879 Episcopos
1771 1846 1801 1869 et
1821 1850 1934 1870 eorum
1958 1839 2110 1881 collegia,

1130 1889 1213 1919 quae
1242 1880 1394 1910 dicuntur
1422 1886 1534 1911 tenere
1557 1882 1787 1917 ministerium;
1833 1882 1930 1912 Item:
1966 1882 2020 1912 An
2043 1882 2111 1913 alli-

1129 1928 1205 1961 gata
1233 1923 1275 1952 sit
1305 1922 1346 1952 ad
1369 1922 1567 1954 ordinariam
1592 1924 1839 1955 successionem
1869 1924 2109 1966 Episcoporum

1129 1970 1160 1994 et
1185 1963 1422 2005 collegiorum?

1491 2092 1746 2132 Respondeo.

1215 2176 1368 2207 Ecclesia
1409 2178 1451 2207 ad
1485 2179 1591 2217 ipsum
1626 2178 1840 2220 Evangelium
1875 2179 1938 2211 Dei
1972 2180 2108 2223 alligata

1129 2226 1191 2256 est.
1215 2220 1304 2259 quod
1327 2225 1360 2250 ut
1386 2226 1480 2250 sonet
1505 2222 1535 2250 in
1560 2221 1751 2258 ministerio,
1775 2222 1867 2252 Deus
1891 2224 2029 2254 subinde
2053 2235 2108 2254 ex-

1129 2262 1203 2292 citat
1227 2261 1357 2302 aliquos
1377 2270 1466 2292 recte
1489 2263 1658 2293 docentes.
1683 2270 1714 2293 ut
1728 2264 1810 2304 Eph.
1824 2266 1854 2295 4.
1875 2269 1938 2301 ivs.
1954 2266 2017 2305 11.]
2032 2267 2108 2297 dici-

1129 2312 1191 2335 ων.
1213 2305 1339 2334 etiamsi
1363 2306 1446 2335 inter
1470 2305 1531 2334 ho.»
1556 2304 1608 2335 alii
1628 2304 1712 2345 plus,
1735 2306 1789 2337 alii
1814 2308 1919 2338 minus
1943 2307 2027 2338 lucis
2052 2309 2107 2339 ha-

1129 2348 1216 2377 bent.
1263 2346 1345 2377 Cum
1368 2354 1476 2378 autem
1501 2349 1636 2378 ministri
1661 2349 1731 2379 sive
1756 2349 1909 2389 Episcopi
1934 2352 2005 2381 sive
2030 2351 2106 2382 Col-

1127 2388 1212 2430 lcgia
1248 2390 1320 2420 sire
1348 2388 1402 2420 alii
1425 2391 1544 2421 docent
1568 2393 1748 2432 pugnantia
1772 2402 1844 2422 cum
1868 2393 2051 2434 Evangſslto
2075 2399 2106 2425 et

1128 2433 1277 2462 doctrina
1302 2433 1550 2472 Apostolorum.
1587 2444 1727 2464 net-,esse
1761 2442 1810 2465 est
1841 2437 1934 2475 sequi
1958 2435 2105 2477 regulam

1127 2474 1221 2505 Pauli
1246 2474 1370 2512 [Galat.
1398 2476 1426 2511 l,
1449 2476 1511 2515 9.]:
1544 2477 1578 2506 Si
1603 2478 1675 2517 quis
1699 2476 1787 2507 aliud
1810 2477 2025 2518 Evangelium
2049 2480 2105 2509 tlo-

1127 2524 1190 2553 cet,
1213 2517 1388 2548 attathema
1411 2518 1463 2548 sit.
1511 2518 1558 2548 Ex
1588 2518 1651 2549 hac
1681 2519 1796 2560 regula
1818 2521 1953 2551 iudicari
1985 2527 2105 2560 potest,

1919 2562 1951 2586 53
