2358 2933
119 112 181 144 881

205 203 386 233 Fatendum
421 209 472 232 est
496 202 592 232 etiam
615 211 689 231 esse
713 200 845 241 aliquod
868 198 1092 229 irremissibile

122 252 302 286 peccatum,
338 244 413 284 quia
436 244 467 274 id
491 253 649 283 expresse
671 242 812 273 affirmat
835 240 996 272 Christus.
1040 240 1093 270 Ad

122 289 152 319 id
171 287 437 319 accommodetur
460 292 491 316 et
512 285 565 316 hic
587 284 682 316 locus
705 282 873 325 Epistulae
895 283 938 313 ad
948 282 1093 313 Hebrae-

121 340 168 361 os
215 329 283 360 Sed
315 328 369 358 hic
391 326 489 368 aliqui
513 328 677 364 obiiciunt,
711 327 780 357 fieri
802 327 959 356 incertam
982 325 1093 355 remis-

121 374 258 408 sionem,
281 370 309 401 si
332 369 466 410 aliquod
484 368 709 400 irremissibile
731 367 885 399 delictum
905 368 957 397 sit.
1003 367 1092 397 Sem-

122 424 180 454 per
203 414 287 443 enim
310 413 440 453 angitur
463 413 590 443 animus
611 412 794 452 disputans,
816 420 854 440 se
873 408 1014 440 fortasse
1038 409 1092 439 ha-

122 458 200 486 bere
221 454 286 485 tale
309 461 492 494 peccatum,
517 460 548 484 et
571 454 717 484 exercuit
740 452 822 482 haec
841 453 990 492 quaestio
1014 451 1093 482 mul-

120 505 181 535 tos,
206 497 266 527 sed
288 498 350 537 piis
373 495 472 537 plana
496 502 527 527 et
548 494 656 526 facilis
681 502 732 525 est
755 493 938 534 explicatio.

205 539 265 570 Est
287 538 421 580 aliquod
442 536 677 574 irremissibile,
701 537 760 567 sed
783 537 871 577 quod
894 537 945 572 sit,
969 542 1093 566 tantum

120 593 140 612 a
163 582 338 622 posteriori
361 581 569 612 iudicandum
591 585 654 616 est,
676 579 785 615 idest,
809 577 872 608 illis
886 579 1092 609 tribuendum

120 630 182 661 est,
200 624 256 665 qui
276 624 319 654 ad
342 629 520 654 extremum
542 627 757 662 perseverant
779 622 811 652 in
834 621 903 651 suis
926 618 1093 651 furoribus

120 667 283 697 adversus
306 665 424 702 Deum,
458 665 489 694 in
512 663 675 704 Epicureo
711 669 899 703 contemptu
933 668 989 693 aut
1019 663 1093 692 odio

120 708 312 738 pharisaico
347 714 401 737 aut
427 707 667 746 desperatione,
702 712 737 736 ut
759 705 894 742 Neroni,
918 704 1093 741 Pharaoni,

120 748 223 786 Sauli,
243 749 341 779 Iudae
364 755 395 778 et
419 748 595 785 similibus,
619 758 680 778 net·
705 746 801 777 aliter
823 748 885 777 nisi
908 747 972 777 hoc
995 747 1092 776 modo

119 793 160 823 de
193 797 332 832 peccato
366 790 582 821 irremissibili
617 801 636 820 a
670 790 853 830 posteriore
887 789 1093 819 iudicandum

119 841 188 870 δεῖς
223 834 299 874 quia
332 842 394 863 nos
417 834 450 863 in
473 833 596 863 nostris
621 833 791 869 cordibus,
815 839 990 872 antequam
1014 829 1092 861 illud

120 877 272 907 iudiciuin
294 873 494 915 patefactum
518 881 585 911 est,
620 876 776 906 debemus
800 884 929 913 semper
952 874 1094 904 retinere

119 918 202 949 haec
221 919 297 948 tria:
326 917 583 948 promissionem
607 918 744 957 gratiae,
768 916 972 953 Mandatum,
1006 915 1094 956 quod

119 962 207 991 iubet
227 960 363 991 credere
382 959 477 996 filio,
499 969 530 990 et
547 959 736 990 Mandatum
759 957 909 990 solvendi
922 956 1095 989 Ecclesiae

119 1003 270 1033 traditum
289 1000 416 1039 [Matth.
432 1001 481 1039 18,
500 1002 581 1040 131:
606 1001 769 1042 Quicquid
780 1001 982 1038 solveris⁵⁴³j
995 1010 1095 1040 super

119 1052 240 1075 terram
263 1050 325 1074 etc.
371 1043 552 1074 Promissio
576 1043 625 1074 his
650 1045 759 1074 verbis
779 1042 977 1074 dulcissimis
992 1044 1035 1079 ⁵⁵)
1059 1040 1095 1071 il-

119 1087 258 1118 lustrata
281 1092 331 1116 est
353 1096 372 1116 a
395 1085 500 1117 Paulo
525 1086 630 1123 [Rom.
654 1086 686 1123 5,
708 1086 792 1124 204:
839 1085 954 1116 Gratia
977 1085 1095 1116 exube-

121 1135 170 1159 rat
188 1138 289 1168 supra
313 1127 476 1158 delictum.
523 1128 655 1159 Summa
680 1127 881 1168 blasphemia
904 1134 969 1165 est,
1003 1126 1094 1157 Chri-

119 1178 203 1201 stum
239 1169 323 1201 infra
356 1176 526 1210 peccatum
561 1172 702 1201 abiicere
736 1177 767 1200 et
801 1171 979 1200 diminuere
1024 1169 1094 1199 eius

119 1214 278 1243 meritum.
324 1212 453 1242 Deinde
483 1214 668 1243 mandatum
703 1218 870 1242 aeternum
893 1218 924 1242 ct
949 1212 1093 1241 immuta-

120 1254 183 1286 bile
216 1265 255 1284 ac
289 1253 387 1294 longe
420 1264 521 1293 supra
545 1254 668 1294 Legem
691 1260 755 1290 est,
790 1254 926 1284 credere
950 1253 1092 1285 Christo.

119 1297 159 1327 Et
191 1296 274 1326 haec
297 1302 373 1326 sunt
396 1295 614 1332 unirersalia,
639 1296 814 1336 promissio
840 1303 871 1326 et
894 1297 1092 1332 mandatum,

118 1345 153 1369 ut
183 1339 298 1369 dicitur
332 1337 460 1375 [Matth.
487 1338 537 1375 11,
560 1338 641 1375 28.];
686 1338 805 1368 Venite
829 1339 870 1368 ad
893 1349 945 1369 me
968 1348 1091 1368 omnes.

119 1381 153 1410 ln
177 1381 263 1411 hanc
287 1379 504 1410 universalem
527 1391 565 1411 se
587 1381 725 1421 quisque
744 1380 898 1412 includat.

204 1422 384 1462 Postquam
407 1424 630 1461 praemunitus
654 1428 704 1453 est
727 1424 852 1453 animus
876 1430 907 1453 et
931 1423 990 1454 scit
1005 1433 1092 1452 man—

119 1466 231 1496 datum
256 1464 315 1495 Dei
339 1474 427 1501 esse,
452 1470 487 1495 ut
509 1465 681 1495 credamus
705 1466 801 1496 nobis
825 1466 932 1496 onmia
954 1471 1092 1506 peccata

120 1507 378 1544 *semitm-deinde
401 1507 517 1543 discat,
541 1517 606 1538 non
630 1517 706 1538 esse
729 1508 770 1538 de
790 1514 928 1548 peccato
952 1508 1092 1538 irremis-

118 1548 204 1581 sibili
236 1549 459 1586 iudicandum,
482 1550 542 1579 nisi
566 1560 585 1580 a
607 1551 801 1590 posteriore,
827 1549 980 1581 videlicet
1002 1557 1092 1590 post-

119 1602 215 1633 quam
237 1591 391 1622 iudicium
414 1591 477 1622 Dei
502 1591 702 1622 declaratum
725 1599 785 1622 est.
831 1592 973 1629 Pharao,
994 1592 1091 1622 ludas

118 1634 301 1665 habuerunt
323 1632 390 1664 tale
412 1640 593 1674 peccatum,
617 1636 693 1675 quia
713 1644 769 1665 res
794 1636 936 1666 ostendit
956 1645 1013 1666 eos
1027 1644 1092 1665 non

120 1677 258 1707 rediisse
291 1676 333 1706 ad
356 1675 474 1707 Deum.
521 1677 596 1707 ldeo
626 1678 707 1707 satis
732 1679 901 1708 commode
925 1678 1003 1708 d'mit
1027 1678 1092 1708 Au-

120 1720 281 1761 gustinus,
296 1717 540 1758 Blasphemiam
565 1729 640 1750 esse
662 1719 795 1751 finalem
818 1721 1091 1760 impoenitentiam

119 1772 179 1792 seu
202 1761 476 1802 desperationem,
513 1763 589 1802 quia
610 1762 693 1793 haec
711 1769 846 1802 peccata
870 1769 1012 1794 extreme
1035 1773 1091 1803 pu—

119 1810 222 1845 gnant
255 1813 328 1834 cum
352 1802 476 1834 Gratia.
524 1805 606 1834 Nam
630 1811 741 1836 cetera
775 1812 925 1845 peccata,
955 1805 1093 1836 eumad

144 1846 259 1877 ratiam
283 1844 499 1886 confugimus,
523 1847 738 1878 remittuntur.
774 1847 988 1888 Contemptus
1011 1857 1092 1879 vero

119 1857 300 1928 Epicureus
321 1894 376 1918 aut
395 1888 581 1928 desperatio
598 1891 745 1929 repudiat
764 1890 918 1921 Gratiam.
950 1890 1025 1921 Ideo
1045 1891 1093 1920 sic

118 1931 352 1971 interpretatur
364 1930 483 1961 dictum
497 1930 619 1962 Christi
633 1932 759 1969 lMatth.
776 1933 826 1970 12,
838 1933 916 1971 324,
930 1932 991 1968 Qui
1004 1933 1092 1963 dixe-

118 1973 159 2003 rit
168 1974 302 2004 verbum
311 1979 425 2003 contra
435 1972 591 2013 Spiritum
602 1981 763 2012 sanctum,
776 1976 807 2005 id
821 1982 882 2013 est,
895 1976 949 2016 qui
958 1976 1092 2006 verbum

117 2016 342 2054 praedicatum
366 2021 397 2045 et
407 2017 451 2053 ⁵⁶)
486 2016 713 2048 confirmatum
737 2018 929 2049 testimoniis
953 2018 1092 2058 Spiritus

118 2058 327 2097 pertinaciter
348 2058 390 2088 ad
423 2064 602 2090 extremum
638 2060 805 2100 repudiat,
840 2062 868 2091 is
892 2060 992 2091 habet
1013 2061 1092 2091 irre-

118 2098 276 2130 missibile
297 2105 479 2140 peccatum.
515 2101 604 2132 Haec
627 2103 788 2133 sententia
812 2103 988 2144 Augustini
1011 2104 1092 2134 satis

120 2142 293 2174 commoda
317 2148 379 2172 est.

202 2185 278 2215 Non
302 2185 385 2215 enim
408 2186 513 2215 omnis
536 2184 649 2226 lapsus
672 2193 746 2228 post
769 2189 911 2229 agnitam
924 2190 1091 2220 veritatem

119 2227 252 2258 iudicari
286 2227 384 2257 debet
416 2234 587 2267 peccatum
610 2229 850 2269 irremissibile,
875 2232 959 2262 sicut
982 2231 1091 2262 Nova-

119 2270 197 2300 tiani
221 2270 470 2300 contenderunt.
517 2269 623 2311 Supra
646 2273 730 2303 enim
752 2274 960 2305 recitavimus
984 2284 1091 2305 exem-

118 2310 171 2353 pla
195 2318 227 2343 et
248 2312 446 2349 testimonia,
480 2323 564 2353 quae
582 2314 701 2345 docent
724 2314 806 2347 tales
830 2315 944 2356 lapsus
968 2318 1090 2348 condo—

118 2399 177 2428 54⁸)
197 2398 315 2428 solveris}
335 2398 405 2428 Corpt
424 2399 446 2423 2.
465 2400 488 2423 4.
509 2399 635 2424 solveritis

120 2450 164 2479 55)
185 2448 349 2480 dulcissimis]
369 2449 410 2473 Ed.
434 2450 470 2473 18.
490 2449 587 2477 dulcis,
608 2450 679 2476 Editr.
699 2452 739 2475 22.
760 2453 798 2476 24.
819 2454 935 2480 28-34..
956 2456 1013 2485 Opp.
1038 2458 1055 2478 1.
1070 2457 1091 2480 -2,

187 2483 333 2508 dulcissime

119 2533 164 2564 56)
184 2533 218 2564 et]
240 2533 310 2559 Editt.
329 2534 369 2558 21.
388 2534 427 2557 22.
448 2534 487 2558 24.
507 2534 624 2560 28—34..
643 2536 701 2566 opp.
724 2538 744 2559 ι.
765 2538 787 2560 2.
808 2541 852 2562 aut

272 2591 391 2611 MELANTH.
407 2591 473 2612 ΟΡΕΕ.
487 2591 536 2611 vot.
552 2593 599 2612 xxL

599 110 622 140 1.
642 109 742 140 LOCl
761 106 1033 139 THEOLOGICI:
1057 105 1098 136 D.
1118 104 1277 136 TERTIA
1295 103 1449 135 EORUM
1470 103 1624 135 AETAS.

2047 106 2108 137 882

1138 199 1205 228 nari
1228 208 1340 239 posse,
1364 208 1426 228 nec
1448 199 1553 228 omnis
1577 198 1762 238 persecutio
1780 197 1949 238 Evangelii
1974 200 2108 230 iudicari

1137 241 1234 271 debet
1265 247 1437 280 peccatum
1460 239 1693 277 irremissibile,
1728 241 1804 280 quia.
1825 240 2012 278 Manasses,
2048 242 2109 281 Na-

1137 283 1409 320 buchodonosor‚
1443 282 1577 320 Paulus,
1602 283 1756 319 lustinus,
1780 282 1999 324 Augustinus,
2023 284 2109 314 deni-

1138 335 1200 366 que
1218 324 1469 356 innumerabiles
1492 332 1723 366 persecutores
1741 327 1848 356 sanati
1867 332 1958 365 sunt,
1976 326 2060 357 sicut
2078 334 2109 357 et

1137 368 1255 398 Petrus
1268 368 1344 398 dicit
1359 367 1445 404 [Act.
1458 368 1490 405 4,
1506 368 1567 406 104
1579 379 1586 397 t
1600 368 1704 402 Quem
1718 378 1778 398 vos
1793 368 2010 399 crucifixistis.
2042 368 2108 400 Sed

1138 410 1341 451 quorundam
1354 408 1530 450 singularis
1544 416 1591 440 est
1607 408 1709 446 furor,
1723 411 1953 450 quiveritatem
1964 421 2109 452 agnove-

1137 458 1211 482 runt
1244 459 1274 482 et
1305 453 1460 482 admoniti
1483 462 1522 481 ac
1551 453 1693 483 convicti
1720 461 1841 483 contra
1875 454 2110 484 conscientiam

1137 496 1207 525 sine
1241 494 1306 525 fide
1330 500 1436 524 tamen
1461 495 1614 525 damnant
1637 505 1733 525 veras
1757 497 1938 526 sententias
1962 503 1993 526 et
2017 506 2109 527 exer—

1139 543 1213 567 cent
1241 543 1295 567 aut
1325 536 1518 567 confirmant
1553 537 1730 567 saevitiam.
1776 536 1827 568 De
1850 537 1969 569 talibus
1994 539 2110 569 dicitur

1136 579 1229 610 Rom.
1266 579 1315 608 ll.
1341 582 1402 615 [vs.
1425 578 1469 616 8.Ι
1504 577 1630 619 Reliqui
1664 580 1801 609 indurati
1832 587 1918 617 sunt,
1953 581 2039 611 dedit
2063 581 2110 611 eis

1138 622 1284 661 spiritum
1308 622 1546 657 exacerbatum,
1571 620 1698 657 oculos,
1723 632 1763 651 ne
1782 622 1924 659 videant,
1949 629 1979 653 et
2003 633 2111 660 aures,

1138 669 1171 694 ut
1206 673 1273 692 non
1296 663 1438 693 audiant.
1453 664 1497 703 ⁵⁷)
1544 663 1615 694 Hoc
1640 664 1726 693 dicto
1751 670 1782 694 et
1805 664 1964 695 similibus
1989 665 2110 696 descri—

1139 707 1258 736 buntur
1279 712 1530 744 perseverantes
1554 706 1586 735 in
1606 704 1776 746 Evangelii
1798 707 2037 746 persecutione5
2057 709 2110 748 qui

1139 747 1297 778 caecitate
1320 748 1513 787 puniuntur,
1548 755 1723 788 postquam
1745 758 1846 789 saepe
1869 750 2022 780 admoniti
2047 760 2109 780 nou

1138 790 1271 820 redeunt
1294 790 1335 819 ad
1359 789 1476 820 Deum.
1522 789 1610 820 Talis
1633 790 1691 822 fuit
1715 789 2109 832 furorAnabaptistarum

1138 831 1339 862 §lonasterih

1225 874 1334 908 Quare
1358 874 1475 905 talibus
1506 876 1601 905 dictis
1637 882 1667 907 et
1701 875 1857 916 exempli.-
1881 877 2034 907 admoniti
2059 889 2111 908 ca-

1140 927 1286 953 veamus,
1309 927 1350 947 ne
1375 918 1584 957 pertinaciter
1602 929 1847 960 propugnemus
1871 929 2013 951 errores.
2057 920 2113 950 La-

1139 959 1169 989 bi
1194 965 1224 988 et
1248 969 1358 990 errare
1382 970 1551 990 cmnmune
1575 967 1623 991 est
1648 962 1798 992 omnibus
1822 961 2022 1000 hominibus,
2055 964 2113 993 sed

1138 1001 1332 1040 pertinacia,
1368 1012 1452 1044 quae
1475 1003 1577 1043 gignit
1603 1003 1802 1044 sophisticos
1826 1010 2014 1044 praetextus
2045 1006 2113 1036 sine

1140 1043 1215 1080 fine,
1240 1051 1409 1084 peccatum
1433 1046 1536 1075 maius
1560 1051 1592 1076 et
1614 1045 1783 1086 multiplex
1806 1053 1874 1083 est,
1898 1057 1938 1077 ex
1961 1058 2025 1088 quo
2048 1058 2113 1079 non

1139 1085 1228 1116 multi
1253 1085 1445 1118 eluctantur.
1480 1087 1555 1118 Ideo
1579 1095 1610 1118 et
1624 1087 1747 1119 Paulus
1772 1089 1873 1129 inquit
1898 1089 1971 1127 [Tit.
1984 1089 2015 1127 3,
2030 1090 2112 1128 10.]:

1139 1128 1344 1159 Haereticum
1379 1129 1540 1160 homiuem
1562 1137 1637 1170 post
1660 1141 1757 1161 unam
1781 1137 1878 1172 atque
1901 1130 2037 1162 alteram
2060 1133 2112 1163 ad-

1138 1171 1348 1202 monitionem
1382 1173 1511 1209 vitabis,
1547 1173 1620 1213 quia
1644 1174 1776 1213 proprio
1801 1174 1918 1204 iudicio
1943 1175 2113 1205 damnatus

1139 1219 1208 1250 est,
1243 1213 1274 1243 id
1309 1220 1376 1251 est,
1411 1224 1470 1244 sua
1493 1216 1674 1254 pertinacia
1698 1214 1843 1246 declarat
1867 1226 1903 1247 se
1925 1215 2112 1256 implicitum

1138 1264 1212 1285 esse
1236 1254 1362 1296 laqueis
1386 1256 1529 1287 Diaboli.

1224 1297 1377 1329 Ceterum
1410 1300 1506 1330 nobis
1542 1310 1670 1339 semler
1705 1301 1737 1330 in
1762 1308 1943 1342 conspectu
1967 1303 2009 1332 sit
2033 1302 2112 1333 hae(-

1137 1340 1295 1380 doctrina,
1331 1342 1451 1371 debere
1474 1352 1535 1372 nos
1559 1343 1787 1383 obtemperare
1811 1345 1963 1375 mandato
1987 1352 2017 1375 et
2040 1356 2113 1385 pro-

1136 1383 1282 1413 missioni
1302 1383 1483 1425 Evangelii.
1530 1385 1709 1415 Aeternum
1745 1393 1774 1416 et
1804 1386 2001 1418 immutabile
2027 1398 2113 1417 man-

1137 1425 1246 1456 datum
1270 1432 1332 1462 est,
1355 1427 1443 1466 quod
1466 1428 1624 1467 praecipit
1647 1438 1748 1469 agere
1770 1430 2014 1469 poenitentiam,
2038 1431 2112 1460 item

1135 1468 1249 1498 audire
1264 1467 1380 1499 Filium
1404 1474 1436 1499 et
1456 1470 1592 1500 credere
1616 1480 1676 1500 nos
1696 1478 1830 1512 propter
1853 1471 1966 1503 Filium
1979 1472 2042 1503 Dei
2066 1483 2112 1503 re-

1137 1511 1210 1550 cipi.
1245 1510 1434 1542 Tenendum
1458 1518 1508 1542 est
1531 1518 1562 1542 et
1586 1512 1677 1544 Pauli
1702 1514 1822 1545 dictum
1847 1514 1953 1551 [Rom.
1973 1515 2003 1552 5,
2027 1515 2110 1553 *20ss

1136 1552 1247 1583 Gratia
1271 1554 1428 1584 exuberat
1452 1565 1552 1594 supra
1575 1562 1755 1595 peccatum.

1222 1595 1312 1626 quta
1342 1595 1425 1628 haee
1460 1598 1612 1628 mandata
1645 1599 1788 1630 iudicare
1818 1610 1879 1630 nos
1903 1601 2058 1631 debemus
2083 1609 2111 1632 et

1136 1639 1182 1668 eis
1218 1639 1458 1678 obtemperare,
1494 1640 1580 1680 quod
1617 1651 1689 1671 cum
1711 1640 1869 1680 facimus,
1904 1650 2028 1674 certum
2064 1651 2112 1674 est

1136 1690 1198 1710 nos
1222 1690 1288 1710 non
1311 1680 1434 1712 habere
1457 1689 1628 1721 peccatum
1651 1684 1884 1716 irremissibile.

1222 1722 1346 1754 Citatur
1377 1731 1407 1754 et
1436 1723 1539 1755 altera
1563 1727 1725 1757 sententia
1749 1736 1789 1757 ex
1812 1727 1961 1768 Epistola
1985 1730 2026 1759 ad
2049 1729 2111 1760 He-

1139 1766 1257 1796 braeos
1283 1766 1444 1805 [10‚⁶26.]:
1468 1767 1661 1799 Voluntarie
1684 1770 1898 1810 peccantibus
1923 1778 1996 1811 post
2016 1782 2110 1803 acce-

1136 1814 1223 1848 ptam
1264 1809 1413 1839 notitiam
1448 1811 1594 1841 veritatis
1628 1812 1691 1842 iam
1727 1822 1790 1842 non
1825 1811 2017 1854 relinquitur
2051 1825 2110 1855 pro

1136 1851 1280 1890 peccatis
1305 1851 1424 1888 hostia,
1447 1853 1506 1883 sed
1528 1853 1681 1884 terribilis
1706 1856 1889 1895 expectatio
1912 1857 2031 1887 iudicii.
2077 1857 2110 1888 Si

1138 1893 1250 1923 dextre
1281 1895 1432 1924 volumus
1466 1895 1627 1926 iudicare.
1662 1897 1714 1928 hic
1738 1897 1831 1928 locus
1856 1909 1922 1929 non
1946 1906 2043 1940 negat
2066 1899 2111 1930 la-

1136 1945 1216 1975 psos
1239 1946 1339 1975 posse
1361 1947 1547 1978 resurgere,
1571 1940 1630 1970 sed
1643 1938 1720 1970 facit
1732 1941 1949 1972 immediatam
1963 1941 2111 1973 collatio-

1136 1988 1211 2009 nem
1245 1978 1394 2010 beneficii
1418 1979 1540 2011 Christi
1564 1988 1594 2012 et
1618 1993 1796 2022 poenarum
1818 1984 1850 2014 in
1873 1984 1959 2015 hanc
1983 1991 2111 2016 senten—

1137 2021 1223 2051 tiam.
1270 2021 1361 2052 Haec
1374 2023 1438 2053 duo
1451 2029 1597 2054 extrema
1611 2032 1685 2055 sunt
1699 2032 1728 2056 et
1741 2026 1936 2058 immediata:
1956 2027 2109 2058 Retinens

1137 2063 1241 2094 benefi
1247 2065 1329 2094 cium
1337 2064 1459 2096 Christi
1467 2065 1623 2105 salvatur,
1631 2078 1696 2098 non
1704 2069 1848 2099 retinens
1858 2070 1921 2100 ruit
1928 2071 1959 2100 in
1969 2071 2109 2101 exitium.

1136 2106 1198 2136 Hic
1210 2116 1276 2137 non
1289 2114 1387 2148 negat
1400 2107 1512 2148 lapsos
1525 2119 1626 2149 posse
1639 2111 1680 2141 ad
1695 2111 1885 2142 beneficium
1892 2112 2013 2143 Christi
2027 2114 2109 2145 redi-

1136 2159 1182 2187 re,
1197 2150 1256 2180 sed
1268 2149 1412 2181 excludit
1423 2150 1505 2182 alias
1518 2151 1644 2184 hostias
1658 2159 1689 2183 et
1701 2163 1788 2184 nova
1798 2153 1978 2186 sacrificia.
2004 2156 2038 2186 ln
2049 2156 2109 2187 Le·

1135 2201 1177 2232 ge
1191 2198 1283 2222 erant
1295 2194 1432 2224 crebrae
1446 2195 1647 2235 expiationes
1659 2196 1941 2236 immunditiarum,
1954 2204 1985 2229 et
1998 2198 2109 2229 Phari-

1137 2235 1205 2264 saei
1219 2235 1380 2266 docebant
1392 2246 1449 2267 eas
1462 2239 1578 2268 mereri
1592 2239 1816 2270 remissionem
1828 2247 2050 2279 peccatorum.
2064 2241 2109 2272 Ita

1135 2283 1249 2317 postea
1262 2279 1269 2307 i
1274 2288 1294 2308 n
1302 2277 1452 2309 Ecclesia
1464 2279 1555 2310 multi
1568 2280 1731 2312 finxerunt
1739 2281 1983 2314 satisfactiones
1993 2291 2024 2315 et
2032 2284 2109 2315 Mis-

1135 2330 1202 2357 sas,
1226 2330 1286 2350 nec
1310 2320 1416 2352 solum
1439 2321 1514 2353 falsi
1533 2322 1640 2354 cultus
1653 2325 1830 2365 excogitati
1843 2332 1930 2364 sunt,
1942 2327 2002 2357 sed
2015 2327 2108 2357 etiam

1135 2364 1305 2403 persuasio
1330 2364 1370 2394 de
1394 2363 1446 2395 illa
1467 2366 1650 2405 expiatione
1673 2376 1731 2407 per
1754 2366 1832 2398 talia
1845 2368 2017 2400 Sacrilicia
2030 2368 2107 2399 aluit

1135 2508 1180 2536 57)
1201 2511 1225 2532 et
1243 2515 1328 2548 aures3
1355 2512 1381 2534 ut
1409 2516 1459 2535 non
1478 2511 1599 2541 audiant]
1635 2512 1706 2538 Editt.
1729 2514 1817 2536 1—14.
1842 2515 1878 2539 19.
1897 2515 1999 2540 dorsum
2019 2521 2104 2540 eorfflr
2126 2499 2129 2500 ⁷

1204 2548 1306 2573 semper
1323 2550 1434 2568 incurva.

1921 2599 1952 2622 56
