2358 2933
292 482 331 506 34.
368 498 372 502 ,

291 1795 330 1818 35.
365 1811 370 1815 .

874 121 981 152 PHIL⁴
1014 120 1116 151 MEL.
1143 119 1329 151 SCRIPTA
1357 120 1631 152 DOGMATch.

409 219 543 254 orig-,inte
568 218 606 246 sit
631 214 913 254 concupiscentia.
943 219 973 243 et
1005 213 1115 243 dicere
1137 213 1225 253 quod

409 262 447 291 sit
460 253 629 290 *dost-mus.
664 257 702 286 Et
723 256 821 286 addit.
845 254 948 285 altero
968 254 1106 285 alterum
1126 256 1225 296 signi-

410 303 499 333 ficari
540 307 569 331 ct
610 297 853 339 comprehendi.
910 297 986 327 11180
1023 298 1224 328 recentiores

409 346 478 374 sinc
501 353 600 373 czmsa
625 342 771 370 rixantur
794 345 967 380 peccatum
990 340 1125 381 originis
1149 349 1225 370 esse

409 385 568 416 desectum
603 393 666 414 nou
701 382 1015 423 concupiscentiam,
1055 388 1226 423 utriunque

409 428 492 458 enim
527 425 763 467 complectitur.
813 425 851 455 Et
890 424 941 454 111(-
976 425 1145 455 sciendum
1175 429 1225 455 est

411 476 579 509 utrumque
599 478 673 498 ess-e
692 466 858 498 materiale
878 467 1005 507 peccati
1046 469 1129 498 et71)
1149 476 1225 496 con-

410 511 639 551 cupiscentiam
664 518 694 540 et
720 511 879 546 desectus.
904 509 1070 550 Siquidem
1088 507 1226 540 formale

409 554 533 594 peccati
544 563 621 583 vere
630 564 669 583 ac
682 553 814 593 proprie
827 559 875 582 est
888 558 997 583 reatus
1006 558 1037 582 et
1047 552 1224 592 imputatio.

410 641 544 681 Unde
591 641 654 679 sit
700 648 960 694 peccatum
1007 639 1223 692 originis.

452 722 631 761 Postquam
646 721 751 751 Adam
767 720 880 761 lapsus
900 727 950 751 est
969 720 1073 750 amisit
1093 720 1225 759 integri-

408 771 507 794 tatem
532 762 710 794 naturalem
735 774 807 793 cum
831 763 964 793 sentiret
988 763 1069 792 iram
1092 768 1122 791 et
1147 762 1225 791 iudi-

410 807 492 836 cium
517 806 569 835 dei
592 816 631 835 ac
660 806 876 835 subiiceretur
905 814 1009 845 regno
1036 804 1165 844 peccati
1193 810 1224 834 et

408 849 532 877 mortis.
551 858 591 877 ac
602 849 644 879 72)
664 846 822 887 spoliatus
842 847 1006 887 prioribus
1025 846 1224 876 ornamentis

408 890 590 929 procreaw‘t
606 890 722 919 (18111118
735 888 817 919 13185
833 887 938 929 qualis
951 890 1014 919 iam
1033 895 1102 919 erat
1121 889 1224 928 ipsius

407 938 541 967 natura.
566 931 612 961 lta
634 932 811 972 posteri73)
835 931 1070 972 propagatione
1096 936 1225 960 contra·

407 973 486 1004 hunt
506 974 615 1004 vitium
636 975 781 1014 originis.
805 973 869 1003 hoc
892 980 941 1003 est
968 979 999 1003 et
1010 974 1054 1013 ⁷¹²)
1079 973 1126 1003 rei
1150 978 1225 1003 sunt

408 1022 438 1046 et
457 1015 578 1046 habent
597 1016 747 1047 vitiosam
765 1022 924 1046 naturam.

691 1103 754 1142 De
786 1104 935 1157 poenis.

451 1183 646 1214 Scholastici
673 1185 970 1225 concupiscentiam
996 1182 1120 1214 faciunt
1147 1193 1224 1223 poe-

407 1235 481 1256 nam
510 1227 636 1266 peccati
666 1236 730 1256 non
756 1233 943 1266 peccatum,
973 1226 1048 1256 Non
1072 1226 1224 1266 concupi-

406 1269 564 1298 scentiam
594 1269 729 1299 dicimus
760 1275 790 1299 et
820 1279 961 1309 poenam
990 1268 1105 1308 lapsus
1131 1268 1225 1298 Adae

406 1317 436 1340 et
467 1317 639 1350 peccatum
669 1312 701 1341 in
730 1312 962 1348 nascentibus,
994 1317 1044 1341 est
1075 1316 1107 1340 et
1136 1320 1225 1340 mors

405 1362 512 1392 poena
546 1354 606 1383 sed
639 1355 817 1394 praecipua
851 1363 958 1394 poena
993 1359 1041 1383 est
1078 1353 1225 1393 tyrannis

405 1393 526 1425 diaboli
551 1396 601 1425 cui
620 1397 769 1426 subiecta
789 1402 839 1426 est
857 1403 975 1426 namra
992 1394 1132 1425 hominis
1151 1404 1225 1434 pro-

404 1446 479 1482 pter
498 1444 688 1479 peccatum,
718 1437 758 1468 Et
790 1438 831 1468 de
858 1437 921 1468 hac
950 1447 1058 1477 poena
1082 1436 1225 1478 loquitur

405 1482 545 1512 Genesis
555 1491 628 1511 cum
635 1481 736 1521 inquit
748 1479 791 1518 [3,
799 1480 874 1518 154.
887 1479 936 1511 Tu
945 1480 1152 1511 insidiaberis
1161 1478 1225 1510 cal-

405 1533 507 1554 831180
521 1525 601 1554 8105.
620 1523 731 1554 Saevit
744 1524 856 1564 itaque
868 1521 1018 1553 diabolus
1031 1523 1062 1552 in
1076 1529 1225 1553 naturam

404 1564 561 1605 hominis,
595 1572 726 1597 exercet
757 1575 828 1596 eam
857 1566 1038 1596 terroribus
1073 1571 1103 1595 et
1139 1565 1226 1594 omni

407 1620 528 1653 genere
555 1608 789 1645 calamitatum,
819 1613 917 1648 atque
941 1606 1094 1637 interficit
1117 1607 1225 1643 etiam,

406 1653 448 1684 ad
476 1653 574 1689 haec,
610 1650 742 1692 impellit
774 1660 845 1681 eam
879 1650 921 1680 ad
955 1651 1059 1680 01111115
1093 1649 1225 1690 generis

406 1695 545 1736 flagitia,
568 1695 609 1725 ad
632 1692 854 1733 blasphemias
862 1715 872 1730 ,
898 1692 940 1722 ad
962 1693 1078 1732 impias
1102 1692 1225 1731 opinio-

406 1747 482 1775 1185,
513 1737 554 1767 311
577 1736 787 1778 hypocrisin.
822 1736 863 1765 ad
892 1734 1012 1765 caedes
1035 1740 1065 1765 et
1079 1734 1123 1774 τ5)
1151 1733 1225 1763 01113

408 1787 469 1812 818.
493 1780 602 1820 idque·
629 1788 683 1809 res
709 1777 851 1808 ostendit
879 1777 975 1807 etiam
998 1777 1030 1807 in
1055 1782 1225 1816 praestan-

407 1825 494 1853 tibus
523 1823 601 1852 viris
628 1822 682 1862 qui
713 1830 786 1851 cum
814 1819 936 1849 w‘rtute
964 1819 1076 1849 vivere
1107 1819 1225 1854 conati,

409 1873 515 1895 tamen
538 1870 676 1894 naturae
698 1860 918 1893 imbecillitate
941 1868 971 1891 et
990 1861 1136 1901 potentia
1159 1860 1225 1890 dia-

409 1905 475 1937 boli
509 1907 584 1936 w'cti
618 1905 800 1936 inciderunt
833 1905 866 1934 in
899 1904 991 1934 varia
1019 1902 1225 1943 turpitudinis

408 1958 542 1991 genera.

451 1990 650 2022 Testinionia
674 1989 762 2029 quod
785 1989 825 2019 sit
845 1993 1017 2028 peccatum
1036 1986 1170 2027 originis
1194 1991 1225 2016 et

410 2034 485 2075 quid
505 2033 556 2063 sit.
594 2032 648 2062 Ps.
672 2031 710 2061 L.
737 2034 799 2069 [vS.
820 2031 863 2067 7.]
888 2030 976 2060 Ε888
997 2030 1031 2059 in
1053 2028 1226 2069 iniquitati-

409 2077 471 2107 bus
495 2081 556 2106 etc.
597 2073 757 2114 Deplorat
779 2073 862 2103 enim
884 2082 950 2102 non
973 2072 1086 2102 matris
1109 2080 1226 2110 pecca-

410 2124 477 2149 tum
500 2117 559 2148 sed
582 2127 693 2153 suum,
721 2115 793 2156 Ego
822 2116 866 2145 ita
890 2120 1070 2154 conceptus
1097 2123 1169 2144 sum
1191 2118 1226 2143 ut

411 2170 483 2190 cum
505 2158 664 2189 formarer
688 2159 796 2188 statim
823 2158 855 2187 in
878 2167 950 2187 mea
972 2166 1083 2187 massa
1108 2165 1165 2186 seu
1193 2156 1225 2185 in

411 2212 461 2232 1118
479 2202 551 2242 ipso
571 2201 709 2232 extiterit
732 2205 913 2240 peccatum.
959 2197 1113 2230 Testatur
1130 2198 1227 2239 igitur

263 2347 307 2374 71)
331 2346 375 2369 515.
394 2349 452 2370 ante
472 2346 499 2368 e!
517 2345 592 2369 habet
610 2351 685 2369 voces
704 2344 730 2367 ,vi
750 2342 819 2376 quid
838 2346 986 2373 expunctas.

264 2396 308 2425 72)
334 2396 383 2419 Hoc
402 2400 440 2418 ac
459 2395 482 2419 in
502 2396 544 2419 Ms-
565 2395 617 2419 roci
632 2396 736 2426 postea
757 2396 897 2424 expunctae
916 2394 1116 2423 superscriptum
1136 2394 1183 2417 est¹

264 2446 309 2475 73)
335 2445 440 2475 posteri]
460 2446 494 2469 sic
513 2446 576 2469 benc
596 2446 651 2470 Ma:
671 2445 715 2469 sed
735 2445 805 2469 Editt.
827 2445 914 2469 1535.:
933 2447 1028 2474 postea.

263 2496 308 2524 7⁴)
334 2495 368 2524 et]
389 2496 412 2519 in
431 2495 502 2519 Editt.
525 2496 595 2519 1535.
614 2495 698 2519 omiss.

265 2546 309 2575 75)
336 2544 371 2574 et]
390 2545 461 2569 Editt.
483 2546 552 2570 1535.
572 2545 602 2569 ad

1275 213 1435 254 propheta
1451 220 1624 254 peccatum
1643 223 1718 244 esse
1737 214 1769 243 in
1787 213 1983 252 hominibus,
2006 216 2094 256 quod

1276 263 1451 286 nascentes
1471 266 1582 286 secum
1605 255 1755 286 afferunt.
1784 255 1886 296 Ephe.
1906 257 1937 286 2.
1963 260 2026 295 [vs.
2047 257 2092 295 3.]

1276 298 1415 329 Eramus
1456 304 1573 328 natura
1627 296 1682 328 filii
1724 298 1791 328 irae
1833 299 1918 329 sicut
1954 305 1986 329 et
2022 309 2094 330 838-

1277 342 1348 371 teri.
1380 340 1540 371 Hebraica
1558 339 1688 379 phrasis
1707 345 1758 370 est.
1776 338 1846 370 Filii
1863 341 1932 372 irae
1949 352 2010 380 pro
2029 342 2094 372 reis

1277 393 1336 414 seu
1365 383 1536 412 damnatis.
1582 382 1621 412 Et
1651 382 1782 417 11181176)
1812 383 1934 422 pariter
1955 383 2093 414 ludaeos

1278 432 1308 456 et
1328 430 1443 465 gentes
1467 434 1542 455 esse
1565 423 1650 454 tilios
1673 425 1740 454 irae
1763 430 1891 461 natura,
1916 424 2005 465 Ergo
2028 435 2095 456 non

1277 474 1402 498 tantum
1421 466 1623 498 contrahitur
1636 467 1799 497 damnatio
1816 465 2000 498 actualibus
2019 478 2095 507 pec-

1278 511 1377 546 catis,
1407 510 1467 539 sed
1491 510 1587 540 etiam
1615 510 1729 539 morbo
1751 515 1904 547 naturae,
1935 509 2040 541 Porro
2063 511 2096 540 in

1278 552 1394 583 80118111
1429 549 1504 581 1080
1544 552 1738 582 describitur
1777 552 1966 592 magnitudo
2000 551 2096 583 huius

1278 592 1370 631 mali.
1397 594 1453 624 ubi
1476 594 1553 624 dicit.
1583 593 1748 624 diabolum
1772 592 1943 625 efficacem
1966 604 2041 625 esse
2063 595 2096 625 in

1279 634 1465 667 incredulis.
1513 636 1596 666 Hinc
1630 635 1765 677 intelligi
1798 643 1908 676 potest
1937 647 2022 677 quae
2055 638 2097 667 sit

1278 679 1457 718 praecipua
1474 688 1582 718 poena
1600 679 1726 718 peccati
1740 679 1885 719 originis,
1905 689 2003 719 quam
2020 689 2097 709 nus-

1280 730 1376 761 quam
1388 721 1550 760 attingunt
1565 720 1760 751 Scholastici
1774 721 1805 750 in
1821 722 1890 752 suis
1906 722 2097 761 disputatio-

1278 763 1386 799 nibus,
1400 769 1431 792 et
1444 762 1575 802 quidem
1587 763 1627 792 ‹le
1635 762 1697 793 hac
1704 773 1812 803 poena
1820 762 1945 794 scilicet
1956 766 1996 801 7⁷)
2010 764 2098 804 quod

1278 804 1427 834 homines
1451 805 1513 833 51111
1527 806 1569 836 ⁷⁸)
1593 806 1731 835 subiecti
1754 815 1856 844 regno
1881 812 1913 836 et
1935 806 2099 846 tyrannidi

1279 845 1399 877 diaboli
1414 845 1596 886 Praecipue
1615 846 1808 877 admonendi
1829 854 1919 878 eraut
1939 848 2098 885 homines,

1278 895 1312 919 ut
1337 889 1468 929 cognita
1494 889 1714 928 magnitudine
1742 888 1818 918 mali
1841 888 2098 930 intelligeremus

1280 931 1439 961 beneficio
1459 929 1582 960 Christi
1605 940 1688 970 opus
1712 934 1813 961 esse.¹

1322 972 1382 1003 Ro.
1406 972 1448 1002 V.
1473 975 1536 1011 [vs.
1555 972 1620 1010 15.)
1651 972 1755 1003 Unius
1775 972 1896 1004 delicto
1916 980 1979 1004 etc.
2007 973 2098 1014 Ergo

1279 1014 1332 1046 alii
1351 1020 1427 1046 sunt
1444 1016 1492 1045 rei
1511 1021 1647 1055 propter
1664 1015 1759 1045 Adae
1776 1013 1915 1055 lapsum.
1949 1015 1991 1046 Et
2010 1016 2098 1047 addit

1278 1057 1371 1088 Mors
1398 1058 1546 1097 pervasit
1574 1058 1607 1087 in
1630 1067 1744 1087 omnes
1772 1058 1849 1097 quia
1879 1067 1993 1088 omnes
2021 1068 2098 1098 pec-

1279 1106 1437 1130 caverunt
1454 1100 1473 1129 i.
1491 1109 1518 1130 e.
1538 1100 1585 1129 rei
1604 1106 1679 1130 sunt
1699 1109 1758 1129 seu
1774 1107 1947 1138 peccatum
1965 1100 2097 1130 habent.

1277 1141 1433 1172 hebraica
1456 1140 1578 1182 phrasi.
1592 1144 1634 1175 ⁷⁹)
1672 1141 1770 1176 Quod
1795 1142 1824 1172 si
1845 1148 1970 1172 tantum
1988 1148 2099 1173 actua-

1277 1183 1320 1214 lia
1354 1183 1473 1215 delicta
1507 1190 1619 1214 essent
1647 1189 1838 1224 peccatum,
1871 1184 2099 1224 unusquisque

1276 1233 1403 1258 tantum
1415 1236 1492 1256 reus
1505 1232 1592 1256 esset
1606 1227 1657 1256 sui
1674 1224 1762 1256 sacti.
1804 1226 1900 1256 Nunc
1919 1236 1993 1257 cum
2010 1224 2098 1256 clare

1279 1270 1365 1299 dicat.
1387 1278 1450 1299 nos
1473 1277 1550 1298 reos
1573 1277 1650 1298 esse
1675 1273 1810 1307 propter
1834 1267 1928 1298 Adae
1947 1267 2099 1299 delictum

1278 1318 1418 1342 testatur
1436 1309 1525 1341 aliud
1543 1310 1705 1350 quoddam
1725 1311 1757 1340 111
1775 1316 1902 1347 natura,
1925 1317 2099 1350 peccatum

1278 1363 1354 1385 esse
1386 1358 1518 1393 praeter
1551 1351 1692 1382 actualia
1725 1351 1855 1383 delicta.
1900 1351 1942 1382 Et
1974 1362 2016 1382 ne
2045 1352 2099 1382 hic

1277 1402 1449 1437 peccatum
1461 1393 1660 1435 intelligatur
1670 1400 1797 1424 tantum
1808 1400 1931 1431 reatus,
1950 1395 2097 1435 pondera

1278 1439 1395 1469 horum
1418 1438 1593 1468 verborum
1617 1436 1826 1467 observanda
1849 1442 1935 1467 50111.
1979 1446 2097 1477 pecca-

1277 1488 1346 1511 tum
1369 1480 1535 1521 1811113111,
1564 1489 1653 1510 mors
1676 1479 1824 1519 regnavit
1850 1484 1912 1509 818.
1921 1480 1967 1515 50)
1997 1479 2098 1519 signi-

1278 1523 1355 1553 ficat
1379 1523 1462 1553 enim
1485 1521 1634 1552 homines
1659 1530 1839 1560 oppressos
1863 1530 1938 1551 esse
1962 1521 2011 1550 ira
2034 1520 2097 1557 dei,

1277 1575 1345 1595 non
1366 1565 1489 1595 habere
1513 1564 1639 1593 firmam
1662 1563 1714 1593 dei
1738 1563 1902 1599 notitiam,
1933 1562 2043 1592 odisse
2066 1568 2098 1593 et

1277 1606 1392 1648 fugere
1414 1606 1567 1637 iudicium
1586 1605 1648 1642 dei,
1670 1605 1752 1635 mori
1770 1603 2028 1645 perterrefactos
2051 1604 2098 1635 10-

1278 1650 1363 1679 111810
1392 1649 1461 1685 dei,
1492 1649 1576 1678 sicut
1599 1648 1767 1687 inquitffl).
1797 1647 1841 1685 [l.
1862 1646 1937 1677 Cor.
1960 1646 2010 1684 15‚
2029 1646 2096 1684 56.]

1278 1691 1478 1725 Aculeusffl)
1500 1690 1614 1720 mortis
1632 1696 1805 1728 peccatum
1827 1695 1888 1720 est.

1320 1734 1366 1764 lo.
1390 1733 1421 1763 3.
1446 1736 1510 1771 [vs.
1530 1732 1575 1770 3.]
1604 1732 1675 1762 Nisi
1698 1732 1771 1772 quis
1794 1737 1929 1762 renatus
1953 1737 2016 1761 etc.
2063 1730 2098 1761 Si

1279 1785 1362 1816 opus
1385 1781 1435 1806 851
1458 1774 1727 1815 regeneratione,
1756 1783 1836 1814 ergo
1859 1780 1956 1804 vetus
1981 1779 2098 1804 natura

1279 1820 1365 1850 8153)
1397 1827 1453 1847 rea
1486 1822 1537 1846 est
1566 1822 1597 1847 et
1627 1816 1800 1846 immunda.
1847 1814 1988 1845 Genesis
2010 1814 2095 1844 vm.

1280 1864 1341 1898 [vs-
1361 1860 1426 1897 *214
1452 1858 1615 1899 Cogitatio
1640 1858 1770 1889 1101113111
1801 1858 1910 1888 cordis
1938 1856 2025 1887 mala
2047 1863 2097 1887 est

1278 1903 1426 1943 pueritia.
1473 1901 1643 1942 Significat
1671 1901 1756 1931 enim
1783 1909 1849 1930 non
1877 1898 1984 1929 solum
2020 1909 2097 1929 con-

1279 1945 1450 1976 suetudine
1479 1942 1599 1974 delicta
1629 1941 1794 1979 contrahi,
1829 1942 1889 1972 sed
1918 1942 1950 1971 in
1979 1946 2098 1972 natura

1280 2089 1325 2118 76)
1350 2087 1418 2117 dicit]
1436 2086 1509 2111 Editt.
1529 2086 1638 2111 addunt:
1657 2086 1749 2111 Paulus

1279 2138 1325 2169 77)
1351 2137 1456 2168 scilicet]
1476 2138 1534 2162 Ms.:
1554 2144 1589 2167 s.;
1608 2137 1694 2161 Editt.:
1715 2136 1838 2161 videlicet.

2186 124 2249 157 288

2135 982 2182 1011 35,
2203 981 2227 1007 b.

1280 2190 1324 2220 78)
1350 2189 1412 2218 sint]
1432 2189 1468 2213 sic
1486 2188 1570 2218 Editt.;
1589 2188 1632 2212 MS.
1652 2188 1675 2212 11.
1690 2188 1704 2212 l.
1718 2188 1794 2212 habet
1812 2187 1954 2217 scriptionis
1971 2186 2164 2217 compendium,
2185 2186 2251 2217 quod

1348 2223 1412 2247 alias
1432 2224 1497 2246 sun!
1517 2221 1650 2251 significat.

1280 2274 1325 2303 79)
1349 2276 1517 2303 pet-caverunt
1536 2286 1567 2289 -
1586 2271 1692 2302 phrasi]
1715 2272 1803 2296 mitt:
1822 2273 1996 2301 peccaverunt.
2032 2271 2153 2295 Hebraica
2176 2271 2251 2301 phra-

1348 2308 1382 2332 sis
1401 2310 1448 2335 est,
1467 2307 1636 2331 peccaverunt
1655 2312 1700 2336 pro
1718 2307 1755 2330 rei
1774 2308 1840 2334 sunt,
1859 2311 1905 2330 seu
1922 2309 2054 2335 peccatum
2074 2305 2175 2330 habent.

1281 2358 1326 2386 80)
1354 2357 1412 2388 etc-J
1432 2357 1518 2381 Editt.:
1538 2360 1561 2381 sc
1579 2357 1670 2381 similia

1280 2409 1326 2437 81)
1353 2408 1424 2432 Editt.
1445 2407 1552 2432 addunt:
1572 2408 1665 2432 Paulus

1281 2459 1326 2489 82)
1352 2459 1443 2483 Vocem
1462 2457 1588 2482 Aculeus
1610 2458 1635 2482 in
1656 2458 1701 2482 Ms-
1723 2457 1834 2488 proxime
1861 2459 2001 2488 sequuntur
2027 2456 2105 2481 verba
2124 2455 2249 2488 peccati

1348 2499 1430 2515 mors
1448 2493 1489 2515 est
1508 2495 1640 2521 expuncta.

1281 2542 1326 2572 83)
1353 2542 1388 2572 et]
1407 2542 1431 2566 in
1449 2542 1520 2567 Editt.
1539 2542 1619 2567 deest.
