2358 2933
71 146 134 178 445
515 140 538 170 1.
569 137 669 169 LOCI
691 135 969 168 THEOLOGICI:
999 134 1036 166 C.
1060 135 1269 167 SECUNDA
1291 134 1446 166 EORUM
1469 134 1624 165 AETAS.
2007 134 2070 166 446

158 235 329 267 Secundo:
364 232 445 263 lllud
475 232 627 262 desinere
654 230 785 271 plenum
814 233 865 259 est
894 228 1049 268 despera·
1093 237 1154 257 nos
1178 226 1306 264 laetari,
1330 227 1508 263 confidere,
1532 235 1677 267 sperare,
1700 236 1775 257 cum
1797 226 1841 255 ad
1864 225 1950 256 hanc
1972 225 2066 257 Pauli

72 280 178 315 tione,
212 276 391 317 pavoribus
426 280 457 304 et
485 280 607 309 morte3
640 273 716 303 ideo
744 281 805 301 nec
832 270 955 300 iustitia
986 279 1049 299 nec
1093 269 1276 299 doctrinam
1295 271 1334 306 ¹3)
1362 270 1587 309 respiciemus.
1632 269 1715 298 Nam
1750 269 1859 298 omnia
1890 266 1946 297 illa
1981 268 2067 298 dicta

71 321 210 363 pretium
239 324 299 349 est.
345 317 436 348 Sicut
467 322 498 346 et
521 314 646 346 Paulus
676 312 817 344 detrahit
846 311 911 353 legi
934 311 1048 342 iustifi-
1093 312 1302 341 excutiuntur
1325 311 1458 347 animis,
1490 312 1517 341 si
1541 311 1684 351 cogitent
1709 310 1968 340 misericordiam
1992 320 2066 349 pro-

73 364 252 398 cationem,
287 360 363 400 quia
404 358 510 396 [Rom.
534 358 565 395 4,
590 357 652 394 15.]
694 356 765 386 Lex
798 356 878 384 iram
913 352 1047 383 efficiat.
1091 354 1183 390 mitti,
1206 353 1266 382 sed
1290 353 1398 394 dignis
1423 359 1453 383 et
1474 354 1556 382 satis
1576 353 1714 387 meritis3
1738 362 1799 381 nos
1816 361 1894 382 vero
1913 351 2066 392 indignos

72 405 184 440 Quare
207 401 415 433 manifestum
438 406 500 438 est,
523 410 589 430 non
609 408 710 440 posse
727 397 825 428 tribui
844 396 1048 426 iustificatio-
1092 404 1168 425 esse
1210 400 1302 425 tanto
1343 394 1512 425 beneficio.
1569 393 1646 424 Ideo
1681 394 1848 424 discamus
1884 403 1925 423 ex
1961 392 2067 424 Paulo

72 456 145 477 nem
170 445 371 480 contritioni,
395 444 469 484 quia
494 444 566 482 ipsa
590 440 742 472 contritio
765 439 857 469 fieret
880 448 970 468 mors
993 447 1047 467 ae·
1093 436 1197 473 [Rom.
1222 437 1253 473 3,
1277 437 1342 476 24]
1373 437 1599 466 remissionem
1621 441 1835 475 peccatorum
1859 435 1962 476 gratis
1994 445 2068 474 pro-

72 494 183 524 terna,
217 487 279 517 nisi
309 485 523 516 liberaremur
556 485 598 513 ab
631 481 697 512 illis
731 481 913 512 terroribus
949 480 1048 509 erecti
1092 479 1183 516 mitti,
1207 485 1307 519 atque
1329 480 1371 508 ita
1396 477 1619 519 intelligamus
1641 476 1792 507 Psalmos
1815 477 2003 507 concionari
2029 476 2070 506 de

71 531 146 560 fide.
191 528 258 559 Iam
288 529 316 558 si
344 528 502 567 penderet
530 525 680 555 remissio
711 533 751 553 ex
782 523 940 563 dignitate
970 531 1047 552 con-
1092 522 1234 561 gratuita
1260 521 1497 551 misericordia.
1543 519 1582 549 Et
1608 519 1672 549 hae
1697 520 1889 556 sententiae,
1914 529 1999 559 quae
2023 519 2068 548 iu-

72 572 222 609 tritionis,
245 571 351 611 magis
374 569 545 610 magisque
564 572 672 597 rueret
691 565 892 595 conscientia
910 564 943 594 in
962 574 1048 593 mor-
1092 564 1167 593 bent
1192 562 1327 600 laetari,
1358 562 1542 598 confidere,
1566 570 1720 601 sperare,
1745 560 1810 590 illis
1833 562 1913 600 ipsis
1937 561 2068 590 concio-

72 618 155 651 tem,
183 623 257 644 cum
287 613 397 643 videat
424 609 547 641 nullum
578 606 754 649 quamlibet
778 616 932 647 magnum
955 604 1047 636 dolo-
1091 610 1223 641 nantur,
1249 606 1302 644 qui
1325 605 1469 635 sentiunt
1494 613 1530 634 se
1553 604 1708 644 indignos
1733 613 1819 633 esse.
1856 603 1932 633 ldeo
1956 603 2069 632 iubent

73 665 140 686 rem
165 655 296 696 dignum
320 662 395 683 esse
417 652 554 692 pretium
577 650 790 681 remissionis.
1092 656 1150 677 eos
1180 645 1313 683 laetari,
1343 653 1377 677 ut
1408 647 1550 677 eximant
1581 646 1866 685 desperationem,
1899 650 1929 675 et
1958 644 2064 674 admo·

157 697 251 727 Haec
274 695 448 736 diligenter
471 692 711 723 consideranda
736 696 822 728 sunt,
846 696 877 721 ut
903 690 1047 720 sciamus
1091 694 1201 725 neant,
1227 689 1315 729 quod
1337 689 1499 728 promissa
1524 689 1566 718 sit
1591 688 1732 729 gratuita
1757 687 1993 717 misericordia.

73 738 192 779 requiri
211 739 450 774 contritionem,
470 741 501 765 et
517 740 625 765 tamen
646 734 836 774 dignitatem
856 731 920 762 alio
939 738 1048 762 trans·
1177 730 1269 760 Haec
1299 731 1541 761 consideranda
1574 736 1668 765 sunt,
1705 741 1779 760 cum
1808 731 1984 760 recitamus
2015 727 2068 759 illa

71 780 240 811 ferendam
261 789 354 814 esse;
376 780 465 815 item,
487 783 521 807 ut
539 777 786 808 consideremus
800 780 950 805 naturam
963 773 1046 814 legis
1091 773 1124 802 in
1147 771 1287 803 Psalmis
1311 772 1379 810 [Ps.
1400 773 1453 810 66,
1478 773 1540 810 5.]:
1565 772 1744 802 Laetentur
1767 778 1795 802 et
1822 771 1967 803 exultent
1992 782 2069 813 gen-

72 829 103 853 et
127 832 273 862 operum.
305 821 340 852 Si
364 822 447 850 enim
471 820 684 859 praecipuum
707 827 791 858 opus
814 817 911 858 legis,
935 815 1048 846 videli-
1092 821 1153 852 tes,
1179 815 1254 855 quia
1279 821 1369 845 recte
1391 816 1518 846 iudicas
1543 814 1701 855 populos.
1727 820 1757 844 et
1783 820 1900 855 gentes
1926 816 1958 844 in
1981 822 2070 845 terra

73 870 125 895 cet
149 864 305 894 damnare
328 868 502 902 peccatiun
525 867 555 891 et
573 861 672 891 irasci
696 865 848 900 peccato,
870 869 935 889 non
958 859 1048 888 iusti·
1093 858 1226 898 dirigis,
1251 857 1283 887 id
1307 863 1375 894 est,
1400 858 1476 898 quia
1500 867 1579 888 vere
1602 866 1742 898 regnas.
1778 857 1896 887 dedisti
1918 857 2070 898 Evange-

71 906 165 943 ficat,
188 906 248 936 sed
271 905 365 935 affert
389 910 541 940 mortem,
566 912 719 943 magnum
742 901 961 931 testimonium
986 906 1048 937 est,
1092 899 1185 936 lium,
1222 901 1360 940 respicis
1394 910 1474 937 nos,
1511 900 1649 930 remittis
1680 905 1817 939 peccata
1847 900 2069 936 credentibus,

70 947 148 989 lege
170 958 236 978 non
255 946 424 977 iustificari
445 955 505 975 nec
524 944 683 975 vivificari
701 943 862 980 homines,
885 943 944 973 sed
964 952 1047 982 opus
1092 942 1226 972 exaudis
1250 942 1446 973 invocantes
1469 949 1518 973 te.
1555 952 1743 982 quanquam
1768 942 1830 972 sint
1854 942 1989 979 infirmi,
2024 943 2070 972 in-

71 999 148 1020 esse
168 988 406 1025 consolatione,
430 997 527 1028 quam
550 986 632 1016 fides
649 985 753 1016 affert.
784 985 824 1015 Et
844 991 953 1014 tamen
974 995 1047 1014 cum
1093 984 1196 1024 digni3
1231 990 1366 1014 econtra
1398 983 1492 1020 illos,
1529 985 1582 1024 qui
1611 994 1675 1014 non
1707 984 1861 1021 credunt,
1897 985 2012 1024 punies
2038 989 2069 1014 et

71 1032 200 1062 accedit
224 1030 318 1066 fides,
343 1030 495 1060 contritio
519 1027 574 1058 illa
600 1034 630 1058 et
653 1027 862 1057 mortificatio
887 1026 921 1055 fit
945 1026 1047 1056 sacri-
1092 1026 1222 1066 perdes·
1267 1025 1308 1056 Et
1332 1025 1467 1056 Psalmo
1490 1026 1542 1056 41.
1568 1028 1630 1063 [vs.
1654 1025 1699 1064 6.]
1733 1026 1843 1060 Quare
1866 1028 1995 1058 turbata
2020 1038 2069 1066 es,

70 1073 179 1103 ficium
203 1077 233 1102 et
256 1071 367 1112 placet
389 1071 474 1101 Deo.
521 1069 633 1104 Quare
658 1070 690 1099 in
716 1069 801 1098 omni
825 1069 890 1098 vita
915 1074 946 1098 et
970 1078 1047 1107 poe·
1092 1068 1198 1098 anima
1227 1068 1320 1098 mea?
1366 1068 1468 1107 Spera
1500 1069 1531 1098 in
1555 1068 1646 1105 Deo,
1679 1070 1832 1109 quoniam
1862 1069 1969 1100 adhuc
1994 1081 2070 1101 con-

70 1115 205 1146 nitentia
231 1123 384 1144 crescere
408 1113 503 1142 debet
528 1117 560 1141 et
585 1111 731 1142 exerceri
756 1111 850 1146 fides,
878 1119 962 1150 quae
987 1110 1047 1140 eri·
1068 1126 1070 1136 ι
1092 1110 1210 1140 fitebor
1239 1111 1278 1140 ei.
1325 1110 1497 1151 Significat
1529 1111 1613 1141 enim
1636 1121 1673 1139 se
1696 1112 1969 1150 perterrefactum
1993 1122 2070 1143 esse

71 1162 129 1198 gat
150 1154 409 1196 perterrefactas
434 1159 575 1191 mentes,
605 1160 636 1183 et
659 1154 692 1182 in
716 1153 866 1183 omnibus
889 1151 1047 1192 periculis
1091 1158 1277 1192 propterea,
1303 1153 1390 1193 quod
1415 1154 1511 1183 sentit
1537 1163 1574 1183 se
1596 1154 1763 1194 indignum
1784 1163 1869 1184 esse.
1900 1153 1940 1184 Et
1961 1160 2068 1185 tamen

71 1198 267 1239 et-negotiis
292 1197 452 1227 exuscitet
477 1205 548 1233 nos,
571 1201 606 1225 ut
630 1196 820 1225 invocemus
842 1193 960 1224 Deum.
1092 1195 1188 1235 erigit
1212 1195 1366 1231 animum,
1391 1201 1421 1225 et
1448 1197 1560 1226 statuit
1574 1195 1681 1226 Deum
1705 1196 1767 1225 sibi
1789 1197 1964 1237 propitium
1984 1207 2068 1228 esse.

155 1240 229 1270 Non
253 1241 339 1269 enim
361 1244 471 1279 potest
496 1238 639 1268 existere
661 1237 839 1274 invocatio,
871 1237 899 1266 si
923 1237 1046 1277 cogite·
1177 1235 1260 1267 Cum
1284 1238 1332 1267 sic
1356 1236 1584 1279 intelliguntur
1606 1237 1689 1268 haec
1713 1238 1817 1276 dicta,
1850 1245 1917 1269 tum
1941 1240 2069 1270 demum

70 1292 142 1313 mus
171 1292 235 1312 nos
263 1282 406 1312 reiectos
437 1290 530 1317 esse,
565 1289 631 1309 non
663 1279 816 1309 exaudire
848 1284 909 1308 etc.
956 1279 1047 1309 Sicut
1093 1278 1353 1310 consolationem
1392 1280 1557 1321 ingentem
1592 1280 1731 1310 afferunt
1765 1279 1835 1318 his,
1877 1283 1931 1322 qui
1966 1289 2069 1314 aount

70 1323 194 1355 Paulus
218 1324 320 1364 inquit
345 1322 453 1361 [Rom.
469 1322 519 1359 10,
534 1322 614 1360 14.];
639 1321 812 1356 Quomodo
835 1321 1048 1358 invocabunt,
1091 1321 1334 1360 poenitentiam.
1391 1322 1474 1353 Nam
1508 1322 1541 1352 hi
1576 1322 1639 1353 soli
1673 1323 1818 1353 iudicare
1837 1325 1876 1361 ¹⁴)
1915 1308 2067 1365 possount,

69 1367 97 1397 si
120 1376 187 1397 non
211 1365 370 1396 credant?
414 1363 524 1394 Veros
555 1365 655 1405 igitur
682 1362 790 1394 cultus
813 1362 875 1393 Dei
900 1369 929 1392 et
953 1373 1048 1403 prae·
1092 1364 1144 1394 ubi
1163 1362 1285 1394 habeat
1301 1374 1408 1401 usum,
1434 1371 1464 1395 et
1481 1375 1580 1405 quam
1598 1366 1661 1395 vim
1681 1364 1801 1395 habeat
1819 1365 1902 1396 haec
1921 1361 2071 1399 doctrina

69 1409 165 1449 cipua
195 1418 296 1448 opera
324 1406 382 1437 alit
411 1405 496 1437 haec
520 1406 671 1437 doctrina
695 1406 735 1435 de
758 1404 841 1442 fide,
871 1415 969 1445 quam
993 1405 1047 1446 qui
1091 1406 1132 1435 de
1156 1405 1229 1443 fide,
1255 1405 1409 1437 videlicet
1427 1407 1458 1437 in
1479 1417 1588 1448 agone
1609 1409 1830 1438 conscientiae
1848 1410 1976 1449 agentis
1997 1420 2069 1441 cum

69 1455 297 1487 contemnunt,
331 1450 392 1480 etsi
416 1449 564 1479 iactitant.
587 1458 624 1479 se
648 1449 807 1479 bonorum
832 1457 965 1488 operum
991 1448 1047 1477 do·
1090 1447 1164 1478 Deo
1198 1448 1230 1478 in
1265 1449 1482 1480 invocatione.
1542 1450 1609 1481 Sed
1644 1451 1759 1480 desino
1793 1449 1886 1490 plura
1917 1452 2067 1493 exempla

69 1498 180 1523 ctores
215 1501 308 1528 esse,
351 1497 459 1521 tamen
495 1490 581 1521 haec
616 1491 748 1531 propria
785 1489 1046 1520 Christianorum
1091 1489 1264 1531 colligere3
1293 1497 1370 1521 sunt
1393 1493 1477 1522 enim
1499 1493 1561 1533 piis
1592 1494 1690 1523 obvia
1713 1494 1744 1522 in
1769 1495 1966 1534 quotidianis
1995 1505 2067 1535 pre-

69 1544 172 1574 opera
195 1544 261 1564 non
285 1531 481 1573 intelligunt,
506 1538 535 1563 et
559 1534 601 1563 ab
624 1532 741 1562 horum
765 1537 946 1572 conspectu
970 1542 1046 1562 ocu·
1091 1534 1292 1570 cationibus,
1318 1534 1349 1563 in
1373 1535 1491 1574 quibus
1516 1541 1607 1565 certe
1631 1535 1712 1565 fides
1736 1537 1868 1567 assidue
1893 1538 2068 1568 excitanda

68 1576 120 1607 los
144 1582 243 1616 atque
266 1575 393 1606 animos
417 1574 583 1604 hominum
606 1575 771 1605 abducunt
791 1580 916 1604 tantum
933 1575 975 1604 ad
993 1584 1046 1604 ex·
1091 1581 1122 1605 et
1142 1575 1365 1606 confirmanda
1385 1583 1433 1607 est
1453 1578 1485 1607 in
1504 1578 1655 1608 omnibus
1676 1579 1762 1608 vitae
1783 1579 1950 1619 periculis.
1984 1581 2067 1612 Nam

68 1624 162 1649 terna
187 1627 306 1657 opera,
337 1627 423 1657 quae
447 1617 573 1647 etiamsi
596 1623 671 1648 sunt
696 1617 906 1653 necessaria,
937 1622 1046 1646 tamen
1091 1616 1176 1647 hunc
1208 1616 1329 1648 cultum
1357 1621 1533 1659 praecipue
1556 1621 1690 1661 requirit
1714 1620 1824 1653 Deus.
1857 1632 1951 1663 quem
1976 1634 2069 1664 pror-

68 1660 169 1702 longe
192 1658 346 1689 inferiora
372 1664 446 1688 sunt
474 1659 683 1689 invocatione
705 1658 778 1688 Dei.
823 1657 1046 1689 Exerceamus
1068 1659 1069 1692 Ι
1091 1669 1149 1690 sus
1173 1669 1239 1689 non
1263 1659 1448 1691 intelliwunt
1472 1661 1528 1699 illi,
1551 1664 1605 1703 qui
1628 1662 1713 1693 hanc
1738 1654 1918 1695 doctrinam
1938 1667 1979 1696 de
2002 1666 2067 1697 fide

69 1703 165 1743 igitur
188 1701 284 1732 fidem
308 1702 339 1730 in
362 1701 589 1737 invocatione,
621 1702 651 1730 in
676 1701 826 1730 omnibus
851 1701 939 1731 vitae
963 1701 1046 1741 peri·
1067 1693 1069 1742 Ι
1090 1703 1232 1731 obruunt
1255 1709 1311 1732 aut
1337 1703 1377 1733 de
1393 1713 1447 1734 ere
1472 1712 1642 1735 conantur.
1688 1705 1846 1736 Homines
1869 1709 1986 1747 partim
2010 1709 2067 1739 im-

71 1743 154 1774 culis
177 1754 217 1774 ac
241 1743 382 1787 negotiis
410 1748 561 1782 petamus
583 1748 618 1772 ut
642 1742 734 1772 Deus
759 1742 962 1779 sanctificet,
988 1753 1046 1783 gu·
1067 1757 1069 1782 ς
1090 1744 1184 1782 periti
1217 1745 1334 1783 partim
1368 1745 1443 1776 mali
1478 1745 1699 1777 vociferantur
1730 1758 1791 1778 nos
1821 1749 1996 1781 dissentire
2025 1752 2067 1781 ab

70 1787 184 1816 bernet
214 1795 256 1815 ac
283 1790 394 1815 servet.
421 1794 493 1814 nos.
538 1784 585 1814 Ibi
615 1785 821 1824 experiemur
844 1785 939 1814 nobis
963 1794 1046 1824 opus
1067 1794 1069 1799 ·
1089 1784 1263 1822 Ecclesia,
1298 1787 1474 1818 incendunt
1510 1789 1711 1820 iracundiam
1738 1790 1925 1832 Principum
1953 1794 2068 1823 adver-

69 1838 145 1859 esse
168 1827 232 1858 hac
257 1825 503 1862 consolatione,
529 1827 614 1866 quod
640 1826 732 1857 Deus
755 1827 796 1856 sit
820 1827 918 1856 nobis
941 1828 1047 1867 propi·
1090 1829 1204 1867 511515)
1228 1838 1300 1858 nos.
1347 1829 1418 1870 Ego
1449 1841 1528 1861 vero
1559 1833 1631 1871 pios
1655 1831 1800 1863 lectores
1825 1844 1923 1874 spero
1948 1836 2069 1867 iudica-

70 1872 133 1901 tius
163 1875 254 1900 certo
284 1878 344 1910 per
370 1868 647 1906 misericordiam,
679 1869 767 1909 quod
797 1869 947 1899 exaudiat
972 1879 1045 1906 nos,
1066 1875 1069 1909 j
1090 1872 1238 1910 turos-¹⁶)
1264 1880 1350 1903 esse,
1375 1882 1564 1912 germanam
1576 1874 1750 1905 Ecclesiae
1767 1878 1962 1908 sententiam
1981 1889 1999 1909 a
2019 1889 2069 1909 me

70 1922 257 1953 quanquam
287 1912 388 1941 simus
418 1911 552 1951 indigni.
598 1910 691 1941 Sicut
719 1910 828 1941 Daw'd
856 1911 886 1940 in
912 1910 1046 1941 Psalmo
1091 1917 1122 1942 et
1150 1913 1282 1943 retineri
1311 1920 1341 1943 et
1366 1913 1538 1946 illustrari.
1574 1927 1614 1946 ac
1637 1918 1847 1948 adversarios
1872 1921 1980 1959 potius
2005 1922 2068 1951 dis-

71 1954 159 1993 [1⁶29‚
182 1953 228 1992 3.]
252 1954 313 1984 ait:
350 1953 385 1983 Si
408 1953 595 1993 iniquitates
620 1953 873 1989 observaveris,
895 1953 1046 1991 Domine,
1091 1955 1213 1984 sentire
1236 1965 1256 1985 a
1279 1957 1380 1987 veteri
1405 1963 1435 1987 et
1459 1950 1591 1998 puriore
1614 1959 1781 1992 Ecclesia.
1807 1967 1838 1991 et
1862 1972 1940 1993 vere
1964 1945 2068 1994 ξῖτιιιᾷ-

70 1998 142 2038 quis
181 1996 377 2036 sustinebit?
437 1995 521 2029 Quia
561 1996 648 2035 apud
687 2002 719 2026 te
759 1995 946 2035 propitiatio
982 2002 1044 2033 est,
1091 1999 1201 2035 γελεΐν,
1236 1998 1289 2038 qui
1321 2008 1395 2029 cum
1419 2001 1459 2030 de
1483 2002 1678 2032 remissione
1701 1993 1913 2042 peccatorum
1937 1990 2056 2037 docent

70 2044 245 2079 propterea
268 2038 445 2068 timeberis.
481 2038 639 2068 Sustinuit
661 2038 769 2068 anima
794 2048 865 2067 mea
888 2038 919 2068 in
943 2039 1045 2069 verbo
1090 2049 1227 2078 prorsus
1260 2039 1382 2071 nullam
1412 2044 1609 2074 mentionem
1638 2043 1757 2075 faciunt
1789 2047 1882 2078 fidei.
1918 2048 1981 2079 hoc
2007 2031 2068 2079 est⁷

70 2082 157 2118 eius,
199 2081 343 2120 speravit
386 2081 493 2110 anima
527 2089 599 2110 mea
633 2080 664 2109 in
698 2080 850 2110 Domino.
906 2080 941 2110 ld
975 2087 1043 2111 est:
1066 2080 1231 2111 'fiduciae
1262 2082 1292 2111 in
1317 2083 1493 2115 Christum.
1539 2086 1606 2116 Imo
1635 2088 1744 2117 iubent
1775 2089 1925 2120 dubitare
1954 2092 1994 2121 de
2018 2073 2068 2122 re3

71 2123 229 2163 Agnosco
260 2132 311 2152 me
342 2131 418 2151 esse
446 2122 660 2157 innnundum3
690 2128 720 2152 et
745 2128 852 2152 tamen
877 2124 969 2163 erigo
993 2133 1045 2153 me
1065 2093 1068 2162 Ι
1089 2125 1246 2154 missione
1265 2132 1491 2164 peccatorum:
1510 2129 1627 2158 deinde
1645 2130 1765 2160 addunt
1785 2140 1856 2161 eam
1876 2133 2067 2164 contine-ere

71 2171 101 2195 et
137 2164 284 2201 confido,
319 2170 351 2213 te
383 2162 459 2193 mihi
493 2164 667 2203 propitium
703 2174 779 2194 esse
807 2172 943 2205 propter
971 2176 1045 2205 pro-
1065 2168 1067 2201 Ι
1089 2173 1224 2206 propter
1258 2167 1447 2208 dignitatem
1482 2176 1668 2202 nostrorum
1703 2183 1856 2212 operum.
1893 2180 1922 2205 et
1958 2157 2065 2206 tainen

72 2208 203 2237 missam
233 2206 508 2246 propitiationem.
554 2205 624 2236 Hac
653 2206 717 2236 fide
746 2217 807 2236 nos
831 2218 962 2248 quoque
985 2208 1067 2239 eri-t
1091 2218 1221 2249 semper
1244 2210 1455 2242 dubitandum
1475 2223 1562 2250 esse,
1586 2219 1692 2244 utrum
1711 2208 1900 2246 contiwefit·
1925 2223 1955 2247 et
1974 2216 2066 2247 affin-

71 2258 204 2289 gamus,
235 2254 265 2278 et
297 2248 536 2277 meminerimus
565 2247 651 2277 hanc
680 2250 859 2279 orationem
882 2251 1045 2289 pertinere
1065 2245 1067 2284 Ι
1090 2258 1169 2291 gunt
1189 2251 1336 2282 homines
1354 2264 1455 2293 posse
1478 2254 1543 2295 legi
1567 2255 1761 2287 satisfacere
1784 2239 1819 2287 eet³
1835 2240 1906 2289 sine
1929 2266 2065 2299 peccato

71 2292 113 2321 ad
137 2301 215 2327 eos,
239 2291 293 2330 qui
316 2296 418 2330 agunt
442 2289 695 2329 poenitentiam,
718 2301 783 2321 non
807 2292 849 2322 ad
872 2291 966 2329 illos,
990 2293 1045 2332 qui
1065 2312 1067 2329 2
1090 2303 1176 2323 esse.
1230 2294 1294 2324 Sed
1324 2296 1474 2327 iudicium
1499 2299 1539 2328 sit
1564 2299 1665 2338 ipsius
1690 2298 1881 2331 Ecclesiae.
1911 2301 1975 2331 hoc
2004 2309 2053 2332 est

73 2333 179 2363 securi
204 2331 373 2373 indulgent
398 2332 510 2372 pravis
535 2332 777 2371 cupiditatibus.
819 2333 914 2364 Hunc
937 2335 1043 2374 ipsum
1065 2343 1066 2365 Ι
2057 2325 2064 2331 ’

71 2374 239 2404 Psalmum
273 2375 417 2414 quotidie
448 2373 521 2403 Deo
554 2375 786 2411 decantemus,
820 2375 882 2406 hac
917 2377 1066 2407 musicai
1236 2405 1240 2409 ,

72 2417 144 2456 piae
174 2422 300 2446 mentes
330 2426 366 2445 sc
397 2414 612 2446 consolentur
635 2422 664 2445 et
689 2417 857 2454 erudiant,
888 2424 922 2448 ut
946 2429 1044 2449 veros
1064 2410 1067 2444 Ῑ
1094 2405 1136 2433 13)
1164 2405 1312 2435 ammam]
1334 2406 1375 2430 Ed.
1399 2408 1435 2430 ¹²
1456 2409 1548 2435 ‘'⁶⁹⁰⁸’'
1568 2414 1667 2432 enm&
1688 2410 1778 2435 ‘¹⁰¹¹3m

74 2457 179 2488 cultus
203 2457 274 2487 Deo
298 2459 435 2488 reddere
459 2458 596 2488 discant.
1065 2446 1067 2491 Ι
1093 2455 1136 2481 14)
1157 2455 1278 2482 indicare]
1298 2453 1339 2476 Ed.
1364 2455 1400 2477 ¹¹-
1421 2459 1444 2478 ‘³1
1466 2456 1524 2484 θυι]-
1550 2459 1598 2486 151³-
1617 2464 1716 2483 errore:
1736 2461 1837 2486 iudicari

158 2500 267 2540 Atque
300 2500 344 2530 ita
380 2501 508 2530 demum
537 2499 761 2541 intelligentur
791 2507 821 2530 et
852 2501 1043 2531 dulcescent
1065 2509 1066 2523 1
1093 2502 1136 2531 15)
1161 2502 1297 2532 a“lt'ffl’SssS]
1317 2503 1388 2527 Editt.
1412 2506 1448 2529 12.
1471 2507 1508 2530 13.
1526 2506 1661 2533 adversum

74 2542 158 2572 dicta
190 2543 221 2571 in
246 2541 388 2572 Psalmis
417 2542 457 2571 de
480 2543 722 2576 misericordia,
758 2548 788 2569 et
818 2551 904 2579 quae
932 2542 1043 2572 iubent
1093 2552 1135 2579 16)
1160 2552 1325 2583 iudicaturos]
1345 2554 1416 2578 Editt⁴
1441 2556 1460 2579 1.
1480 2557 1502 2580 2.
1523 2562 1608 2582 errore
1628 2560 1907 2589 typogr.:indieatu1-05

1067 1994 1069 2004 t
