2358 2933
240 129 298 159 351
870 120 976 151 PlllL.
1004 118 1103 149 MEL.
1127 117 1313 150 SCRIPTA
1336 117 1611 148 DOGMA'rch.

598 213 673 244 DE
716 212 858 242 DEo.

329 301 538 339 Aptissimum
565 297 637 327 huic
662 295 736 326 loco
756 296 925 325 exordium
949 295 1082 334 praebet
1102 294 1211 325 admo-

243 344 318 372 nitio
343 342 474 370 t'hristi.
496 342 525 369 iu
550 350 623 378 qua.
648 349 720 368 cum
746 336 913 377 Philippus
938 337 1146 366 interi-owans
1171 337 1212 366 de
1234 351 1236 371 i
1259 338 1387 366 bonitas
1412 346 1451 366 ac
1475 335 1620 366 efficacia
1646 335 1677 364 in
1701 336 1796 365 nobis
1821 336 1974 366 cernitur.

243 384 433 424 quaestione
458 382 596 411 oiuuium
618 381 754 410 maxima
780 386 807 408 ct
830 379 1045 415 gravissima,
1076 388 1129 409 loc
1149 384 1212 415 est,

1234 215 1235 224 ²
1257 220 1319 241 vos
1339 208 1449 240 facere.
1468 210 1652 240 credentes.

1234 248 1235 299 i
1258 259 1382 283 turam.
1417 252 1477 282 sed
1510 261 1696 293 agnoscere
1719 250 1919 282 voluntatem
1946 253 1978 282 in
2003 250 2136 282 Christo
2160 263 2234 291 pro-

1699 209 1789 239 lubet
1820 209 1903 239 enim
1926 219 1993 239 non
2015 211 2156 241 scrutari
2177 215 2250 242 na?

1257 295 1417 333 positam,
1450 304 1513 334 qua
1544 294 1673 334 agnita.
1709 299 1775 323 tum
1798 303 1878 324 vero
1897 300 1927 324 et
1953 294 2139 333 praesentia
2160 294 2235 332 Dei,

2020 335 2130 376 Atque
2152 335 2236 367 haee

1258 380 1370 409 notitia
1393 388 1459 408 non
1483 379 1577 408 debet
1602 387 1679 407 esse
1707 378 1813 407 otiosa
1843 377 2044 417 speculatio,
2073 378 2132 408 sed
2162 388 2236 410 cum

243 427 283 455 d«-
308 432 419 453 natura
436 424 505 453 Dei.
531 424 649 452 diceret
675 421 756 459 {loh-
782 412 902 458 l-lJSA,
926 421 1078 457 Domine,
1104 427 1212 450 osten-
1258 420 1513 461 perterrefactae
1543 426 1670 450 mentes
1698 425 1887 460 agnoscunt
1914 426 2067 459 peccata,
2105 430 2145 450 ac
2174 421 2235 451 eri-

244 468 283 495 de
308 467 399 495 nohis·
424 473 566 504 patrem.
597 464 748 494 Flu-istus
779 469 913 493 revocat
944 473 1017 493 cum
1045 463 1085 493 ab
1111 463 1212 502 inqui-
1234 477 1236 511 Ι
1259 469 1378 503 guntur
1411 464 1524 493 iterum
1559 472 1642 493 voce
1676 460 1858 502 Evangelii,
1895 466 1926 491 et
1959 462 2107 492 reiiciunt
2137 472 2175 492 se
2202 463 2235 493 in

244 510 358 537 sirion·-
382 517 524 537 arcanae
554 513 706 542 naturae,
730 512 759 535 et
792 512 899 535 immet
925 506 1089 545 quomodo
1113 514 1212 545 quae-

243 550 362 580 rendus
394 556 423 577 et
455 549 686 588 agnoscendus
714 548 753 577 sit
786 547 886 578 Deus.
938 547 990 577 Ait
1017 548 1101 577 enim
1131 545 1210 583 [loll.

245 592 295 621 14.
318 592 338 619 9
361 594 438 630 sipi.
463 591 524 624 Qui
548 591 632 619 videt
658 600 719 620 me.
743 589 827 619 videt
849 596 878 619 et
900 595 1034 629 patrem.
1068 588 1121 618 An
1145 598 1210 617 non

244 633 360 663 credis.
385 633 471 671 ‹piod
496 643 559 672 ego
583 633 613 662 iu
638 638 727 671 patre
751 642 833 661 snm.
857 637 886 660 ct
911 638 1004 671 pater
1023 631 1054 660 in
1070 640 1119 660 me
1138 630 1211 659 est?

244 674 384 714 Magnos
416 674 572 704 tumultus
603 676 633 704 in
657 674 772 704 animis
797 672 962 703 homiuum
987 674 1069 702 cient
1094 682 1211 711 specu-

243 715 382 746 lationes
416 716 456 745 de
481 715 572 746 Deo.
605 726 675 746 cum
706 716 776 744 sinc
799 716 901 745 verbo
926 714 986 745 Dei
1010 721 1039 745 et
1065 715 1167 754 signis
1191 724 1211 743 a

243 757 314 787 Deo
349 759 526 798 propositis
552 759 717 798 disputant
744 758 784 786 dc
819 762 934 787 natura
975 763 1005 787 et
1043 755 1212 786 voluntate

243 799 315 829 Dei.
366 800 435 830 Etsi
461 802 544 830 enim
575 806 647 830 sunt
678 799 814 839 vestigia
845 798 1004 838 quaedam
1034 798 1211 828 divinitatis

242 843 398 882 impressa
425 852 530 872 rerum
551 849 701 877 naturae,
725 847 831 870 tamen
857 846 944 870 tanta
969 846 1019 869 est
1042 840 1211 870 infirmitas

239 887 452 918 humanarum
475 885 648 914 mentium.
676 888 709 912 ut
741 893 805 911 non
837 883 917 911 satis
941 880 1126 912 afficiantur
1148 880 1211 912 illis

242 929 405 966 vestig-iis.
441 936 579 966 ctunque
611 925 719 955 vident
745 925 839 955 bonis
863 922 947 954 male
971 933 1062 960 esse,
1091 929 1122 953 et
1145 933 1211 953 ma-

242 973 280 1003 lis
311 964 393 1001 liene
416 980 509 999 csse.
535 968 700 1003 dubitant,
723 977 764 996 an
787 965 881 996 Deus
906 972 998 996 curet
1022 976 1076 996 res
1100 965 1211 995 huma-

242 1024 318 1045 nas.
341 1023 382 1043 an
406 1022 485 1042 vero
509 1011 616 1040 onmia
641 1019 722 1039 casu
750 1009 912 1038 eveniant.
958 1008 1136 1038 Praeterea
1156 1006 1212 1037 illa

242 1055 393 1087 voluntas
415 1053 487 1084 Dei.
512 1053 604 1082 cuius
629 1051 772 1091 cognitio
792 1051 832 1080 ad
858 1050 997 1080 salutem
1020 1050 1211 1081 necessaria

243 1106 309 1129 est.
335 1095 424 1126 nullo
455 1096 552 1125 modo
581 1100 689 1133 potest
718 1094 844 1122 ratione
867 1091 1077 1133 deprehendi.
1101 1090 1212 1122 videli-

245 1147 308 1177 cet,
331 1139 418 1179 quod
443 1138 534 1167 Deus
558 1134 633 1166 velit
655 1135 817 1164 remittere
840 1140 987 1174 peccata.
1013 1134 1105 1164 Haec
1128 1134 1213 1163 enim

244 1182 419 1211 sententia.
450 1179 531 1209 haec
561 1177 714 1208 voluntas
743 1182 866 1206 tantum
890 1177 998 1206 divina
1020 1186 1104 1207 voce
1122 1186 1213 1206 reve-

245 1224 309 1255 lata
335 1230 382 1252 cst
407 1223 438 1252 in
458 1220 727 1261 promissionibus
753 1225 782 1248 et
806 1218 999 1258 Evangelio.

330 1265 442 1304 ltaque
465 1271 502 1293 ut
528 1269 652 1292 mentes
676 1261 835 1291 humanae
858 1266 996 1300 possent
1017 1259 1125 1300 aliquo
1149 1270 1215 1289 mo-

246 1308 286 1337 do
322 1307 425 1337 Deum
460 1304 722 1345 apprehendere,
767 1308 797 1332 et
828 1301 1026 1333 voluntatem
1068 1311 1215 1338 cernere,

245 1349 335 1380 Deus
360 1357 490 1387 semper
514 1346 681 1386 proposuit
707 1343 839 1384 aliquod
865 1345 998 1375 verbum
1022 1350 1053 1374 et
1083 1343 1215 1384 aliquod

246 1393 385 1431 signum.
405 1391 444 1419 ad
465 1399 548 1429 quae
567 1387 724 1418 referrent
740 1397 776 1416 se
789 1394 914 1416 mentes
926 1386 1099 1423 humanae,
1113 1392 1143 1416 et
1157 1396 1215 1425 per

246 1434 380 1463 verbum
393 1443 430 1462 ac
440 1432 567 1470 signum
580 1428 861 1469 apprehenderent
870 1428 986 1458 Deum.
1007 1428 1055 1458 lta
1067 1429 1097 1458 in
1110 1429 1214 1468 primo

246 1481 422 1515 praecepto
437 1473 555 1511 [Exod.
568 1473 621 1502 20.
635 1472 692 1509 21,
710 1470 781 1511 Ego
795 1481 865 1501 sum
878 1470 984 1507 Deus,
1001 1471 1055 1510 qui
1068 1471 1163 1501 eduxi
1181 1476 1213 1500 te

247 1518 287 1547 de
310 1524 395 1545 terra
408 1516 563 1555 Aegypti,
585 1525 704 1544 novum
728 1520 757 1543 et
778 1511 988 1543 memorabile
1007 1512 1128 1543 sactum
1140 1522 1214 1551 pro-

247 1560 347 1600 ponit.
369 1565 402 1588 ut
427 1559 542 1593 sciant.
566 1566 659 1596 quem
674 1556 779 1585 Deum
803 1556 957 1585 invocare
982 1562 1013 1585 et
1033 1553 1143 1585 colere
1161 1555 1214 1584 de-

248 1603 355 1636 beant,
379 1598 544 1629 videlicet.
578 1598 662 1628 hunc
686 1598 738 1637 qui
763 1596 926 1627 Israelitas
955 1597 1065 1628 eduxit,
1089 1606 1127 1626 ex
1152 1596 1215 1626 Ae-

248 1650 349 1683 gvpto
380 1649 409 1670 et
439 1641 503 1670 hoc
533 1641 666 1670 verbum
695 1640 741 1669 eis
771 1639 913 1669 tradidit.
958 1639 1010 1669 Ac
1038 1638 1126 1668 facta
1149 1638 1215 1678 qui-

248 1678 320 1715 dem
340 1684 446 1713 ‹unnia
469 1690 498 1712 et
524 1683 619 1723 signa
643 1682 760 1717 omina,
783 1682 965 1710 testimonia
985 1691 1024 1711 ae
1040 1682 1107 1722 typi
1123 1686 1217 1711 erant

250 1726 375 1757 venturi
399 1725 531 1755 Christi.
578 1724 679 1753 Nobis
703 1723 800 1763 igitur
822 1723 883 1753 iam
906 1722 959 1752 hic
977 1724 1047 1762 ipse
1065 1722 1215 1753 Christus

250 1775 362 1798 natus.
391 1777 531 1806 passus,
566 1765 756 1801 crucifixus,
789 1770 954 1801 mortuus,
989 1766 1216 1802 resuscitatus,

250 1810 450 1851 proponitur.
495 1809 530 1838 ln
558 1807 645 1838 huuc
668 1806 836 1837 Christum
864 1813 894 1836 et
918 1807 1055 1837 verbum
1079 1808 1148 1837 eius
1171 1807 1217 1836 in-

251 1853 332 1883 tueri
356 1851 419 1880 fide
442 1851 614 1886 debemus,
646 1850 773 1889 quoties
797 1849 891 1878 animi
915 1849 1070 1889 incipiunt
1093 1849 1216 1879 dubita-

250 1904 286 1924 re
315 1904 353 1923 ac
383 1893 566 1931 disputare,
599 1901 682 1931 quae
706 1891 747 1920 sit
769 1889 822 1920 vel
846 1895 962 1920 natura
984 1890 1060 1927 Dei,
1083 1889 1138 1922 vel
1160 1901 1217 1921 vo-

250 1935 367 1967 luntas.
394 1934 476 1964 Nam
505 1934 532 1963 si
556 1939 680 1963 mentes
704 1932 867 1962 hominum
891 1932 1009 1962 abduci
1028 1942 1066 1962 se
1089 1934 1129 1963 ab
1152 1932 1216 1962 hoc

251 1988 353 2017 scopo
378 1977 495 2006 sinent.
521 1982 551 2005 et
576 1977 780 2005 conabuntur
810 1975 880 2004 sine
903 1975 1007 2004 verbo
1034 1974 1106 2011 Dei,
1130 1975 1216 2015 cogi-

249 2019 425 2050 tationibus
447 2018 596 2048 humanis
620 2018 723 2047 metiri
742 2023 772 2047 et
785 2015 1064 2056 comprehendere
1077 2017 1216 2047 divinam

251 2067 408 2091 naturam.
438 2060 579 2090 incident
611 2060 641 2088 in
670 2059 854 2089 horrendas
878 2060 1041 2089 tenebras.
1087 2058 1216 2089 Deinde

251 2104 290 2133 de
314 2101 481 2132 voluntate
504 2102 565 2132 Dei
589 2111 643 2131 res
667 2100 808 2141 loquitur
830 2102 919 2140 ipsa.
946 2111 1012 2131 non
1035 2110 1136 2140 posse
1158 2101 1214 2131 ho-

250 2146 351 2175 mines
382 2145 452 2173 sine
473 2142 670 2183 Evangelio,
700 2150 822 2172 tantum
850 2143 966 2173 iudicio
999 2144 1132 2174 rationis
1162 2154 1215 2174 co-

251 2196 413 2227 gnoscere
432 2186 685 2215 miscricordiam
698 2185 771 2221 Dei,
789 2184 853 2214 hoc
872 2191 933 2222 est,
953 2190 1108 2223 statuere,
1128 2186 1216 2226 quod

250 2229 340 2259 Deus
372 2227 445 2258 velit
480 2228 661 2267 ignoscere.
717 2228 828 2267 Itaque
856 2226 943 2258 hune
971 2228 1093 2257 aditum
1120 2229 1215 2258 nobis

249 2270 290 2300 ad
314 2271 543 2311 agiiitioneiii⁹)
567 2269 627 2301 Dei
651 2270 802 2310 proponit
825 2269 1057 2310 Evangelium,
1088 2271 1128 2301 de
1153 2281 1216 2310 quo

250 2311 392 2351 loquitur
414 2310 545 2347 Paulus,
570 2322 641 2341 cum
665 2313 708 2342 ait
729 2312 771 2349 [l.
788 2310 864 2342 Cor.
886 2312 1005 2350 1‚·.)l.]‚
1029 2311 1110 2343 Cum
1129 2323 1217 2343 mun-

251 2354 311 2383 dus
334 2353 439 2383 Deum
469 2354 497 2381 in
527 2354 685 2393 sapientia
708 2364 771 2384 non
794 2361 991 2395 agnosceret
1015 2365 1073 2394 per
1091 2356 1218 2395 sapien-

251 2396 343 2429 tiam,
370 2394 486 2435 placuit
507 2394 579 2425 Deo
609 2406 668 2435 per
697 2395 828 2427 stultam
858 2397 1131 2436 praedicationem
1154 2396 1218 2427 sal-

251 2528 279 2557 9)
299 2528 462 2559 agnitionem]
483 2529 558 2559 Opim:
578 2531 752 2560 cognitionem.

1258 504 1434 535 Christum.
1459 511 1491 534 et,
1514 504 1769 534 misericordiam
1792 502 2059 543 apprehendunt,
2081 504 2136 541 ibi,
2160 514 2236 536 cum

1258 545 1518 576 consolationem
1537 546 1736 585 concipiunt,
1754 546 1896 575 cernitur
1908 544 1971 575 Dei
1990 546 2176 585 praesentia
2194 556 2236 578 ac

1258 589 1398 618 bonitas.
1438 588 1528 618 Haec
1552 586 1726 617 methodus
1752 598 1817 617 non
1842 587 2051 627 progreditur
2074 598 2093 618 a
2110 588 2233 628 priore,

1258 630 1321 660 hoc
1334 636 1395 667 est,
1415 632 1455 659 ab
1469 640 1589 660 areana
1602 629 1664 659 Dei
1678 636 1806 666 natura,
1825 630 1867 659 ad
1884 630 2102 669 cognitionem
2117 629 2233 662 volun-

1257 673 1343 709 tatis,
1362 673 1420 701 sed
1442 682 1461 701 a
1481 672 1668 711 cognitione
1688 671 1810 701 Christi
1828 678 1859 701 et
1877 672 2121 702 misericordiae
2139 681 2233 702 reve-

1257 713 1342 744 latae
1366 714 1397 743 in
1416 712 1597 753 Evangelio
1624 714 1665 743 ad
1690 714 1910 755 cognitionem
1933 714 2138 753 praesentiae
2157 713 2231 745 Dei.

1257 756 1350 786 Hane
1367 756 1513 786 notitiam
1526 765 1683 786 exercere
1701 761 1733 785 et
1747 756 1943 786 confirmare
1957 756 1988 785 in
2003 757 2088 786 omni
2103 756 2179 792 vita,
2199 756 2234 786 in

1258 799 1407 828 omnibus
1430 797 1597 838 periculis,
1623 798 1654 827 in
1682 798 1830 828 omnibus
1854 797 2005 837 negotiis,
2029 803 2061 828 et
2087 798 2235 829 excitare

1257 841 1396 870 animum
1416 840 1458 869 ad
1481 840 1639 876 timorem,
1664 838 1772 875 fidem,
1796 840 2035 870 invocationem
2058 838 2159 870 multo
2182 849 2233 871 re-

1258 883 1341 912 ctius
1365 887 1398 911 et
1420 880 1534 911 melius
1555 887 1617 916 est,
1640 891 1736 921 quam
1758 887 1882 911 otiosas
1902 880 2147 920 speculationes
2166 882 2235 923 agi-

1257 930 1344 961 tare,
1369 930 1399 953 et
1423 924 1520 953 rixari
1544 924 1585 953 de
1608 921 1817 953 scholasticis
1840 924 1993 964 argutiis,
2018 934 2103 964 quae
2125 929 2235 955 tamen

1257 976 1323 997 non
1342 964 1508 1006 explicant
1524 974 1678 995 arcanam
1695 971 1843 995 naturam
1855 964 1928 995 Dei.
1957 965 1999 996 Et
2016 966 2091 1005 quia
2107 965 2234 1006 plerae-

1258 1018 1321 1048 que
1344 1014 1420 1038 sunt
1442 1005 1701 1043 inextricabiles,
1731 1007 1817 1038 haud
1841 1008 1937 1038 dubie
1959 1006 2133 1039 multorum
2157 1017 2235 1038 con-

1258 1051 1412 1081 scientias
1432 1055 1629 1086 everterunt‚
1652 1059 1719 1079 non
1737 1050 1934 1080 erudierunt.
1975 1049 2234 1084 Quaremodum

1257 1102 1333 1123 esse
1355 1091 1470 1122 harum
1489 1092 1741 1131 disputationum
1764 1101 1966 1132 magnopere
1988 1093 2134 1130 prodest.

1344 1134 1385 1164 Et
1408 1140 1517 1164 tamen
1539 1139 1575 1164 ut
1596 1135 1665 1163 veri
1685 1133 1792 1164 cultus
1804 1133 1866 1163 Dei
1890 1134 2100 1171 retineantur,
2119 1144 2235 1165 neces-

1260 1186 1297 1207 se
1320 1182 1371 1206 est
1393 1182 1506 1206 tenere
1529 1176 1709 1206 sententias
1733 1176 1885 1206 divinitus
1909 1174 2073 1206 revelatas
2101 1177 2142 1207 de
2166 1177 2234 1208 uni-

1260 1224 1326 1248 tate
1349 1218 1477 1248 divinae
1499 1218 1674 1255 essentiae,
1697 1217 1738 1248 de
1762 1218 2021 1257 Omnipotentia,
2049 1218 2090 1248 de
2113 1217 2235 1250 Christi

1260 1261 1397 1296 naturis,
1421 1260 1461 1290 de
1485 1260 1606 1299 Spiritu
1629 1265 1756 1289 sancto.
1806 1260 1856 1289 Ae
1879 1260 1920 1290 de
1942 1259 1994 1289 his
2016 1261 2146 1300 quidem
2168 1269 2235 1292 non

1259 1303 1425 1332 instituam
1447 1300 1566 1343 longas
1586 1302 1839 1341 disputationes,
1868 1303 1928 1332 sed
1950 1302 2096 1333 recitabo
2118 1302 2235 1335 Eccle-

1261 1346 1330 1375 siae
1364 1343 1571 1374 Christianae
1604 1344 1809 1374 sententiam.
1864 1343 1906 1374 Et
1938 1350 1973 1374 ut
2013 1345 2235 1376 conscientiae

1260 1387 1387 1427 piorum
1411 1386 1553 1416 habeant
1576 1386 1607 1416 in
1625 1391 1778 1426 promptu
1796 1387 1993 1423 testimonia,
2017 1385 2170 1428 colligam
2186 1386 2235 1418 lo-

1261 1439 1320 1459 cos
1350 1435 1446 1469 aptos
1476 1438 1516 1458 ex
1539 1427 1745 1467 propheticis
1770 1434 1799 1458 et
1822 1427 2027 1467 Apostolicis
2050 1430 2235 1469 scripturis,

1261 1472 1314 1511 qui
1337 1469 1432 1501 simul
1451 1476 1481 1500 et
1506 1470 1700 1500 confirment
1719 1470 1826 1507 fidem,
1845 1476 1878 1500 et
1899 1471 2097 1501 admoneant
2112 1481 2174 1502 nos
2192 1472 2236 1502 de

1260 1512 1314 1543 illa
1337 1513 1483 1553 practica
1513 1513 1635 1542 notitia.
1682 1512 1817 1551 Semper
1846 1513 1928 1542 enim
1956 1513 2134 1543 meminerit
2162 1514 2234 1554 pius

1260 1554 1364 1585 lector
1393 1564 1460 1585 non
1490 1564 1566 1584 esse
1593 1555 1810 1584 resistendum
1838 1554 1870 1584 in
1901 1555 2014 1585 otiosis
2038 1554 2234 1595 speculatio-

1261 1598 1368 1634 nibus,
1392 1606 1432 1626 ac
1456 1607 1497 1628 ne
1516 1597 1651 1636 prodest
1675 1597 1802 1636 quidem
1814 1597 1846 1626 in
1867 1597 1913 1626 eis
1928 1597 2131 1628 commorari.
2167 1597 2235 1629 Sed

1262 1640 1371 1669 statim
1400 1637 1573 1669 referenda
1601 1648 1693 1669 mens
1724 1645 1773 1669 est
1798 1639 1840 1669 ad
1863 1637 2040 1676 Christum,
2063 1645 2094 1670 et
2115 1639 2159 1669 ad
2180 1650 2235 1671 co-

1262 1682 1439 1723 gnitionem
1473 1681 1733 1718 misericordiae,
1768 1688 1802 1711 ut
1836 1691 2046 1712 exerceamus
2082 1681 2179 1712 fidem
2202 1687 2236 1712 et

1261 1724 1511 1755 invocationem.
1558 1723 1602 1753 lbi
1633 1722 1753 1753 clarius
1784 1725 1969 1753 innotescet
1990 1723 2095 1760 Deus
2125 1733 2235 1763 quem—

1262 1765 1435 1797 admodum
1459 1766 1546 1795 iubet.
1562 1764 1725 1801 Christus,
1749 1772 1784 1796 ut
1807 1775 1844 1795 se
1865 1766 2061 1802 intueamur,
2084 1775 2158 1796 cum
2178 1775 2235 1805 pa—

1262 1814 1343 1838 trem
1368 1808 1564 1847 quaerimus.
1610 1807 1665 1837 Ait
1688 1808 1772 1837 enim
1797 1806 1876 1844 [loh-
1902 1807 1952 1844 14,
1971 1806 2027 1845 9·]‚
2062 1806 2125 1841 Qui
2146 1808 2235 1838 videt

1262 1860 1324 1887 me,
1350 1850 1437 1879 videt
1459 1855 1594 1889 patrem.
1642 1849 1719 1879 Item
1744 1849 1826 1887 [1011.
1853 1849 1909 1885 14,
1932 1849 1991 1887 6.]‚
2019 1849 2124 1880 Nemo
2146 1849 2235 1880 venit

1262 1893 1302 1922 ad
1331 1897 1472 1930 patrem,
1507 1891 1568 1921 nisi
1598 1901 1656 1930 per
1678 1902 1739 1922 me.
1784 1891 1826 1921 Et
1848 1890 1963 1921 Matth.
1989 1891 2039 1921 11.
2064 1893 2126 1928 [vs.
2146 1891 2233 1929 27.ss

1262 1934 1365 1964 Nemo
1396 1934 1485 1963 novit
1516 1933 1614 1963 filium
1643 1934 1705 1963 nisi
1727 1933 1836 1969 Pater.
1866 1943 1972 1973 neque
1994 1932 2125 1964 Patrem
2147 1933 2234 1974 quis—

1262 1985 1358 2016 quam
1394 1977 1482 2006 novit
1516 1976 1578 2005 nisi
1607 1974 1709 2011 filius,
1745 1982 1775 2005 et
1800 1976 1850 2006 cui
1873 1975 2012 2006 voluerit
2033 1974 2119 2006 filius
2141 1985 2233 2006 reve-

1260 2017 1340 2048 lare.
1656 2021 1663 2025 ”

1498 2108 1622 2143 QUOD
1646 2108 1764 2139 UNUS
1783 2108 1850 2139 SIT
1868 2109 1996 2140 DEUS.

1346 2184 1596 2224 Descriptiones
1624 2185 1686 2215 Dei
1713 2186 1837 2224 passim
1860 2191 1970 2215 extant
1993 2186 2024 2215 in
2049 2185 2232 2225 seripturiS,

1262 2236 1345 2268 quae
1368 2226 1526 2257 collectae
1549 2227 1766 2257 definitionem
1790 2226 1943 2258 efficiunt.
1972 2226 2126 2258 Testatur
2148 2227 2231 2257 enim

1262 2270 1442 2308 scriptura,
1470 2268 1573 2299 Deum
1598 2280 1674 2300 esse
1698 2270 1912 2300 substantiam
1943 2267 2151 2308 spiritualem.
2176 2268 2231 2299 Sic

1263 2311 1415 2341 Christus
1449 2312 1545 2351 inquit
1585 2311 1666 2348 [loli.
1701 2313 1732 2347 4,
1768 2312 1846 2349 ⁵244,
1880 2311 1971 2341 Deus
2006 2318 2058 2342 est
2086 2311 2228 2351 spiritus.

1262 2353 1383 2383 Tribuit
1409 2354 1437 2383 ei
1460 2354 1697 2391 aeternitatem.
1726 2353 1881 2383 infinitam
1904 2354 2097 2393 potentiam,
2128 2352 2230 2383 infini-

1263 2402 1328 2425 tam
1351 2396 1551 2435 sapientiam,
1576 2395 1730 2426 infinitam
1754 2396 1943 2432 bonitatem,
1967 2395 2120 2425 infinitam
2143 2395 2229 2426 iusti-

1263 2438 1349 2474 tiam,
1374 2437 1529 2467 infinitam
1548 2438 1811 2468 misen'cordiam.
1856 2436 1959 2467 Porro
1984 2437 2166 2468 substantia
2184 2437 2228 2467 in-

1262 2478 1426 2520 telligatur
1448 2479 1501 2509 hie
1525 2489 1589 2509 non
1613 2480 1688 2519 quia
1710 2485 1873 2510 sustentat
1894 2480 2087 2515 accidentia,
2105 2489 2179 2509 nam
2197 2479 2228 2508 in

1263 2521 1334 2551 Deo
1364 2521 1443 2551 nihil
1473 2528 1523 2552 est
1555 2522 1721 2552 caducum.
1769 2521 1957 2552 Substantia
1987 2520 2149 2562 significat
2175 2519 2227 2551 hic
