2358 2933
215 118 276 149 251
841 118 951 149 Pffll..
974 117 1077 148 MEL.
1101 117 1285 150 SCRIPTA
1307 117 1583 150 DOGMATICA.
2147 119 2208 150 252

217 211 393 240 abhorrente
422 212 458 239 ab
493 211 673 239 humanitate
696 221 731 239 ac
755 211 958 239 moderatione
981 221 1091 248 genere
1114 215 1172 240 tam
1197 211 1324 240 docendi
1348 222 1435 250 quam
1459 212 1577 240 vivendi
1602 221 1688 250 spem
1712 211 1942 240 existimationis
1966 210 2094 240 alicuius
2118 211 2208 240 collo-

218 254 333 281 cabant.
361 255 392 288 *)

372 310 448 340 luter
467 321 571 339 onmes
591 311 790 340 adversarios.
811 322 889 348 quos
908 315 1011 340 auctor
1035 311 1083 340 his
1103 313 1189 340 novis
1216 312 1308 341 Editt.
1333 313 1488 350 suscepit.
1512 311 1752 340 molestissimus
1777 312 1831 340 suit
1851 310 2048 340 conradus
2069 310 2209 341 Corda—

217 360 278 383 tus
304 354 554 384 Aiistria1=11s”).
580 354 628 390 qui
649 354 676 380 in
698 353 775 381 hunc
795 352 900 381 librum
920 353 996 382 adeo
1017 354 1265 392 exasperabatur,
1292 358 1323 382 ut
1341 365 1408 382 eum
1429 355 1577 382 abiectum
1597 354 1728 392 pedibus
1752 353 1962 391 calcaretstffi)
2006 354 2116 383 Harum
2136 355 2209 384 rixa-

217 407 278 425 rum
298 397 334 423 ab
355 396 413 424 isto
434 395 624 423 excitaturum
645 395 798 423 historiam
819 396 895 424 satis
915 395 1033 433 longam
1047 395 1076 423 h.
1089 395 1110 424 l.
1126 397 1240 426 omitto.
1261 406 1387 433 eosque.
1407 397 1457 434 qui
1478 397 1515 424 de
1536 396 1596 424 illis
1615 397 1757 425 certiores
1779 396 1839 424 lieri
1859 397 1990 434 cupiunt,
2010 397 2046 424 ad
2066 396 2208 425 Strobelii

225 439 357 469 t'ersucle
381 441 471 467 einer
494 438 564 467 Litt.
592 438 700 467 Gesch.
725 442 781 466 etc.
801 447 830 475 p.
852 439 1020 466 97-112.
1050 442 1079 466 et
1109 437 1225 466 huncce
1244 438 1365 466 librum:
1398 440 1456 469 Die
1478 439 1762 477 handscltriftle'che
1788 439 1971 469 Gescln'clzte
1993 439 2211 469 Batzeber-

213 482 321 518 ye’r's
356 481 433 509 {Iber
456 480 574 509 Lullwr
608 481 674 509 mid
705 483 794 510 selue
817 481 888 510 Ze1't
917 483 976 510 mi!
995 481 1083 510 Anm.
1113 481 1260 519 lterausy.
1295 490 1353 510 ron
1380 480 1452 511 Chr.
1479 482 1577 511 Golllz.
1600 482 1787 511 Neudeclser
1821 478 1905 518 (lena
1931 481 2021 508 1850.
2047 482 2090 517 δ’.)
2113 490 2142 518 p.
2169 482 2208 510 80

216 532 296 559 sqq..
320 529 409 558 :uque
433 520 637 549 Melanthonis
662 521 810 560 epistolas
833 523 919 550 annis
946 524 1037 550 1530.
1061 526 1090 550 et
1118 525 1207 551 1537.
1232 523 1378 559 scriptas,
1403 532 1479 559 quae
1511 524 1538 550 in
1563 522 1653 551 huius
1678 521 1768 560 Corp.
1793 521 1865 550 Vol.
1890 520 1938 550 Ill.
1970 526 2104 554 exstant.
2136 523 2210 551 inter

216 574 291 602 quas
316 565 402 591 etiam
427 563 529 601 plures
554 568 582 592 et
601 573 619 591 a
642 562 772 592 cordato
796 568 824 592 et
849 564 886 592 ad
909 574 975 592 eum
999 565 1130 602 scriptae
1152 563 1291 601 leguntur
1314 565 1394 599 (vide
1418 574 1446 602 p.
1476 567 1543 593 161.
1568 574 1615 602 sq.
1642 567 1701 593 206
1726 574 1793 602 sqq.
1820 566 2023 600 341—354.)‚
2047 564 2165 601 delego.

367 621 441 650 Post
477 622 554 650 hunc
588 632 712 660 magnas
747 622 905 651 molestias
929 623 1114 651 Melanthoni
1150 623 1261 661 paravit
1284 621 1444 651 lacobus
1468 622 1662 656 thenck,
1699 622 1868 661 discipulus
1892 623 1976 656 eius.
2009 623 2078 651 inde
2100 623 2137 651 ab
2161 632 2208 651 an.

218 667 308 694 1536.
340 664 540 693 soncionator
562 665 680 693 aulicus
704 664 883 702 Freibergae
908 666 935 693 in
959 665 1081 693 Misnia.
1105 675 1192 702 quam
1217 675 1337 693 causam
1362 664 1413 692 ille
1436 664 1558 693 Brentio
1583 675 1640 693 suo
1664 666 1692 693 in
1716 666 1805 703 epist.
1830 665 1858 693 d.
1884 665 1944 693 sere
1971 667 2018 693 16.
2040 663 2094 693 lul.
2118 667 2208 694 1537.

215 706 320 745 (Corp.
347 705 394 735 lll.
419 717 448 745 p.
475 710 535 737 390
556 710 618 745 sq.)
638 708 766 736 breviter
788 708 834 735 sic
858 711 967 735 narrat:
995 707 1104 735 .·-Alius
1128 707 1323 745 Sycophanta
1347 707 1568 745 FrIberyeyzsiS
1591 717 1638 735 me
1661 708 1839 745 gravissime
1873 708 2025 736 accusavit
2048 706 2126 744 apud
2148 705 2208 735 Du-

215 760 278 778 cem
303 750 452 778 Saxoniae
476 749 664 778 Electorem.
699 754 854 788 propterea
886 750 966 786 quod
1000 750 1198 786 interrogatus
1221 750 1258 777 ab
1283 750 1350 786 ipso
1375 749 1402 776 in
1426 749 1550 786 privatis
1573 748 1681 782 literis,
1717 749 1754 777 de
1776 758 1834 777 usu
1858 759 1970 777 coenae
1992 749 2115 778 Domini
2139 749 2209 778 inte-

215 801 294 829 grae.
319 792 460 830 respondi
486 793 513 820 in
538 793 650 830 privata
674 791 825 830 Epistola.
849 796 988 829 tanquam
1013 792 1109 819 amico
1133 794 1163 819 et
1186 791 1311 819 auditori
1347 794 1449 818 nostro
1472 791 1571 818 minus
1594 790 1797 824 vehementer,
1823 800 1908 828 quam
1934 792 2001 829 ipse
2024 790 2128 819 voluit.
2174 789 2209 818 Si

215 838 312 862 tamen
337 834 440 862 voluit.
487 834 562 862 Nam
588 834 624 862 ad
648 844 695 862 me
718 838 829 862 tantum
854 844 890 861 eo
914 834 1048 871 scripsit,
1072 836 1103 861 ut
1127 833 1253 861 insidias
1277 832 1347 860 mihi
1372 835 1529 860 strueret-»2
1575 830 1623 860 De
1647 833 1750 860 eadem
1775 842 1805 860 re
1829 834 1952 871 scripsit
1974 832 2047 862 Vito
2072 831 2210 862 Theodo-

215 887 245 904 ro
275 879 320 904 lo.
346 877 436 913 Aug..
464 879 512 904 1³.
536 876 633 914 Sept..
662 878 708 904 12.
735 876 803 904 Oct.
828 880 857 903 et
883 877 931 904 25.
954 875 1031 903 Nov.
1059 877 1149 903 1537.
1175 873 1278 912 (Corp.
1304 873 1349 902 lll.
1374 883 1401 912 p.
1427 875 1487 901 404
1511 883 1558 911 sq.
1583 875 1644 902 410
1669 884 1716 912 sq.
1742 875 1801 904 426
1826 884 1873 912 sq.
1899 876 1957 903 45⁶2
1982 877 2055 912 sq.).
2078 875 2129 902 Ad
2141 884 2209 902 eun-

215 918 282 946 dem
307 918 509 946 Scheuckium
534 922 650 956 spectat
674 919 762 947 etiam
786 917 860 946 Mel.
884 917 1074 946 Declamatio
1099 917 1136 945 de
1160 916 1370 954 ingratitudine
1394 915 1492 943 cuculi
1512 914 1617 953 (Corp.
1641 914 1694 945 XI.
1719 926 1748 954 p-
1775 918 1834 945 335
1859 919 1952 954 sqq.).
2009 916 2096 945 Cous.
2121 917 2212 944 etiam

216 958 369 998 srucigeri
397 960 432 989 ad
457 959 561 989 Vitum
586 960 777 989 Theodorum
803 961 893 998 epist.
918 960 946 988 d.
973 962 1000 988 4.
1025 960 1105 997 Aug.
1133 961 1224 988 1537.
1245 959 1331 997 (ibid.
1355 968 1384 996 p.
1406 959 1465 987 396
1491 960 1575 996 sqq.)
1600 961 1629 986 et
1652 957 1783 987 Strobel.
1809 958 1829 986 l.
1855 958 1876 986 l.
1900 968 1929 996 p.
1957 960 2133 987 112—114.

361 1020 482 1048 Tertius
506 1020 695 1049 adversarius
708 1019 894 1048 Melanthoni
919 1022 1023 1057 (atque
1035 1018 1183 1055 Luthero)
1207 1018 1323 1046 exstitit
1346 1016 1536 1045 lohannes
1559 1017 1745 1055 Agricola
1767 1016 1910 1050 1slehius,
1935 1017 1985 1055 qui
2010 1016 2092 1045 illius
2109 1016 2209 1050 laude,

216 1072 302 1101 quam
327 1063 415 1090 bonis
439 1063 580 1091 tribuerat
604 1063 757 1101 operibus.
783 1063 822 1090 ita
846 1061 1019 1094 irritabatur,
1043 1065 1074 1090 ut
1098 1061 1227 1089 diceret:
1251 1070 1288 1088 ex
1300 1059 1430 1087 Diabolo
1454 1062 1546 1087 ortam
1570 1069 1643 1087 esse
1666 1059 1741 1087 hanc
1764 1069 1883 1087 vocem:
1907 1060 2000 1089 Bona
2021 1068 2120 1098 opera
2137 1063 2214 1089 sant

215 1108 401 1135 necessaria
424 1104 505 1142 (vide
529 1103 601 1133 Mel.
627 1103 726 1142 Epist.
750 1103 1009 1132 ad.Matthesium
1032 1104 1061 1131 d.
1090 1106 1137 1132 18.
1161 1104 1240 1139 Aug.
1268 1104 1369 1133 1559..
1394 1102 1422 1129 in
1446 1101 1536 1129 huius
1560 1099 1650 1140 Corp.
1674 1100 1745 1129 Vol.
1770 1100 1823 1129 IX.
1849 1111 1875 1139 p.
1901 1101 1998 1138 9020.
2054 1099 2086 1128 ln
2108 1100 2208 1138 Epist.

215 1147 253 1175 ad
277 1146 429 1175 Brentium
465 1146 526 1175 sere
564 1151 610 1176 10'.
635 1146 688 1175 lul.
718 1148 808 1175 1537.
833 1146 901 1174 data
920 1144 1025 1183 (Corp.
1050 1144 1099 1173 Ill.
1123 1155 1152 1183 p.
1179 1147 1239 1173 390
1263 1146 1326 1182 sq.)
1360 1143 1479 1172 duobus
1506 1143 1566 1171 illis
1590 1143 1738 1181 prioribus
1762 1143 1943 1171 adversariis
1966 1143 2148 1176 memoratis,
2172 1142 2210 1170 de

216 1190 272 1218 hoc
295 1190 382 1218 tertio
407 1190 509 1218 scribit
534 1189 661 1217 haecce:
699 1188 807 1217 --Alius
831 1192 919 1226 negat
943 1189 970 1216 in
995 1188 1138 1217 Ecclesia
1161 1186 1328 1215 docendum
1352 1196 1425 1214 esse
1448 1185 1636 1223 decalogum,
1662 1185 1776 1223 colligit
1798 1185 1865 1214 loca
1887 1194 1960 1223 pura
1982 1188 2012 1213 et
2035 1185 2149 1222 impura
2172 1184 2210 1212 de

215 1231 373 1268 decalogo.
398 1242 435 1261 ex
458 1233 590 1262 Lulhere?
612 1236 641 1260 et
664 1232 742 1260 meis
767 1231 899 1269 scriptis,
924 1240 1012 1268 quem
1035 1231 1193 1261 Lutherus
1215 1229 1272 1257 hac
1295 1229 1439 1256 concione
1463 1228 1663 1266 reprehendit,
1688 1237 1775 1265 quam
1800 1228 1853 1256 tibi
1876 1228 1972 1255 mitto.
1998 1245 2037 1248 —
2059 1226 2126 1264 Ego
2151 1235 2209 1254 non

217 1274 378 1302 dissimulo
412 1284 460 1302 me
494 1278 631 1302 conatum
665 1284 749 1307 esse,
784 1277 816 1301 ut
850 1273 998 1311 quaedam
1024 1273 1198 1310 mitigarem,
1233 1275 1264 1299 et
1298 1270 1396 1298 iudico
1431 1280 1509 1308 opus
1533 1270 1642 1298 fuisse.
1686 1269 1752 1298 Nec
1776 1270 1895 1307 ignoro,
1932 1272 2073 1306 qnantum
2101 1278 2137 1296 ea
2159 1277 2210 1296 res

216 1316 287 1345 mihi
322 1317 473 1354 pepererit
507 1316 650 1345 odiorum.
686 1326 763 1354 quae
796 1319 894 1344 tamen
929 1325 996 1343 mea
1029 1314 1232 1343 moderatione
1266 1318 1366 1350 tego&
1414 1310 1501 1340 Cous.
1529 1313 1618 1341 etiam
1652 1312 1719 1340 eius
1757 1312 1847 1350 epist.
1883 1310 1920 1339 ad
1944 1308 2146 1339 camerarium
2180 1309 2211 1338 d.

218 1362 266 1387 11.
302 1359 372 1387 Oct.
408 1361 497 1388 1537.
543 1357 648 1397 (Corp.
673 1357 721 1386 ΠΙ.
757 1368 785 1396 p.
817 1359 903 1394 420.)
928 1360 957 1385 et
980 1357 1017 1385 ad
1040 1356 1145 1385 Vitum
1170 1355 1360 1384 Theodorum
1381 1354 1409 1382 d.
1438 1356 1484 1383 1-2.
1510 1353 1580 1383 Oct.
1605 1357 1635 1382 et
1660 1355 1706 1382 25.
1731 1353 1809 1382 Nov.
1838 1356 1927 1382 1537.
1947 1353 2036 1380 modo
2059 1351 2211 1384 laudatae,

215 1405 305 1438 atque
329 1411 380 1434 ea.
417 1411 493 1439 quae
518 1401 708 1430 Camerarius
744 1401 772 1429 in
795 1401 855 1428 vita
878 1399 950 1428 Mel.
975 1409 1004 1438 p.
1031 1401 1087 1428 167
1114 1408 1159 1436 sq.
1183 1398 1229 1427 ed.
1255 1396 1384 1426 Strobel.
1409 1396 1446 1425 ad
1469 1406 1494 1425 a.
1522 1398 1611 1425 1537.
1635 1396 1719 1425 affert
1742 1396 1779 1424 de
1804 1394 1961 1424 calumniis
1984 1393 2211 1427 malevolorum,

216 1444 326 1481 quibus
350 1443 524 1472 Melanthon
548 1443 717 1472 vexabatur.

364 1503 448 1532 Haec
472 1502 510 1531 de
535 1502 636 1531 harum
659 1502 752 1531 Editt.
777 1501 904 1530 historia
926 1501 1156 1539 praemonuisse
1179 1499 1317 1528 sufficiat.
1350 1496 1531 1535 Priusquam
1555 1507 1625 1525 vero
1649 1496 1707 1525 hos
1726 1495 1830 1524 Locos
1853 1495 1982 1528 medi0S,
2007 1496 2116 1533 quales
2138 1494 2214 1524 inde

216 1549 254 1579 ab
277 1558 304 1578 a.
329 1549 409 1577 1535
432 1554 530 1584 usque
553 1547 597 1576 acl
617 1555 645 1575 α.
668 1547 753 1575 1541.
777 1554 797 1574 a
819 1544 1019 1575 ,llelantlzone
1042 1544 1120 1573 editi
1141 1546 1223 1581 sunt,
1246 1549 1458 1579 proponamus.
1484 1539 1581 1577 magni
1600 1539 1741 1567 momenti
1765 1541 1813 1566 est
1837 1547 1903 1570 eos,
1927 1539 2037 1576 quales
2059 1540 2213 1566 auctora.

215 1593 307 1622 1533.
335 1590 502 1628 praeleyz't,
526 1588 558 1624 †)
592 1591 739 1625 quotquot
762 1589 936 1624 supersunt.
961 1585 1075 1618 afferre,
1100 1595 1137 1613 ex
1161 1584 1271 1621 quibus
1294 1583 1388 1611 lector
1412 1584 1584 1619 cognoscat,
1609 1590 1685 1619 quae
1709 1580 1761 1608 illo
1783 1580 1927 1618 temporis
1952 1578 2107 1607 intervallo
2130 1587 2212 1616 prae-

216 1632 338 1661 lectioni
375 1630 560 1668 editionique
596 1630 749 1658 interiecto
784 1629 821 1657 ab
856 1638 891 1656 eo
915 1631 1027 1656 mutata
1050 1628 1118 1656 sint.
1163 1626 1218 1655 Illa
1241 1625 1361 1664 quidem
1385 1623 1548 1661 praelectio
1572 1633 1629 1651 non
1655 1626 1755 1651 exstat
1777 1623 1899 1659 integra,
1924 1621 1981 1649 sed
2003 1624 2115 1650 tantum
2138 1619 2212 1658 frag-

217 1679 315 1703 menta
338 1675 365 1702 in
390 1672 505 1701 Codice
529 1672 685 1701 chartaceo
710 1675 805 1700 octon.
850 1670 1061 1699 Bibliothecae
1084 1669 1200 1707 Regiae
1223 1667 1444 1699 Be1·olinensiS‚
1469 1667 1607 1703 signato:
1632 1664 1694 1699 „10.
1718 1663 1923 1702 Bugenhagen
1948 1662 2096 1691 Pommer.
2120 1661 2214 1690 Manu

218 1719 319 1755 script.
345 1715 516 1753 theologica
538 1714 596 1743 vol.
623 1718 649 1743 3.
675 1733 715 1736 -
739 1713 798 1742 ΜΕ..
822 1712 915 1743 theol.
939 1712 989 1741 lat.
1015 1712 1082 1741 Oct.
1109 1713 1177 1740 42...
1225 1710 1282 1739 Hic
1306 1710 1382 1737 enim
1408 1709 1540 1737 continet
1574 1707 1738 1745 fragmenta
1774 1710 1804 1739 1)
1828 1708 1982 1737 Locorum
2004 1707 2215 1736 communium

217 1762 296 1791 Phil.
319 1761 388 1790 Mel.
412 1767 508 1788 mauu
530 1758 735 1788 Pommeram'
755 1759 872 1795 script„
904 1756 935 1792 2)
960 1753 1172 1783 Commentarii
1196 1754 1224 1781 in
1248 1751 1268 1780 1.
1295 1750 1363 1780 Cor.
1387 1749 1430 1779 XI
1452 1750 1529 1778 med.
1551 1748 1677 1778 —XVI
1702 1749 1749 1777 fin.
1774 1748 1839 1776 ead.
1864 1758 1951 1776 manu
1975 1748 2076 1785 script.
2100 1745 2173 1774 Illos
2196 1755 2214 1774 a

217 1802 330 1831 Maur.
358 1800 525 1837 Roedige
536 1810 572 1827 ro
607 1810 644 1828 ex
678 1799 736 1828 hoc
759 1797 873 1827 Codice
908 1797 1080 1835 descriptos
1113 1800 1142 1824 et
1176 1793 1416 1823 annotationibus
1441 1793 1605 1821 instructos
1629 1802 1706 1820 nunc
1728 1791 1822 1819 Locis
1846 1790 1954 1818 mediis
1978 1799 1995 1817 a
2017 1788 2214 1817 Melanthone

219 1845 309 1873 editis
333 1843 560 1881 praemittimus.
604 1841 680 1870 Loci
704 1840 877 1879 Scripturae
901 1839 932 1867 S.
955 1840 1041 1867 uncis
1066 1838 1175 1867 inclusi
1198 1838 1226 1865 in
1250 1836 1309 1865 ΜΞ.
1333 1845 1390 1863 non
1414 1835 1562 1872 leguntur.
1587 1834 1643 1863 sed
1667 1835 1703 1862 ab
1727 1833 1842 1861 editore
1865 1832 1956 1860 additi
1980 1835 2057 1859 sunt.

322 1991 350 2019 ’1
374 1990 434 2015 Vide
453 1988 561 2013 eandem
581 1986 653 2016 epist.
673 1985 705 2010 ad
725 1985 850 2009 Camerar.
870 1983 892 2008 d.
912 1985 952 2008 30,
969 1984 1022 2008 Iun.
1046 1984 1109 2007 1536
1128 1984 1152 2006 et
1172 1980 1310 2006 camerarii
1327 1979 1403 2017 vitam
1423 1979 1479 2003 Mei.
1496 1983 1519 2008 p.
1540 1978 1586 2002 159
1606 1983 1642 2006 sq.
1664 1976 1705 2000 ed.
1724 1974 1965 2014 Strobel.-Nonnulli
1983 1974 2059 2012 etiam
2078 1974 2217 2012 opinaban-

374 2028 414 2049 tur
432 2023 619 2048 Melanthonem
647 2020 679 2044 ad
698 2019 835 2049 Papisticos
860 2024 918 2042 esse
949 2017 1119 2046 defecturum,
1145 2021 1255 2046 eumque
1287 2013 1382 2038 ambire
1413 2009 1527 2041 galerum
1547 2013 1742 2041 purpuratorum
1761 2010 1914 2039 Dontlhcum,
1933 2008 1998 2033 conf.
2018 2014 2073 2032 ems
2092 2010 2164 2038 epist.
2183 2007 2216 2032 ad

376 2059 476 2082 Camer.
495 2057 518 2081 d.
538 2055 624 2080 Martio
645 2054 718 2078 1544.
741 2053 826 2083 (Corp.
839 2053 864 2076 V.
883 2058 905 2081 p.
924 2052 1005 2081 332).

308 2110 347 2136 ’ἣ
376 2110 418 2134 Hic
435 2109 544 2138 primum
564 2106 611 2130 fuit
629 2105 795 2129 concionator
812 2103 903 2127 Mariae
924 2102 1033 2130 Reginae
1051 2100 1207 2129 Hungariae.
1236 2101 1288 2137 tum
1311 2097 1369 2135 exui
1388 2097 1470 2135 sactus
1489 2103 1513 2120 a.
1536 2096 1617 2124 1528„
1637 2094 1760 2120 suadente
1779 2094 1897 2121 Luthero,
1916 2093 2004 2117 Pastor
2022 2092 2216 2117 zwickaviensis

375 2143 400 2167 in
417 2142 505 2167 Misnia
523 2148 545 2165 a.
566 2140 646 2167 1529..
663 2142 752 2169 postea
771 2138 795 2161 in
814 2138 895 2161 locum
915 2136 1010 2161 Wicelii
1027 2136 1131 2159 vocatus
1150 2134 1239 2159 Pastor
1256 2139 1281 2157 in
1300 2131 1390 2161 oppido
1408 2130 1533 2155 Memeck.

294 2195 346 2220 ⁸⁰!
373 2193 433 2217 Vide
453 2193 509 2216 Mel.
529 2191 661 2221 epistolam
682 2189 713 2213 ad
732 2188 859 2212 Brentium
880 2187 934 2211 sere
958 2188 993 2211 16.
1012 2186 1057 2210 lul.
1081 2186 1151 2209 1537.
1170 2184 1255 2208 datam
1276 2182 1360 2211 (Corp.
1378 2182 1414 2205 111.
1432 2187 1455 2211 p.
1473 2180 1551 2207 390).

326 2244 355 2270 ὲ)
382 2243 451 2267 Cous.
473 2243 528 2266 Mei.
549 2242 673 2271 Epistulae
693 2240 724 2264 ad
744 2240 871 2264 Brentium
892 2238 914 2261 d.
935 2238 996 2261 Iulio
1018 2237 1089 2261 1533.
1107 2236 1178 2259 locus
1197 2235 1246 2258 iam
1267 2238 1342 2262 supra
1362 2238 1383 2261 p.
1398 2232 1444 2256 231
1466 2237 1502 2261 sq.
1516 2231 1620 2255 allatus:
1640 2227 1803 2268 ..Pr51eleyo
1822 2234 1900 2268 7z-unc
1919 2229 2027 2266 iterum
2047 2226 2128 2251 locos
2137 2232 2216 2251 com-

332 2265 336 2274 *
380 2283 491 2304 munes,
512 2278 543 2298 ut
562 2282 667 2298 novam
691 2273 847 2298 editionem
870 2274 958 2303 atque
977 2268 1213 2294 emendationem
1234 2266 1388 2291 mlornem.
1404 2279 1435 2282 -—
1472 2265 1505 2289 Ex
1524 2265 1570 2289 hac
1588 2264 1758 2293 praelectione
1778 2270 1799 2288 a.
1820 2264 1891 2287 1033.
1911 2262 1996 2286 habita
2014 2261 2124 2286 fortasse
2144 2262 2215 2285 ortus

378 2314 418 2335 est
436 2316 507 2335 error
525 2315 621 2338 eorum,
640 2310 681 2338 qui
700 2309 745 2332 hos
756 2307 835 2332 Locos
853 2306 903 2330 iam
923 2306 969 2330 hoc
987 2310 1053 2329 anno
1073 2304 1104 2328 ab
1124 2305 1225 2327 auctore
1245 2301 1326 2325 editos
1345 2305 1404 2323 esse
1424 2299 1519 2328 opinati
1537 2301 1595 2323 sunt
1616 2298 1685 2327 (vide
1705 2302 1782 2327 supra
1800 2303 1824 2326 p.
1845 2297 1890 2320 231
1912 2297 1971 2326 sq).
