2358 2933
147 104 212 137 929

233 197 273 228 Et
297 198 485 229 ratiocinari
508 196 656 228 similiter
669 208 710 229 ex
732 198 1008 239 promissionibus
1022 202 1054 227 et
1078 207 1132 227 ex-

146 240 262 282 emplis
287 240 474 270 firmissime
497 250 687 280 possumus,
710 241 742 271 in
763 241 880 282 quibus
899 238 953 269 hic
971 239 1131 270 articulus

148 284 190 314 de
212 288 348 314 aeterna
369 283 439 313 vita
463 283 557 323 quasi
580 282 749 314 involutus
773 288 841 318 est3
875 281 919 312 Ut
942 281 1037 312 Deus
1057 292 1132 322 pro-

148 325 236 357 misit
259 335 297 355 se
319 330 527 355 servaturum
550 335 626 356 esse
641 325 809 356 Abraham
833 331 864 355 et
888 322 974 354 alios
987 323 1132 355 Sanctos

149 367 289 406 [Genes.
311 367 362 405 15,
387 368 447 405 Ll:
481 367 554 409 Ego
583 378 656 398 511111
679 373 850 408 protector
873 372 947 396 tuus
979 372 1042 396 616.
1088 366 1131 396 Α1

149 411 256 441 sancti
279 410 312 440 in
334 409 398 440 hac
420 410 488 440 vita
515 416 591 441 sunt
615 409 824 440 afflictissimi
848 415 880 439 et
903 409 1055 439 videntur
1078 410 1132 439 de-

149 453 247 489 serti,
282 462 356 482 cum
391 458 500 482 tamen
523 463 602 483 vere
626 462 726 483 curae
749 453 813 482 sint
836 451 921 481 Deo.
968 450 1059 493 Ergo
1083 461 1132 482 re·

149 500 216 525 stat
238 493 301 525 alia
324 496 391 525 1113
414 500 447 525 et
468 496 588 536 ingens
613 494 738 536 gloria,
773 504 837 534 qua
861 492 1133 534 glorificabuntur

149 543 225 578 post
259 537 346 567 hanc
380 539 492 574 vitam,
526 538 559 568 in
593 547 690 578 quam
723 537 888 567 intuentes
924 538 1070 577 cogitent
1084 538 1130 577 33)

150 589 263 610 omnes
297 580 444 617 1111111135,
478 589 673 615 aemmnas,
698 578 901 610 calamitates
922 586 1132 610 contemnen-

150 622 210 653 das
245 632 321 653 esse
356 628 389 653 et
416 621 506 652 nullo
540 622 638 652 modo
663 620 884 652 conferendas
908 622 950 652 ad
972 621 1053 653 illud
1086 622 1132 653 in·

150 674 234 706 gens
258 665 446 705 praemium.

236 706 314 737 Item
337 707 369 736 in
392 707 496 747 prima
520 707 681 737 concione
705 707 823 738 dicitur
843 706 926 737 Gen.
940 707 971 737 4.
991 710 1054 744 [vs.
1070 707 1132 745 7.]:

150 748 186 779 Si
210 748 431 786 benefeceris,
457 750 611 789 recipies3
646 749 681 780 Si
706 748 791 779 male
814 750 935 791 egeris,
959 756 1134 790 peccatum

150 797 240 822 tuum
275 792 435 832 quiescet,
471 792 577 823 1101166
611 791 822 823 revelabitur.
869 792 960 834 Ergo
994 802 1134 823 necesse

150 840 201 864 est
225 840 353 864 restare
376 833 473 866 aliam
496 835 607 872 vitam,
630 836 663 865 in
686 845 749 875 qua
773 833 858 865 Abel
883 836 1016 875 recipiat
1040 844 1134 876 prae—

149 877 258 907 mium.
305 876 460 918 Sequitur
494 884 526 908 et
561 877 636 914 hoc,
672 883 800 908 restare
823 876 958 918 aliquod
981 878 1134 908 iudicium

150 920 294 950 omnium
324 926 536 960 peccatorum
567 926 664 961 atque
686 919 818 950 illorum
843 921 957 957 etiam,
993 930 1079 961 quae
1102 920 1135 950 in

149 961 212 992 1136
236 962 303 992 vita
325 972 392 993 non
417 969 492 993 sunt
516 964 639 1002 punita.
681 963 721 992 Et
745 961 841 993 huius
866 961 1065 993 universalis
1089 963 1134 992 iu-

150 1004 224 1035 dicii
243 1003 428 1044 exemplum
453 1011 503 1035 est
527 1004 697 1042 diluvium,
721 1006 798 1036 item
812 1005 1032 1036 Sodomorum
1057 1015 1134 1035 con-

149 1046 303 1088 flagratio
325 1054 358 1078 et
383 1047 507 1078 similes
530 1047 700 1087 historiae,
736 1048 824 1088 quod
849 1047 941 1078 Deus
965 1046 1054 1078 haud
1077 1048 1134 1077 du-

149 1090 203 1120 bie
223 1090 398 1130 puniturus
421 1091 461 1120 511
487 1091 630 1121 omnium
654 1096 801 1130 peccata.

236 1131 316 1162 Item
349 1133 454 1172 prima
477 1133 654 1173 promissio
678 1132 762 1163 Gen.
787 1133 815 1163 3.
841 1136 907 1171 [VS.
933 1132 998 1170 15.]
1023 1133 1134 1162 vatici-

150 1180 246 1205 natur
269 1175 309 1204 de
332 1174 498 1206 abolendo
522 1185 628 1217 regno
653 1174 797 1213 Diaboli,
821 1175 885 1206 hoc
910 1182 972 1212 est,
996 1175 1037 1204 de
1055 1175 1134 1204 abo·

149 1216 248 1248 lendo
278 1224 418 1257 peccato
449 1224 480 1247 et
503 1224 618 1248 morte.
664 1217 755 1258 Ergo
778 1224 895 1248 natura
919 1216 1060 1248 hominis
1085 1227 1134 1247 re-

149 1260 335 1290 novabitur.
370 1259 410 1289 Et
434 1259 533 1290 Iacob
557 1260 756 1290 vaticinatur
779 1261 819 1290 de
833 1259 1010 1290 Salvatore
1033 1260 1134 1289 omni-

149 1312 203 1332 um
228 1302 393 1339 Gentium,
414 1312 512 1342 quem
546 1300 776 1343 intelligebant
811 1302 928 1332 Patres
963 1308 1134 1333 auctorem

149 1342 222 1375 fore
245 1354 311 1375 non
336 1343 473 1375 alicuius
499 1343 683 1384 corporalis
707 1345 812 1385 regni,
848 1345 907 1375 sed
930 1345 1072 1376 iustitiae
1102 1350 1133 1375 et

148 1387 237 1418 vitae
271 1392 437 1417 aeternae.
482 1387 651 1418 Videbant
684 1387 872 1418 Ecclesiam
901 1388 933 1417 in
968 1386 1031 1417 hac
1067 1388 1132 1417 vita

148 1428 292 1460 futuram
326 1430 358 1459 in
388 1428 534 1470 reliquiis
558 1430 688 1470 peccati
711 1436 743 1460 et
766 1429 1018 1467 afflictionibus,
1049 1430 1133 1460 sicut

149 1472 299 1503 viderant
324 1472 462 1503 interfici
476 1472 574 1510 Abel,
598 1477 629 1503 et
641 1472 810 1503 Abraham
833 1475 945 1504 iussus
970 1478 1019 1503 est
1032 1472 1134 1503 filium

148 1521 303 1555 tanquam
338 1514 482 1545 hostiam
516 1521 674 1546 mactare.
719 1515 754 1545 In
789 1515 854 1546 1106
879 1522 957 1557 typo
982 1516 1063 1545 satis
1086 1516 1133 1545 in-

148 1555 274 1588 telle-<it
297 1556 376 1587 illud
401 1567 525 1595 semen,
549 1558 638 1598 quod
662 1558 861 1598 promissum
886 1563 966 1594 erat,
991 1557 1133 1588 futuram

149 1609 226 1630 esse
249 1599 402 1630 hostiam.

235 1641 352 1673 Enoch
387 1649 418 1672 et
444 1641 535 1673 Elias
569 1643 634 1673 1111
670 1643 822 1673 translati
846 1649 921 1673 sunt
947 1642 989 1672 ad
1012 1641 1132 1679 Deum,

149 1690 182 1716 ut
216 1690 325 1715 textus
360 1685 401 1715 de
423 1685 538 1715 Enoch
568 1685 659 1716 clare
682 1686 769 1716 dicit.
816 1685 908 1716 Haec
930 1684 1017 1715 facta
1042 1690 1133 1715 certe

149 1733 225 1759 sunt
260 1726 433 1758 manifesta
464 1728 649 1758 testimonia
674 1729 762 1759 vitae
786 1735 952 1758 aeternae.
997 1727 1081 1757 Nam
1106 1729 1133 1757 si

149 1771 436 1811 extinguerentur,
472 1781 536 1801 non
573 1777 684 1801 essent
718 1771 804 1811 apud
832 1770 950 1801 Deum.
997 1769 1133 1800 Versari

149 1813 233 1844 enim
269 1813 356 1851 apud
390 1812 498 1844 Deum
533 1819 582 1843 est
617 1814 730 1844 vivere
765 1813 905 1854 quadam
934 1813 1041 1842 divina
1067 1813 1134 1842 vita

149 1856 237 1896 apud
270 1854 390 1886 Deum.
447 1856 538 1886 Haec
579 1856 679 1896 igitur
717 1854 867 1895 exempla
901 1854 976 1895 plus
1011 1854 1132 1891 valent,

148 1908 246 1939 quam
292 1897 319 1927 si
353 1899 530 1938 promissio
564 1900 675 1929 verbis
711 1905 833 1929 tantum.
870 1898 940 1928 sine
975 1896 1134 1938 exemplis

148 1941 319 1981 proposita
343 1947 445 1971 65561.
492 1941 563 1971 Nec
587 1942 719 1971 dubium
750 1947 812 1971 est.
838 1941 915 1981 quin
940 1941 1048 1971 saneti
1073 1939 1135 1970 Pa-

149 1989 217 2013 tres
242 1983 379 2022 copiose
403 1982 609 2024 explicarint,
632 1994 706 2014 cum
719 1984 958 2024 promissiones
972 1989 1039 2013 tum
1051 1982 1134 2013 11366

148 2024 309 2066 exempla.

235 2067 412 2098 Testantur
446 2074 477 2099 et
508 2068 712 2109 Angelorum
737 2067 903 2109 colloquia
930 2079 1004 2099 cum
1028 2068 1134 2099 Abra-

150 2110 223 2140 ham
259 2116 289 2140 et
315 2112 434 2141 ceteris
455 2111 624 2148 Patribus,
650 2110 747 2141 aliam
773 2121 847 2141 ‹·sse
872 2112 980 2141 1113111.
1027 2110 1067 2141 Et
1091 2111 1134 2140 si-

149 2153 305 2195 gnificant
331 2152 451 2194 Angeli
475 2163 538 2183 nos
561 2154 673 2184 socios
699 2163 775 2184 esse
798 2152 886 2185 illius
911 2159 1065 2184 aeternae
1086 2154 1133 2183 vi-

149 2202 213 2233 tae,
248 2196 280 2226 in
315 2206 379 2236 qua
415 2202 489 2226 sunt
520 2196 601 2235 ipsi,
635 2197 710 2237 quia
741 2206 802 2227 nos
827 2203 942 2227 curant
966 2201 998 2226 et
1023 2194 1132 2227 defen-

149 2239 228 2269 dunt
253 2244 316 2269 etc.

234 2281 269 2311 111
293 2281 388 2311 Ν11111.
412 2281 463 2311 23.
489 2283 554 2318 [vs.
590 2281 649 2319 10.]
675 2281 751 2311 111611
773 2281 925 2312 Balaam:
972 2281 1132 2312 Moriatur

148 2325 253 2354 anima
278 2334 350 2354 mea
375 2330 480 2353 morte
503 2324 672 2361 iustorum,
696 2330 727 2354 et
751 2324 829 2355 fiant
855 2325 1033 2355 novissima
1058 2334 1130 2354 mea

147 2365 264 2397 horum
298 2365 425 2396 similia.
471 2365 511 2395 Et
545 2366 597 2396 24.
624 2369 687 2404 [vs.
715 2367 777 2406 17.]
801 2367 930 2398 Videbo
955 2377 1047 2404 eum,
1071 2368 1130 2397 sed

147 2419 214 2440 non
237 2410 355 2441 111011οι
379 2409 535 2439 Intuebor
557 2419 642 2445 eum,
667 2410 727 2440 sed
750 2420 816 2440 non
838 2420 953 2450 prope.

147 2547 192 2576 33)
212 2546 334 2576 cogitent]
353 2546 425 2570 Editt.
451 2547 521 2570 1-4.
542 2545 566 2568 6.
587 2546 609 2568 7.
630 2546 653 2569 9.
679 2546 714 2570 1⁴2.
734 2547 844 2575 cogitant

302 2605 447 2623 MELANTH.
463 2604 543 2622 OPER.
560 2604 622 2624 VOL,
639 2604 696 2622 XXI.

634 104 657 134 1.
681 104 783 136 LOCI
805 103 1082 135 THEOLOGICI:
1105 103 1148 134 D.
1171 102 1331 135 TERTIA
1349 101 1504 134 EORUM
1524 103 1681 135 AETAS.

2099 106 2163 138 930

1606 282 1734 321 [xvsti

1405 366 1466 397 DE
1489 366 1661 398 SPIRITU
1684 367 1740 397 ET
1763 367 1936 399 LITERA.

1264 451 1496 493 Cogitantibus
1520 453 1560 483 de
1583 452 1772 483 discrimine
1796 454 1920 484 veteris
1945 460 1976 484 et
2001 455 2079 485 novi
2102 454 2163 485 Te·

1176 496 1342 531 statuenti,
1366 495 1406 525 de
1428 494 1539 525 Litera
1564 501 1595 525 et
1619 495 1659 525 de
1670 497 1714 531 3⁴)
1739 495 1871 535 Spiritu,
1895 497 2005 527 omnia
2027 503 2102 527 sunt
2128 496 2163 527 il-

1176 536 1344 574 lustriora,
1369 547 1443 568 cum
1466 543 1576 567 mente
1599 538 1763 568 intuemur
1787 540 2102 569 consummationem
2125 538 2163 570 li-

1177 581 1357 611 berationis
1380 586 1526 610 nostrae.
1550 586 1583 610 ut
1608 590 1708 620 supra
1729 580 1879 611 diximus.
1925 580 2008 612 Cum
2037 582 2161 623 cogita-

1177 633 1249 653 mus
1272 622 1564 653 Resurrectionem
1587 622 1709 652 Christi
1733 629 1763 652 et
1787 622 1927 654 aliorum
1949 624 2163 655 resuscitato-

1178 676 1260 702 rum,
1285 666 1339 706 qui
1362 671 1441 695 tunc
1459 675 1546 696 nova
1570 671 1602 695 et
1625 672 1783 705 perpetua
1807 664 1913 706 gloria
1937 666 2049 696 donati
2074 672 2162 704 sunt,

1177 709 1209 738 in
1244 707 1295 738 his
1330 709 1411 748 ipsis
1435 708 1643 738 resuscitatis
1667 708 1816 738 videmus
1840 708 2068 749 Evangeliam,
2099 708 2162 738 Lu-

1179 761 1262 787 cem,
1287 750 1502 791 Sapientiam,
1531 750 1690 781 Iustitiam
1715 756 1745 780 et
1769 750 1879 780 Vitam
1896 757 2092 791 perpetuam
2117 749 2162 781 af-

1178 792 1277 830 ferre,
1301 804 1368 823 non
1388 794 1564 823 ostendere
1582 794 1715 824 umbras
1736 793 1920 824 moriturasv

1266 835 1376 866 Litera
1398 836 1498 876 igitur
1520 835 1684 875 significat
1711 836 1896 866 doctrinam
1921 845 2161 877 quamcunque,

1180 879 1411 919 cogitationes,
1445 878 1722 915 assuefactiones,
1758 878 1966 918 disciplinam
2002 884 2033 909 et
2056 879 2162 909 bonas

1179 922 1395 957 intentiones,
1429 921 1501 951 sine
1525 920 1647 961 Spiritu
1672 927 1806 957 sancto,
1830 922 1861 950 id
1893 927 1961 958 est,
1985 921 2056 951 sine
2081 931 2162 951 vero

1179 964 1294 993 timore
1316 969 1347 994 et
1369 964 1440 994 sine
1463 973 1543 994 vera
1567 963 1630 993 fide
1654 973 1714 993 seu
1734 964 1854 994 fiducia
1867 962 2063 994 consolante
2075 973 2163 994 men-

1179 1012 1230 1036 tes
1254 1007 1421 1047 agnitione
1445 1013 1477 1036 et
1500 1007 1709 1036 invocatione
1734 1005 1867 1036 Christi.

1265 1048 1411 1080 Econtra
1445 1049 1578 1088 spiritus
1608 1048 1773 1089 significat
1807 1058 1886 1079 vere
1909 1048 2065 1089 Spiritum
2089 1059 2163 1079 san-

1180 1096 1267 1121 ctum
1300 1090 1510 1121 inchoantem
1544 1097 1573 1121 et
1610 1091 1728 1121 deinde
1750 1090 1976 1131 perficientem
1999 1092 2032 1121 in
2057 1092 2162 1122 cordi-

1180 1134 1241 1163 bus
1278 1144 1396 1164 novam
1426 1132 1542 1169 lucem,
1577 1134 1782 1173 sapientiam,
1817 1134 1968 1163 iustitiam
2004 1139 2035 1163 et
2065 1134 2163 1164 vitam

1178 1181 1369 1216 perpetuam
1399 1174 1583 1215 placentem
1608 1175 1681 1206 Deo
1706 1182 1736 1205 et
1762 1176 1904 1206 motibus
1928 1176 2069 1215 Spiritus
2088 1186 2163 1206 san-

1180 1219 1222 1248 cti
1242 1219 1423 1255 ardentem,
1447 1216 1599 1248 videlicet
1621 1219 1748 1248 timore.
1773 1218 1848 1255 fide,
1870 1219 2093 1255 invocatione,
2119 1219 2164 1249 di-

1179 1260 1341 1297 lectione,
1388 1267 1419 1291 et
1451 1262 1482 1290 in
1517 1261 1582 1290 vita
1619 1260 1946 1291 aeterna'fruentem
1983 1268 2164 1301 conspectu

1178 1303 1242 1333 Dei
1266 1309 1297 1333 et
1322 1301 1543 1333 celebrantem
1567 1302 1685 1333 Deum.
1732 1302 1895 1344 Denique,
1919 1310 1953 1334 ut
1977 1303 2094 1334 Petrus
2117 1305 2163 1334 in-

1179 1346 1259 1386 quit,
1293 1345 1457 1387 significat
1493 1346 1685 1376 societatem
1722 1346 1852 1376 divinae
1886 1353 2041 1384 naturae,
2077 1348 2163 1378 sicut

1178 1389 1372 1429 inscm'ptum
1407 1395 1458 1419 est
1494 1387 1587 1426 [Ioel.
1611 1388 1643 1426 2,
1667 1388 1751 1426 284:
1786 1388 1960 1420 Effundam
1984 1390 2024 1420 de
2048 1390 2164 1430 spiritu

1179 1441 1250 1461 meo
1285 1441 1385 1471 super
1414 1440 1543 1461 omnem
1567 1438 1710 1462 carnem.
1757 1430 1898 1462 Illustris
1923 1432 2007 1462 enim
2031 1431 2163 1472 empha-

1179 1474 1224 1503 sis
1249 1479 1299 1503 est
1323 1474 1353 1503 in
1377 1472 1548 1514 particula,
1572 1484 1645 1504 curn
1669 1475 1724 1511 ait,
1747 1474 1799 1504 De
1822 1474 1938 1515 spiritu
1959 1474 2164 1512 11160ςῦ160,

1178 1517 1320 1557 inquam,
1344 1516 1397 1556 qui
1421 1527 1440 1546 a
1460 1515 1631 1547 voluntate
1655 1518 1780 1547 aeterni
1805 1516 1915 1547 Patris
1940 1523 1971 1547 et
1995 1516 2065 1547 Filii
2088 1528 2163 1557 pro-

1178 1559 1261 1589 cedit
1286 1565 1317 1589 et
1340 1558 1490 1589 accendit
1509 1558 1629 1596 lucem,
1655 1560 1860 1599 sapientiam,
1882 1560 2038 1590 iustitiam
2062 1566 2092 1590 et
2117 1560 2162 1589 11-

1178 1607 1242 1631 13111
1267 1608 1503 1641 congruentem
1528 1599 1686 1632 voluntati
1712 1602 1850 1632 divinae.
1898 1602 1954 1633 Sic
1978 1603 2019 1632 de
2038 1601 2162 1643 Spiritu

1176 1642 1320 1684 loquitur
1343 1642 1478 1679 Paulus,
1504 1654 1576 1674 611111
1601 1645 1644 1674 311
1670 1645 1711 1681 12.
1737 1644 1814 1674 Cor.
1838 1643 1869 1682 3,
1895 1644 1975 1682 184:
2017 1645 2088 1675 Nos
2114 1655 2163 1675 re-

1178 1685 1286 1716 velata
1322 1685 1406 1716 facie
1435 1692 1625 1726 spectantes
1650 1686 1789 1727 gloriam
1812 1686 1945 1717 Domini
1970 1688 2000 1717 in
2025 1688 2161 1717 eandem

1176 1729 1351 1769 imaginem
1374 1727 1648 1759 transformamur
1671 1735 1826 1770 tanquam
1850 1729 2013 1760 aDomini
2027 1730 2161 1770 Spiritu,

1178 1772 1208 1801 id
1234 1777 1293 1808 est,
1318 1781 1391 1801 cum
1411 1773 1665 1811 expavescimus
1690 1772 1805 1813 agnita
1830 1773 1877 1802 ira
1901 1771 1964 1802 Dei
1989 1779 2020 1803 et
2043 1782 2160 1803 rursus

1179 1814 1334 1855 erigimur
1369 1813 1599 1844 consolatione
1634 1820 1664 1844 et
1688 1814 1767 1844 Fide
1791 1815 2033 1855 acquiescimus
2058 1825 2160 1857 agno-

1176 1862 1310 1886 scentes
1343 1857 1602 1887 misericordiam
1635 1863 1771 1897 propter
1793 1856 1960 1887 Christum
1995 1858 2161 1895 donatam,

1178 1909 1256 1929 vere
1280 1908 1352 1929 cum
1373 1898 1448 1929 Deo
1471 1900 1611 1939 agimus,
1636 1900 1795 1930 sentimus
1815 1901 1896 1930 iram
1922 1906 1953 1930 et
1977 1901 2160 1931 misericor-

1178 1942 1281 1979 diam,
1318 1948 1347 1971 61
1379 1940 1453 1972 11166
1482 1951 1570 1972 1101·3
1593 1952 1611 1972 3
1636 1941 1759 1982 Spiritu
1783 1949 1900 1973 sancto
1924 1941 2158 1982 perfundimur.

1178 1983 1260 2015 Cum
1274 1983 1355 2014 Saul
1378 1983 1551 2025 hypocrita
1576 1990 1605 2014 et
1619 1984 1729 2015 David
1753 1991 1887 2016 renatus
1911 1984 2029 2016 similia
2053 1993 2159 2016 exter—

1178 2037 1219 2057 na
1255 2036 1355 2067 opera
1388 2026 1511 2057 faciunt
1547 2037 1606 2057 seu
1640 2026 1777 2058 moralia
1816 2037 1875 2058 seu
1900 2029 2158 2058 ceremoniarum

1178 2079 1234 2099 seu
1258 2068 1405 2109 politica,
1429 2070 1521 2111 regia
1542 2077 1572 2100 et
1596 2068 1753 2107 forensia,
1776 2076 1883 2100 tamen
1906 2071 1938 2100 in
1962 2077 2071 2101 mente
2094 2071 2158 2100 dis·

1177 2111 1353 2142 similitudo
1378 2119 1438 2143 est.
1481 2112 1515 2142 In
1539 2112 1641 2143 Saule
1663 2113 1835 2153 hypocrita
1859 2113 2017 2155 cogitatio
2037 2114 2078 2143 de
2101 2114 2158 2143 ho-

1176 2165 1218 2185 no
1243 2164 1344 2195 opere
1367 2160 1398 2185 61
1421 2156 1492 2195 ipsa
1517 2156 1603 2186 actio
1628 2161 1703 2186 sunt
1722 2154 1836 2186 literae
1871 2162 2019 2186 mortuae
2037 2161 2069 2186 et
2088 2166 2158 2186 um-

1176 2198 1265 2234 brae.
1290 2198 1321 2227 id
1345 2197 1520 2234 emmens
1545 2204 1593 2229 est
1620 2199 1691 2228 sine
1712 2208 1793 2228 vero
1818 2208 1919 2229 sensu
1941 2199 2067 2228 timoris
2080 2198 2157 2235 Dei,

1175 2240 1246 2269 sine
1270 2239 1500 2271 consolatione
1523 2242 1669 2281 erigente
1692 2242 1831 2271 animum
1861 2241 1981 2271 fiducia
2003 2251 2158 2280 praesen-

1175 2283 1237 2312 tiae
1272 2289 1303 2312 et
1338 2282 1446 2313 auxilii
1482 2284 1598 2313 divini:
1633 2283 1701 2314 Sed
1724 2284 1861 2320 dubitat,
1897 2294 1938 2313 an
1968 2295 1987 2314 a
2011 2283 2083 2314 Deo
2107 2294 2157 2313 re-

1174 2326 1348 2365 spiciatur.
1385 2326 1578 2356 exaudiatur
1592 2349 1599 2359 .
1633 2327 1771 2356 iuvetur.
1833 2326 1903 2357 Hae
1939 2327 2156 2367 cogitationes

1174 2375 1248 2398 sunt
1274 2369 1345 2398 sine
1368 2367 1443 2399 luce
1466 2369 1574 2399 divina
1598 2374 1628 2399 et
1652 2374 1836 2410 pugnantes
1861 2379 1933 2399 cum
1956 2367 2032 2399 luce
2054 2369 2155 2398 Fidei.

1174 2410 1251 2441 Ideo
1287 2417 1361 2441 sunt
1396 2413 1531 2441 umbrae
1566 2412 1752 2442 moriturae.
1799 2412 1843 2442 At
1877 2412 1910 2442 in
1933 2411 2062 2442 Davide
2097 2421 2156 2441 5611

1149 2561 1152 2567 1
1173 2548 1218 2575 34)
1240 2549 1295 2573 Hac
1313 2548 1433 2572 alterum
1453 2548 1483 2572 de
1504 2549 1637 2573 omitlmzt
1656 2549 1728 2573 Editt.
1750 2549 1791 2574 26.
1812 2549 1862 2577 27„
1883 2550 1955 2579 Com.
1976 2550 2049 2571 1—8.

1917 2600 1949 2623 59
