2358 2933
216 106 274 136 &31
850 107 959 138 PfflL.
984 107 1085 138 MEL.
1109 106 1293 139 SCRIPTA
1316 107 1589 139 DOGMATICA.
2144 112 2208 144 952

219 199 357 228 miseros
372 220 380 228 .
405 197 463 226 sed
489 196 717 236 confugientes
741 197 781 226 ad
809 196 923 228 Filium
947 204 1038 227 certo
1063 204 1092 228 et
1116 208 1194 229 vere
1213 202 1218 240 1
1238 199 1314 229 dere
1344 209 1384 230 ex
1408 199 1541 230 alterius
1572 202 1696 231 eventis
1727 208 1759 232 et
1787 212 1898 233 errare
1927 211 2108 244 coguntur,
2131 205 2206 237 huic

220 241 344 280 recipit.
397 238 514 279 Erigas
552 240 650 279 igitur
684 240 825 268 animuin
859 239 936 269 Fide.
971 246 1001 269 et
1029 241 1195 280 agnitione

219 282 358 313 Christi.
381 289 473 321 pctns
499 280 761 311 consolationem
785 288 817 311 ct
842 288 997 321 expectes
1020 278 1119 312 vitam
1142 291 1195 312 ae-

219 332 359 355 ternam.
383 330 414 353 nt
440 322 523 352 latro
545 324 576 352 in
603 333 709 352 cruce.

305 366 338 395 ln
363 365 420 395 tali
444 364 594 404 exemplo
626 366 771 405 conspici
801 372 909 404 potest
943 366 1115 396 discrimen
1139 376 1194 406 pa·

218 409 357 438 tientiae.
381 408 422 436 de
445 417 509 447 qua
532 406 710 448 loquuntur
735 406 936 447 Philosophi,
961 414 991 437 et
1005 407 1194 441 Patientiae,

219 451 258 480 de
293 460 355 489 qua
381 448 593 489 Evangelium
620 450 845 480 concionatur.
892 448 1081 489 Philosophi
1116 448 1193 480 nihil

218 493 326 522 divum
353 492 393 521 de
416 492 601 531 praecipuis
627 492 767 528 caussis,
790 490 869 522 nihil
894 492 934 522 de
948 491 1030 528 Deo,
1054 491 1131 522 nihil
1155 493 1194 522 de

218 533 337 564 auxilio
375 533 483 563 divino
518 540 572 563 :nit
593 533 795 564 liberatione.
841 533 888 564 Sit
913 534 1011 574 igitur
1033 533 1116 565 haec
1141 535 1194 564 de-

224 576 325 606 tinitio
350 575 445 606 buius
469 576 613 613 virtutis,
637 583 669 606 ut
695 575 886 616 Philosophi
911 575 1085 606 definiunt:
1110 576 1194 606 Pati-

219 620 303 649 entia
336 625 385 647 est
414 618 548 647 obedire
581 619 697 649 rationi
723 619 755 648 in
779 619 935 654 miseriis,
970 618 1012 648 ita
1044 626 1077 648 111
1103 617 1193 648 dolo-

218 671 285 691 rem
310 660 518 690 moderemur
542 666 695 693 eatenus,
723 670 765 690 nc
789 659 948 690 faciamus
972 666 1086 690 contra
1105 661 1193 690 iusti-

218 704 296 733 tiam
320 709 374 732 aut
399 701 480 731 alias
505 704 652 732 virtutes.
688 701 731 732 Ut
755 702 838 732 Cato
862 701 939 731 facit
963 708 1079 732 contra
1101 702 1192 733 iusti-

218 746 295 775 tiam
319 745 381 774 sibi
405 753 540 774 mortem
555 745 781 775 consciscens,
817 742 1012 774 Coriolanus
1026 742 1103 774 facit
1117 754 1194 775 con-

219 794 269 817 tra
294 787 446 827 pietatem
472 787 613 816 ‹iz-litam
638 787 762 826 patriae
786 785 905 816 bellum
937 786 1062 816 civibus
1086 793 1116 816 et
1137 796 1191 816 co-

218 830 327 870 gnatis
351 828 506 858 inserens.
541 828 782 858 Demosthenes
805 827 882 858 facit
908 834 1020 858 contra
1042 829 1194 858 modesti-

218 881 287 901 am.
319 880 390 901 cum
414 869 613 900 muliebriter
636 870 830 901 lamentatur
854 869 968 910 pulsus
995 871 1028 899 in
1051 868 1192 900 exilium.

218 912 258 943 Et
290 923 473 953 quanquam
503 913 663 943 interdum
690 911 757 943 vult
792 910 902 952 aliquo
932 912 1030 942 modo
1053 922 1193 951 poenam

219 955 336 985 iustam
359 964 435 984 reus
460 953 595 995 aliquis,
625 961 659 984 ut
678 955 858 990 Adrastus,
881 955 934 994 qui
959 963 1039 983 casu
1062 952 1193 984 interfe-

219 1004 308 1027 cerat
333 996 449 1026 Croesi
474 995 583 1033 filium,
606 1004 714 1027 tamen
750 997 901 1026 iniustam
926 1005 1077 1035 poenam,
1100 1005 1193 1036 prae—

220 1040 329 1069 sertim
361 1045 523 1075 atrocem‚
565 1037 651 1068 velle
685 1037 825 1069 humana
860 1039 941 1068 ratio
975 1048 1040 1068 non
1072 1043 1192 1078 potest.

218 1079 433 1117 Palamedes,
471 1081 629 1111 Socrates
662 1087 692 1111 et
729 1079 854 1110 similes
880 1079 989 1110 ferunt
1023 1078 1194 1120 supplicia,

218 1133 282 1153 non
306 1123 393 1162 quod
419 1121 516 1152 velint
530 1132 682 1162 poenam,
706 1123 765 1152 sed
784 1123 918 1162 perinde
938 1121 1089 1158 tolerant,
1111 1122 1193 1152 acsi

218 1164 453 1195 dilaniarentur
476 1176 495 1195 a
516 1163 677 1195 leonibus.

304 1207 347 1236 At
368 1205 489 1237 Paulus
514 1205 582 1237 vult
613 1205 722 1247 aliquo
752 1207 849 1236 modo
873 1204 1086 1246 supplicium,
1117 1206 1193 1246 quia

217 1249 277 1279 scit
301 1249 522 1279 testimonium
542 1258 618 1279 esse
642 1247 878 1284 confessionis3
907 1247 1015 1278 David
1049 1245 1116 1278 vultv
1137 1246 1193 1277 ali-

219 1300 282 1331 quo
306 1292 404 1320 modo
424 1301 575 1331 poenam,
601 1291 677 1331 quia
699 1292 759 1321 scit
783 1289 856 1320 Deo
881 1290 1001 1320 debere
1023 1299 1084 1320 nos
1108 1289 1192 1319 hanc

219 1333 454 1369 obedientiam,
492 1333 554 1363 scit
585 1343 604 1362 a
634 1332 708 1362 Dco
744 1333 882 1372 proponi
913 1330 1093 1372 exemplum
1125 1332 1192 1361 irae

218 1375 275 1405 toti
300 1375 413 1415 generi
436 1373 577 1405 humano
600 1375 633 1404 in
651 1374 714 1404 hac
737 1384 797 1404 sua
820 1384 944 1414 poena,
967 1378 1139 1414 praeterea
1161 1380 1191 1403 et

217 1417 452 1457 mitigationem
487 1423 649 1455 expectat.
701 1417 850 1447 Addatur
875 1426 954 1456 ergo
985 1415 1133 1447 definitio,
1161 1416 1192 1444 in

221 1458 405 1499 Evangelio
430 1459 565 1489 tradita:
591 1458 752 1488 Patientia
764 1457 950 1488 Christiana
973 1464 1034 1493 est,
1059 1458 1193 1487 obedire

217 1500 290 1531 Deo
322 1502 353 1530 111
383 1501 583 1531 sustinendis
612 1502 795 1537 aerumnis,
826 1500 888 1536 ita,
918 1510 959 1530 ne
988 1497 1042 1529 vel
1071 1509 1091 1529 a
1118 1499 1191 1529 Deo

218 1543 409 1573 deficiamus
439 1541 492 1573 tel
522 1543 548 1572 ei
579 1543 760 1572 irascamur
788 1541 840 1572 vel
871 1549 984 1572 contra
1014 1540 1078 1571 alia
1099 1551 1192 1581 prae-

219 1593 315 1625 cepta
328 1583 390 1614 Dei
415 1583 585 1621 faciamus,
612 1585 669 1614 sed
695 1585 900 1614 moderemur
923 1583 1021 1614 animi
1044 1581 1191 1613 dolorem

219 1634 248 1657 et
282 1626 434 1657 auxilium
474 1637 514 1657 ac
554 1627 786 1668 mitigationem
809 1637 829 1656 a
862 1626 934 1656 Deo
969 1632 1191 1665 expectemus.

219 1668 362 1699 Collatio
390 1669 610 1698 definitionum
642 1669 785 1699 ostendit
819 1669 1013 1704 discrimen,
1040 1667 1128 1707 quod
1159 1668 1191 1697 in

218 1710 377 1750 exemplis
400 1718 506 1741 tamen
536 1709 658 1741 clarius
689 1712 899 1750 conspicitur.
944 1709 1052 1740 David
1074 1708 1190 1739 intelli-

219 1754 266 1794 git
289 1762 326 1782 sc
337 1752 400 1783 Dei
420 1752 558 1783 consilio
578 1754 682 1792 puniri
707 1759 737 1783 et
761 1752 834 1782 Deo
857 1753 1060 1791 obtemperat
1082 1758 1113 1781 et
1135 1761 1191 1791 pe—

218 1797 254 1825 tit
291 1795 535 1835 mitigationem.
587 1795 746 1826 Socrates
777 1795 910 1824 miratur
945 1794 1134 1824 iniustitiam
1159 1798 1191 1823 et

218 1836 298 1868 nihil
321 1838 362 1866 de
384 1836 447 1867 Dei
472 1836 607 1866 consilio
634 1838 767 1877 cogitat,
803 1846 883 1866 casu
895 1846 932 1865 se
955 1836 1093 1875 opprimi
1105 1835 1191 1865 arbi-

219 1886 342 1915 tratur,
365 1885 400 1909 ut
422 1880 450 1908 si
474 1889 554 1909 casu
574 1880 815 1918 praeteriisset,
841 1884 956 1908 ruente
978 1877 1088 1917 aliqua
1111 1878 1191 1907 turri

219 1928 249 1951 et
274 1931 346 1950 eum
370 1922 589 1960 opprimente,
620 1931 679 1950 nec
707 1921 786 1961 petit
807 1919 959 1950 auxilium
987 1925 1045 1949 aut
1065 1919 1192 1960 mitiga·-

219 1964 338 1993 tionem
361 1973 380 1992 a
404 1962 489 1993 Deo.

1238 241 1357 281 optime
1385 243 1515 272 vivendi
1545 243 1625 272 ratio
1654 249 1842 283 comparata
1866 252 1926 275 est.
1973 244 2082 276 Verba
2101 243 2207 278 Plato-

1237 284 1287 312 nis
1300 284 1345 323 ⁷⁸)
1364 282 1446 313 haec
1469 290 1561 313 sunt:
1597 282 1653 325 ’ὁῐῳ
1669 285 1724 325 γάρ
1748 285 1835 325 ἀνδρὶ
1857 292 1899 322 είς
1927 287 2026 317 ἑαυτὸν
2055 287 2207 329 ἀνήρτηται

1238 325 1334 354 πάντα
1358 325 1390 354 ιιὶ
1415 326 1489 365 πρὸς
1507 325 1694 363 εὐδαιμονίαν
1716 331 1856 367 φέροντα,
1881 326 1898 365 ἢ
1921 328 2002 366 {rycg
2024 330 2133 369 τούτου,
2157 334 2207 360 καὶ

1236 365 1276 403 μὴ
1299 370 1328 395 ἐν
1350 366 1451 402 ἄλλοις
1473 368 1649 405 ἀνθρώποις
1671 372 1842 409 αἰωρεῖται,
1865 373 1894 407 ἐξ
1917 367 1958 400 ὧν
1980 369 1997 408 ἢ
2019 368 2049 400 εὖ
2071 370 2088 408 ἢ
2109 373 2207 407 κακῶς

1238 409 1422 448 πραξάντων..
1456 411 1633 439 mammam
1655 409 1831 449 ἠνάγκασται
1852 415 1902 442 καὶ
1924 412 1959 442 τά
1994 415 2119 451 ἐκείνου,
2144 415 2207 444 τού-

1235 461 1276 490 τῳ
1299 449 1407 490 ἄριστα
1429 452 1667 491 πιιρασκεύασηιι
1689 453 1745 490 ζῆν.
1788 453 1882 486 Quod
1906 459 2014 485 monet
2037 454 2142 493 Plato,
2164 465 2207 486 ne

1235 492 1404 531 pendeant
1427 493 1601 523 universae
1623 503 1699 533 spes
1719 495 1815 524 nobis
1839 504 1858 525 a
1880 494 2032 526 fortunae
2045 496 2139 527 bonis
2151 504 2206 527 aut

1237 533 1401 564 hominum
1425 535 1730 572 coniunctionibus,
1761 542 1850 566 recte
1873 537 1985 573 docet3
2029 538 2096 569 Sed
2119 540 2207 578 quod

1236 576 1365 605 deducit
1388 585 1450 605 nos
1481 577 1521 606 ad
1545 583 1677 607 nostras
1701 579 1849 614 virtutes.
1873 580 2015 609 nondum
2039 581 2120 610 satis
2144 586 2205 610 est.

1237 617 1320 648 Nam
1353 618 1394 647 ad
1419 618 1524 648 Deum
1559 620 1673 650 deduci
1708 630 1768 650 nos
1803 627 1943 660 oportet.
1988 620 2090 652 Multa
2120 618 2205 652 enim

1237 659 1387 689 accidunt
1411 659 1549 696 homini,
1579 662 1632 691 ubi
1657 661 1796 692 himiana
1816 662 1918 693 virtus
1939 664 2009 692 sine
2032 663 2093 693 Dei
2116 664 2206 694 auxi-

1236 700 1279 730 lio
1304 703 1501 731 succumbit.
1548 702 1607 731 Hic
1631 702 1699 733 vult
1722 703 1814 734 Deus
1839 714 1876 735 se
1899 706 2037 745 agnosci
2061 711 2093 735 et
2115 706 2206 736 invo-

1237 743 1322 779 cari,
1353 749 1383 772 et
1419 742 1592 782 pollicetur
1626 743 1797 782 auxilium,
1831 753 1863 775 et
1891 747 2096 786 experiemur
2118 747 2205 777 hanc

1238 784 1497 815 consolationem
1527 795 1591 814 non
1615 796 1691 815 esse
1714 787 1841 817 inanem
1864 787 2093 824 Rhetoricam,
2122 789 2150 818 si
2173 789 2204 819 in

1236 836 1316 857 vero
1341 825 1456 856 dolore
1477 827 1715 863 invocabimus,
1739 829 1825 858 sicut
1841 830 1997 869 scriptum
2010 836 2059 859 est
2072 829 2202 867 [Psalm.

1237 868 1289 906 323,
1303 868 1387 907 19.]:
1411 868 1520 909 Prope
1543 876 1594 899 est
1616 869 1776 900 Dominus
1797 870 1856 907 his,
1879 872 1932 911 qui
1956 870 2108 911 tribulato
2131 878 2206 902 sunt

1239 910 1350 940 corde.

1300 951 1375 982 Dixi
1399 953 1439 982 de
1465 953 1592 983 caussis
1615 963 1844 984 aerumnarum
1856 959 1888 984 et
1910 955 1951 984 de
1975 954 2206 986 consolationi-

1238 995 1313 1031 bus,
1340 1000 1370 1024 et
1402 995 1565 1031 virtutem,
1585 1005 1669 1035 quae
1692 994 1852 1026 Patientia
1879 1006 1938 1026 seu
1954 999 1996 1029 ⁷⁴)
2019 995 2207 1028 Tolerantia

1236 1041 1393 1073 vocatur,
1423 1046 1520 1076 quam
1544 1037 1662 1067 Graeci
1681 1039 1850 1068 nominant
1869 1038 2068 1075 ἀνεξικακίαν,
2091 1044 2206 1069 utcun-

1237 1087 1299 1118 que
1323 1078 1493 1118 descripsi,
1525 1078 1618 1113 Quae
1634 1080 1676 1113 ⁷⁵)
1701 1080 1761 1109 etsi
1784 1090 1824 1110 eo
1836 1081 2025 1110 necessaria
2043 1086 2105 1117 est,
2129 1081 2206 1121 quia

1237 1120 1390 1150 divinitus
1413 1119 1496 1150 haec
1519 1121 1703 1151 obedientia
1726 1121 1928 1160 postulatur,
1962 1129 2069 1152 tamen
2092 1128 2124 1152 et
2145 1123 2205 1153 uti-

1236 1161 1346 1192 litates
1367 1171 1507 1202 magnae
1530 1164 1711 1193 exuscitent
1729 1173 1807 1201 nOS‚
1830 1169 1866 1193 nt
1888 1173 1959 1194 eam
1980 1165 2104 1194 maiore
2127 1173 2206 1194 cura

1236 1203 1480 1243 amplectamur.
1510 1203 1573 1234 Ubi
1598 1206 1693 1235 animi
1713 1205 1775 1236 hac
1794 1206 1913 1236 virtute
1936 1215 2001 1236 non
2024 1206 2206 1245 confirmati

1237 1252 1330 1282 sunt,
1353 1246 1444 1276 varie
1466 1253 1579 1283 ruunt,
1606 1248 1791 1277 irascuntur
1812 1247 1904 1284 Deo,
1934 1253 2096 1288 quaerunt
2117 1248 2205 1278 auxi-

1236 1287 1279 1317 lia
1301 1288 1507 1324 inconcessa,
1526 1295 1561 1317 ut
1573 1287 1653 1319 Saul
1676 1287 1817 1319 consulit
1839 1290 1998 1329 magicam
2019 1288 2205 1324 mulierem3

1235 1329 1345 1370 Reges·
1368 1328 1491 1359 faciunt
1512 1330 1632 1360 iniusta
1654 1329 1799 1366 foedera,
1823 1329 1911 1360 multi
1934 1331 2109 1370 cupiditate
2138 1331 2205 1361 vin—

1236 1372 1343 1401 dictae
1365 1377 1496 1401 movent
1514 1371 1698 1402 Ecclesiam
1721 1379 1751 1401 et
1774 1373 1932 1410 imperia,
1953 1378 1989 1402 ut
2011 1372 2125 1402 Arium
2149 1372 2205 1402 do·

1235 1412 1306 1443 lore
1334 1412 1488 1453 repulsae
1516 1420 1638 1443 motum
1669 1414 1757 1443 aiunt
1780 1414 1821 1443 ad
1844 1414 2039 1443 turbandam
2061 1413 2204 1444 Ecclesi-

1235 1465 1304 1489 am3
1336 1455 1376 1485 Et
1405 1455 1482 1485 vidit
1510 1462 1625 1485 nostra
1648 1461 1740 1485 aetas
1769 1454 1917 1495 exempla
1937 1454 2016 1485 talia
2035 1465 2101 1486 non
2128 1465 2206 1495 pau·

1236 1507 1285 1527 ca.
1335 1496 1491 1537 Magnum
1514 1497 1697 1527 incendium
1721 1503 1771 1527 est
1793 1497 1956 1527 vindictae
1988 1498 2150 1537 cupiditas
2171 1497 2205 1527 in

1235 1537 1356 1575 multis,
1384 1536 1418 1569 ut
1444 1539 1476 1568 in
1509 1538 1698 1575 Alcibiade,
1724 1537 1900 1569 Coriolano
1924 1545 1955 1568 et
1983 1537 2054 1569 aliis
2069 1541 2114 1575 ⁷⁶)
2136 1548 2204 1569 ma-

1236 1582 1308 1622 gnis
1332 1581 1422 1611 viris.
1468 1580 1535 1610 Sed
1568 1581 1733 1611 discamus
1763 1582 1892 1621 privato
1915 1579 2021 1611 dolori
2044 1579 2206 1611 anteferre

1233 1622 1396 1663 publicam
1423 1621 1609 1660 utilitatem,
1632 1633 1693 1653 nec
1721 1632 1780 1663 per
1808 1623 2039 1662 impatientiam
2060 1631 2126 1653 non
2148 1631 2204 1652 ne-

1235 1665 1399 1696 cessarios
1423 1663 1577 1695 tumultus
1601 1666 1789 1695 excitemus.
1835 1664 1997 1699 Quantum
2020 1664 2122 1695 decus
2144 1662 2204 1694 fuit

1234 1707 1397 1747 Scipionis
1427 1707 1626 1744 moderatio,
1653 1707 1707 1747 qui
1730 1717 1802 1737 cum
1830 1705 1927 1737 facile
1953 1711 2069 1746 posset
2090 1705 2205 1736 Tribu-

1234 1759 1353 1779 norum
1366 1749 1504 1779 iniustas
1517 1749 1759 1779 criminationes
1772 1749 1870 1778 armis
1883 1748 2076 1788 opprimere,
2098 1753 2204 1778 tamen

1233 1792 1315 1821 urbe
1338 1791 1455 1820 cedere
1484 1790 1608 1828 maluit,
1631 1801 1730 1831 quam
1753 1791 1825 1821 sine
1852 1792 2051 1820 necessitate
2072 1798 2205 1821 movere

1233 1831 1489 1872 Rempublicam.

1319 1875 1370 1904 Ac
1393 1875 1569 1914 praecipue
1591 1884 1652 1904 nos
1674 1875 1707 1904 in
1730 1873 1882 1904 Ecclesia
1903 1872 2049 1912 pericula
2071 1871 2204 1913 publica

1233 1918 1482 1956 prospiciamus.
1512 1916 1622 1947 Motae
1645 1917 1827 1947 discordiae
1850 1915 2024 1954 cupiditate
2039 1915 2204 1945 vindictae

1234 1968 1334 1998 saepe
1356 1957 1539 1989 horrendas
1562 1959 1748 1999 dogmatum
1761 1956 1972 1987 confusiones
1994 1962 2027 1986 et
2050 1954 2137 1986 bella
2160 1955 2203 1986 ci-

284 2005 503 2044 Seiungamus
527 2014 607 2045 ergo
629 2014 691 2034 nos
714 2006 756 2034 ab
769 2003 916 2034 Etlmicis
943 2003 976 2033 in
998 2003 1122 2033 nostris
1139 2012 1192 2033 ae·
1211 1990 1215 2006 ⁸
1234 1999 1311 2030 vilia
1340 2001 1584 2039 excitarunt-⁷7)
1629 2000 1719 2029 Haec
1747 1998 1832 2029 mala
1857 1997 2030 2039 diligenter
2059 1997 2204 2028 cavenda

219 2048 341 2078 rumnis
366 2054 396 2076 et
421 2047 586 2076 discamus
608 2047 785 2086 praecipue
802 2045 888 2076 hanc
911 2047 1014 2084 ipsam
1043 2046 1084 2075 ob
1099 2055 1193 2074 caus·

220 2100 290 2119 sam
313 2096 414 2118 totum
438 2098 542 2129 genus
567 2088 742 2119 humanum
765 2089 862 2118 tantis
887 2087 1026 2117 miseriis
1051 2087 1190 2123 onerari,

218 2138 253 2162 ut
283 2132 323 2160 ad
353 2132 551 2170 agnitionem
581 2130 644 2161 Dei
673 2137 705 2160 et
734 2131 775 2160 ad
810 2130 1049 2160 invocationem
1082 2138 1192 2159 veram

221 2174 409 2204 excitemur.
444 2173 525 2203 Cum
537 2174 685 2203 videmus
707 2179 856 2208 mortem,
879 2172 1025 2207 morbos,
1048 2171 1193 2206 iniuriaS,

221 2214 320 2251 bella,
344 2214 558 2253 pestilentias,
572 2214 703 2251 diluvia,
727 2215 853 2245 excidia
870 2214 997 2243 urbium
1011 2219 1042 2242 et
1053 2212 1136 2243 alias
1148 2213 1194 2242 in-

222 2255 444 2288 numerabiles
486 2256 689 2287 calamitates
730 2257 876 2295 privatas
922 2262 953 2285 et
995 2264 1195 2291 communeS,

222 2298 291 2330 vult
310 2308 372 2328 nos
395 2299 610 2329 admiratione
633 2305 794 2329 tantarum
817 2298 1019 2328 miseriarum
1037 2298 1194 2327 attonitos

223 2342 263 2372 de
298 2341 427 2371 caussis
461 2348 493 2371 et
512 2342 553 2371 de
577 2340 777 2381 opitulatore
804 2349 974 2382 quaerere.
1027 2338 1194 2369 Laudatur

222 2383 371 2413 Platonis
401 2384 562 2413 sententia
592 2383 623 2413 in
656 2382 845 2422 Epitaphio,
879 2392 976 2422 quam
999 2380 1115 2411 Cicero
1141 2390 1194 2409 ex-

222 2425 346 2466 pressit
373 2424 425 2455 his
458 2426 584 2455 verbis:
612 2425 695 2454 Nam
726 2426 777 2454 0111
807 2425 878 2454 viro
902 2434 941 2454 ex
965 2433 1002 2453 se
1024 2424 1096 2462 ipso
1119 2428 1195 2461 apta

1236 2049 1333 2078 sunt,
1375 2048 1407 2072 et
1440 2043 1584 2082 graviter
1616 2051 1656 2071 ac
1688 2041 1864 2081 prudenter
1895 2040 2100 2070 iudicandum
2143 2044 2204 2076 est,

1237 2085 1354 2124 quibus
1390 2084 1430 2113 de
1464 2085 1562 2114 rebus
1589 2083 1798 2123 pugnandum
1831 2083 1919 2115 51178)
1943 2087 1974 2112 et
1996 2082 2052 2112 ubi
2073 2091 2139 2112 non
2161 2081 2204 2111 sit

1235 2126 1456 2167 pugnandum.
1527 2125 1599 2156 Non
1640 2125 1854 2155 dimicandum
1889 2129 1939 2154 est
1979 2123 2019 2154 de
2066 2122 2203 2164 privatis

1238 2261 1282 2291 73)
1303 2261 1364 2285 Plat.
1383 2261 1479 2285 Menex.
1497 2261 1569 2290 (Opp.
1588 2261 1627 2285 ed.
1646 2261 1672 2285 Η,
1691 2260 1776 2290 Steph.
1796 2260 1820 2283 T.
1840 2260 1866 2284 11.
1885 2265 1908 2289 p.
1928 2259 1984 2283 248.
2002 2258 2050 2288 Α.).

1238 2312 1282 2341 74)
1303 2311 1361 2341 seu]
1380 2311 1451 2335 Eam.
1470 2311 1509 2333 22.
1530 2312 1569 2334 24.
1590 2312 1628 2335 28.
1647 2311 1688 2333 29.
1709 2309 1828 2337 31-33,,
1847 2310 1907 2339 opp.
1928 2310 1948 2333 1.
1968 2309 1990 2333 2.
2009 2310 2053 2333 aut

1238 2362 1283 2391 75)
1305 2361 1385 2390 Quae]
1404 2361 1475 2385 Editt,
1495 2362 1534 2384 22.
1553 2362 1593 2385 24.
1613 2362 1653 2386 28.
1672 2361 1726 2390 Qua

1238 2411 1283 2442 76)
1303 2415 1328 2436 et
1346 2410 1412 2441 aliis]
1434 2411 1505 2435 Editt.
1524 2411 1563 2434 22.
1579 2412 1620 2434 24.
1641 2411 1758 2440 28-34.,
1780 2410 1838 2440 opp.
1862 2411 1880 2433 1.
1900 2409 1922 2432 2.
1943 2412 1969 2433 et
1986 2409 2011 2433 in
2029 2408 2086 2433 aliis

224 2473 301 2497 sunt
328 2467 453 2503 omnia,
483 2477 565 2507 quae
589 2468 630 2497 ad
655 2468 748 2497 beate
771 2466 944 2496 vivendum
972 2464 1098 2502 ferunt,
1132 2473 1194 2494 nec
1239 2464 1284 2492 77)
1302 2462 1458 2492 excitarunt]
1480 2462 1552 2486 Editt.
1573 2462 1594 2484 1.
1614 2461 1639 2484 3.
1660 2461 1776 2486 excitant.

224 2518 388 2548 suspensa
410 2508 547 2539 aliorum
569 2516 624 2539 aut
649 2510 734 2539 bono
758 2518 840 2539 casu
863 2513 918 2539 aut
931 2507 1094 2538 contrario
1116 2516 1194 2547 pen·
1239 2514 1284 2544 78)
1304 2513 1466 2543 pugnandum
1486 2512 1528 2543 sit]
1549 2513 1621 2542 corp.
1642 2512 1715 2534 1-8.
1736 2511 1768 2535 sit
1787 2509 1950 2540 pugnandum
