2358 2933
181 1457 222 1483 68.

582 113 606 143 1.
635 112 737 143 LOCI
760 111 1035 144 THEOLOGICI:
1065 112 1101 144 C.
1125 113 1336 146 SECUNDA
1357 114 1514 146 EORUM
1536 115 1692 146 AETAS.

307 205 351 242 2.]
397 203 471 233 Non
504 203 606 234 intres
630 205 661 235 in
683 205 836 235 iudicium
860 210 923 235 etc.
967 204 1009 235 Et
1035 205 1128 236 Chri·
1148 214 1150 226 ⁴
1173 217 1270 238 cesse
1304 214 1355 238 est
1389 214 1420 238 et
1454 207 1540 238 aliud
1576 208 1728 248 quiddam
1763 218 1840 239 esse
1861 217 1996 251 propter

307 253 379 277 stus
414 245 495 277 Cum
528 244 673 278 feceritis
707 248 812 278 onmia
847 252 910 277 etc.

305 374 409 404 dimus
443 375 540 405 nobis
572 375 691 405 remitti
722 380 862 414 peccata
891 380 1015 404 certam
1039 385 1125 405 esse.

304 460 408 489 credit
440 460 471 489 in
496 470 569 489 eum
596 469 662 490 non
687 458 915 489 confundetur.

302 500 402 531 faciat.
420 502 621 532 conscientia
644 503 789 531 morituri
814 511 887 530 cum
911 507 1057 532 statuere
1070 503 1126 532 de-

304 544 358 574 bet
387 553 425 574 se
453 544 576 574 habere
606 544 701 574 deum
726 544 908 583 propicium
939 549 969 573 et
998 544 1125 574 habitu·
1148 578 1149 582 Ἰ

303 596 373 615 1-11111
397 596 472 616 6556
500 587 599 617 vitam
624 592 802 623 aeternam,
826 585 910 616 Num
925 587 969 623 ⁵⁶)
989 585 1123 627 colliget

302 627 473 659 benefama
506 629 587 659 sua?
619 629 705 659 Num
715 630 760 669 ⁵6)
789 634 964 659 mennetur
987 629 1124 669 d'gmm'
1146 648 1148 666 ⁴¹
1170 661 1261 685 tanta
1284 666 1385 686 causa
1409 657 1579 686 veritatem
1598 658 1685 686 bona
1699 658 1903 688 conscientia
1922 668 1994 689 eru-
2023 656 2027 659 ’

293 716 435 752 'apparet
458 718 596 744 naturae
629 719 765 744 nostrae
794 713 1001 744 imbecillitas
1025 719 1124 754 atque
1146 717 1149 731 ²
1169 708 1263 728 amu*
1288 704 1319 728 et
1350 697 1561 737 ⁰⁸Pl¹⁰e¹¹¹u⁵·

301 675 366 699 tem
399 671 516 701 suam?
547 672 592 701 At
625 672 658 701 in
692 670 749 701 illo
784 672 962 701 certamine
985 672 1124 701 maxime

298 754 508 786 immunditia.
553 755 631 786 Ideo
664 761 700 786 ut
741 757 863 787 fiducia
896 766 935 786 ac
969 766 1046 796 spes
1082 757 1122 786 sit

299 802 400 835 certa,
442 797 673 829 transferenda
709 805 758 828 est
800 800 841 829 ad
874 799 1124 839 promissionem

299 841 473 880 gratuitam
497 840 621 871 Christi
654 851 721 871 non
750 842 792 871 ad
814 847 963 871 nostram
986 842 1124 882 dignita-

299 888 374 912 tem.
420 883 511 914 Sicut
534 884 636 924 inquit
659 883 795 914 Paulus.

298 934 365 954 non
391 935 431 955 ex
449 926 546 956 vobis
569 936 612 956 ne
635 927 706 967 quis
731 925 900 967 glorietur.
946 926 1026 956 Item
1050 937 1124 967 gra-

297 967 339 996 tis
375 967 495 998 salvati
523 969 613 998 estis.
660 968 710 998 Ex
736 969 788 998 his
813 969 963 999 omnibus
989 974 1122 999 constat

297 1015 413 1039 nostra
438 1009 611 1040 benefacta
634 1021 701 1041 non
725 1020 802 1040 esse
821 1012 919 1051 digna
938 1011 1005 1041 vita
1017 1017 1124 1041 aeter-

301 1060 355 1087 na,
378 1051 414 1081 In
429 1053 472 1087 ⁵⁷)
497 1051 671 1082 benefacta
694 1053 813 1083 intueri
827 1055 871 1089 ⁵8)
896 1053 1023 1083 tristem
1047 1063 1124 1084 con-

300 1093 472 1124 scientiam
495 1100 527 1124 et
549 1100 686 1135 propter
706 1094 790 1125 haec
805 1105 941 1136 sperare
959 1096 1058 1125 vitam
1071 1105 1124 1126 ae-

300 1141 427 1166 ternam
448 1146 515 1166 non
540 1142 590 1167 est
612 1147 799 1177 proponere
822 1138 947 1168 firmam
970 1137 1124 1168 consola-

300 1178 422 1208 tionem
463 1179 570 1210 animo
601 1179 741 1210 luctanti
776 1191 850 1211 cum
884 1181 1122 1220 desperatione.

301 1219 368 1251 Cur
389 1221 490 1262 igitur
513 1221 699 1262 appellatur
721 1222 873 1253 merces?

403 1292 552 1318 Extrema
570 1299 651 1325 pars
677 1293 767 1317 tertia
795 1291 883 1316 huius
903 1292 1039 1325 payinae
1063 1289 1122 1315 1113.

404 1330 432 1351 et
455 1334 578 1359 sequens
601 1328 729 1361 inteyra,
746 1325 800 1358 fol.
820 1326 862 1355 67,
883 1324 919 1355 b„
939 1324 1026 1350 albae
1045 1327 1122 1349 sunt.

403 1360 520 1386 Deinde
539 1363 701 1394 sequuntur
721 1359 849 1385 haecce.-

673 1452 782 1484 Aliud.

343 1520 468 1552 Paulus
491 1520 618 1552 faciens
641 1523 728 1553 bona
752 1533 852 1563 opera
876 1522 1035 1560 salvatur,
1058 1533 1126 1553 non

301 1562 429 1594 faciens
456 1574 523 1594 non
554 1563 712 1600 salvatur,
735 1567 847 1605 posito
867 1566 964 1596 etiam
986 1575 1046 1606 per
1068 1566 1126 1595 im-

300 1605 461 1646 possibile
486 1607 574 1647 quod
603 1608 734 1645 credat,
764 1608 840 1648 quia
864 1608 1019 1638 Christus
1049 1608 1126 1638 dicit

300 1649 336 1679 Si
359 1649 409 1679 vis
433 1649 561 1689 ingredi
584 1655 647 1680 etc.
687 1650 766 1680 Item
780 1649 903 1681 Paulus
928 1650 963 1681 Si
985 1650 1126 1681 habeam

301 1701 431 1721 omnem
453 1691 550 1722 tidem
573 1697 636 1722 etc.
681 1692 784 1734 Igitur
811 1698 927 1724 nostra
951 1691 1127 1724 benefacta

301 1733 418 1764 saltem
453 1740 548 1764 erunt
572 1733 683 1776 aliqua
706 1747 746 1767 ex
767 1742 863 1776 parte
887 1746 988 1766 causa
1011 1735 1126 1765 iustifi-

301 1777 453 1807 cationis.
483 1776 685 1818 Respondeo
710 1779 751 1809 ad
771 1778 1013 1816 antitheses.⁵⁹)
1038 1777 1125 1808 Con-

300 1820 384 1850 cedo
411 1819 502 1852 illam
531 1822 749 1853 obedientiam
783 1822 1009 1852 necessariam
1037 1829 1125 1857 6556,

301 1862 361 1895 Sed
396 1870 505 1896 tamen
538 1875 606 1895 non
639 1864 794 1895 iustificat
817 1874 1013 1904 personam,
1034 1868 1070 1893 ut
1092 1863 1124 1892 in

300 1908 373 1950 ipso
397 1918 506 1950 agone
529 1908 724 1948 experimur,
747 1907 872 1937 etiamsi
890 1906 1034 1936 habeant
1045 1903 1125 1935 mul-

301 1957 334 1982 ta
358 1952 442 1982 bona
468 1960 581 1991 opera,
603 1956 713 1980 tamen
737 1960 774 1979 ea
799 1950 905 1979 onmia
928 1959 994 1979 non
1013 1953 1125 1989 potest

302 2004 471 2034 opponere
494 1994 547 2023 uni
571 1992 669 2023 alicui
691 1998 845 2033 peccato,
868 1998 903 2022 ut
927 1997 1050 2022 statuat
1063 1991 1125 2021 sibi

302 2047 362 2078 pro
392 2035 456 2067 illis
485 2034 671 2067 benefactis
695 2035 806 2065 deberi
830 2035 958 2065 veniam
976 2044 1036 2074 pro
1058 2044 1124 2063 uno

306 2080 416 2121 aliquo
436 2084 554 2110 errat0.
599 2077 739 2109 Deinde.
784 2076 845 2108 Illa
872 2078 945 2117 ipsa
973 2077 1126 2107 obedien-

305 2124 349 2153 tia
379 2133 438 2163 per
466 2131 543 2152 sese
571 2126 622 2151 est
650 2119 843 2161 imperfecta
869 2126 905 2150 ut
928 2125 1070 2157 constat,
1095 2124 1125 2148 et

300 2165 474 2206 plurimum
508 2164 608 2194 habet
641 2164 718 2194 vitii.
774 2161 875 2194 Valet
908 2168 1017 2193 autem
1050 2171 1126 2202 pro-

299 2214 415 2249 pterea
434 2208 509 2249 quia
531 2216 677 2247 persona
700 2212 750 2237 est
774 2212 923 2246 accepta.
969 2205 1045 2236 Ideo
1069 2215 1126 2235 ne—

973 247 1127 278 Secundo
1149 251 1151 271 ³

305 299 446 320 necesse
466 295 516 319 est
539 296 649 320 tamen
672 300 764 330 spem
787 290 874 320 vitae
890 295 1045 320 aeternae
1058 300 1128 320 cer·
1149 300 1150 319 i

304 337 371 361 tam
393 341 481 369 esse,
504 333 589 362 sicut
611 342 754 363 necesse
777 337 828 362 est
851 331 948 361 fidem
972 343 1036 372 qua
1057 343 1127 363 cre·
1149 336 1150 339 ’

1148 391 1150 418 ;
1171 379 1405 408 necessarium.

304 416 396 447 quta
429 415 509 447 illud
532 417 617 457 Spes
646 427 712 447 non
748 415 929 449 confundit.
964 417 1043 447 Item
1073 419 1150 457 qui*y

960 459 1027 489 Iam
1050 461 1126 500 quid
1148 467 1149 483 1

841 884 974 914 Donum
998 885 1049 915 dei
1074 889 1124 914 est
1147 905 1148 914 ,

1173 250 1261 289 quod
1286 260 1399 280 sumus
1423 251 1561 290 accepti,
1586 257 1617 281 et
1641 251 1674 281 id
1696 261 1763 281 non
1786 253 1932 292 pendere
1956 263 1996 284 ex

1172 293 1330 333 dignitate
1349 294 1517 333 sequentis
1553 294 1770 324 obedientiae.
1814 294 1854 324 Et
1888 301 1995 325 tamen

1173 335 1269 364 debet
1292 335 1375 366 haec
1400 336 1586 366 obedientia
1608 337 1770 376 praestari
1793 343 1827 367 ut
1851 337 1995 367 debitum

1463 378 1504 407 Et
1538 389 1612 409 cum
1644 385 1833 418 praestatur
1856 387 1993 410 excusat

1170 429 1232 458 pro
1263 430 1323 449 sua
1355 425 1450 460 parte
1484 421 1515 450 in
1545 419 1767 451 reconciliatis
1796 432 1862 451 non
1885 428 1993 452 tamen

1170 461 1323 491 iustificat
1346 472 1532 502 personam.

1274 503 1421 529 Estrema
1449 504 1536 528 huius
1561 507 1696 539 paqinae
1714 504 1773 530 Ms.
1802 512 1879 537 pars
1903 507 1992 531 tertia

1275 541 1373 562 Ducat.

1215 571 1220 590 ¹
1246 571 1517 603 Ostendemusffl)
1541 582 1690 609 acumen,
1714 571 1864 602 ludamus
1878 572 1993 614 figuris

1169 613 1202 643 in
1235 612 1308 643 aliis
1343 615 1453 644 causis
1487 614 1607 653 potius.
1653 614 1687 644 ln
1722 613 1865 645 ecclesia
1901 622 1931 646 et
1961 617 1994 646 in

1607 699 1684 729 Ideo
1714 700 1852 739 primum
1876 700 1917 729 de
1941 710 1994 730 ex-

1172 739 1297 770 clusiva
1331 740 1474 781 praefari
1509 748 1658 781 oportet,
1688 748 1719 771 ut
1755 740 1893 783 intelligi
1918 752 1994 782 pos-

1171 784 1213 813 sit
1258 783 1344 813 hanc
1397 785 1659 814 controversiam
1704 794 1771 813 non
1813 794 1890 814 esse
1926 785 1993 814 ina-

1170 835 1243 856 nem
1276 825 1516 866 logomachiam
1551 826 1611 856 sed
1646 826 1686 855 de
1715 826 1862 856 maximis
1894 827 1993 857 rebus

1171 874 1337 898 certamen
1372 878 1458 898 esse.
1511 868 1706 899 Adversarii
1729 879 1794 899 11011
1816 869 1861 899 ita
1884 869 1993 898 mode-

1170 916 1241 940 rate
1266 911 1385 941 docent
1409 911 1449 941 de
1473 910 1537 941 fide
1556 917 1585 941 et
1607 912 1761 951 operibus
1787 911 1993 950 utpraescri-

1170 953 1257 982 bitur
1271 954 1304 982 in
1318 959 1523 993 argumento,
1543 954 1601 983 sed
1625 954 1743 984 docent
1765 953 1929 983 hominem
1949 954 1993 983 iu-

1170 1002 1256 1025 stum
1278 1005 1355 1025 esse
1377 1001 1513 1035 propter
1524 996 1690 1036 propriam
1710 996 1910 1036 dignitatem,
1927 995 1992 1026 hoc

1170 1043 1220 1067 est
1244 1043 1379 1077 propter
1402 1037 1620 1077 impletionem
1643 1037 1746 1078 legis,
1770 1044 1801 1067 et
1827 1038 1990 1067 somniant

1170 1079 1333 1109 hominem
1366 1078 1431 1120 legi
1465 1079 1661 1110 satisfacere
1683 1090 1795 1120 posse,
1829 1079 1992 1110 hominem

1168 1131 1272 1162 posse
1290 1132 1368 1152 esse
1392 1123 1462 1152 sine
1486 1130 1637 1162 peccato,
1650 1125 1746 1152 inuno
1760 1123 1881 1153 addunt
1895 1123 1992 1152 etiam

1168 1170 1285 1204 postea
1319 1164 1482 1195 hominem
1515 1163 1693 1206 perfectius
1728 1165 1880 1206 quiddam
1915 1163 1992 1205 lege

1169 1206 1293 1237 faeere.
1316 1206 1369 1237 De
1392 1206 1510 1238 fiducia
1533 1208 1777 1238 misericordiae
1800 1205 1888 1236 nulla
1907 1206 1992 1246 apud

1170 1259 1230 1280 eos
1264 1250 1384 1280 mentio
1409 1251 1463 1287 fit,
1487 1256 1517 1280 et
1541 1256 1666 1281 tantum
1687 1248 1871 1290 intellfgunt
1895 1249 1993 1278 fidem

1169 1292 1317 1323 notitiam
1345 1292 1503 1323 historiae
1537 1302 1597 1323 seu
1625 1291 1726 1333 legis,
1760 1293 1856 1322 immo
1879 1291 1991 1321 iubent

1170 1336 1332 1373 dubitare,
1366 1342 1398 1366 et
1426 1336 1547 1366 docent
1570 1336 1803 1366 dubitationem
1826 1344 1892 1364 non
1916 1342 1993 1363 esse

1168 1384 1351 1419 peecatum.
1386 1377 1468 1409 Cum
1490 1383 1598 1409 autem
1619 1377 1653 1407 hi
1676 1386 1806 1408 errores
1831 1382 1862 1406 et
1884 1374 1992 1416 legem

1171 1427 1203 1451 et
1224 1420 1441 1462 Evangelium
1459 1419 1556 1451 simul
1583 1419 1754 1457 aboleant,
1786 1428 1992 1458 nequaquam

1170 1462 1298 1494 serendi
1331 1469 1387 1494 aut
1421 1461 1647 1493 dissimulandi
1677 1468 1752 1492 sunt
1781 1462 1814 1491 in
1837 1459 1990 1491 ecclesia.

1171 1505 1248 1536 Ideo
1272 1507 1466 1546 opponimus
1490 1504 1555 1535 illis
1580 1505 1748 1535 erroribus
1771 1503 1833 1534 has
1856 1501 1992 1532 antithe-

1172 1558 1239 1579 ses.
1274 1548 1379 1579 Nemo
1403 1547 1565 1579 satisfacit
1587 1546 1789 1588 legi,.Nemo
1814 1550 1864 1575 est
1888 1545 1992 1575 iustus

1171 1597 1306 1631 propter
1328 1589 1547 1631 impletionem
1570 1589 1665 1631 legis.
1712 1589 1817 1619 Nemo
1846 1592 1896 1617 est
1921 1587 1992 1617 sine

1171 1640 1322 1673 peccato,
1355 1633 1416 1663 sed
1449 1632 1599 1663 homines
1632 1631 1891 1672 pronunciantur
1916 1629 1992 1660 iusti

1171 1676 1291 1706 fiducia
1303 1676 1549 1706 misericordiae
1567 1680 1700 1715 propter
1713 1673 1890 1704 Christum.
1921 1673 1991 1703 Nec

1171 1728 1252 1748 vero
1271 1719 1384 1758 negari
1406 1724 1515 1758 potest
1539 1717 1605 1747 {ide
1628 1717 1716 1757 apud
1738 1715 1876 1746 Paulum
1894 1716 1992 1756 signi-

1171 1761 1263 1791 ficari
1295 1760 1447 1791 fiduciam
1480 1760 1727 1790 misericordiae
1760 1764 1913 1800 agentem
1935 1757 1990 1788 ali-

1171 1804 1247 1843 quid
1280 1803 1312 1833 in
1345 1802 1579 1833 iustificatione·
1601 1807 1770 1842 perpetuo.
1816 1800 1856 1831 Et
1881 1810 1991 1841 quam-

1171 1856 1268 1886 quam
1303 1846 1460 1876 docemus
1485 1845 1701 1875 obedientiam
1729 1843 1814 1884 legis
1838 1852 1991 1874 necessa-

1171 1889 1251 1918 riam
1270 1898 1357 1925 6556,
1380 1894 1488 1917 tamen
1513 1888 1662 1918 addimus
1686 1884 1991 1922 exclusivam,fidu—

1172 1931 1220 1961 cia
1245 1929 1348 1961 solius
1371 1930 1626 1967 misericordiae,
1650 1939 1691 1959 ne
1714 1928 1796 1959 fides
1815 1934 1992 1965 evertatur,

1171 1973 1247 2004 Non
1271 1974 1355 2004 enim
1377 1979 1487 2013 potest
1513 1973 1654 2003 existere
1673 1971 1790 2002 fiducia
1816 1972 1848 2000 in
1872 1971 1990 2001 iudicio

1172 2016 1224 2046 dei
1258 2017 1285 2046 si
1319 2016 1485 2046 assuenda
1504 2021 1555 2045 est
1580 2014 1722 2045 conditio
1747 2013 1911 2054 dignitatis
1934 2023 1992 2043 no-

1173 2066 1261 2089 strae
1284 2058 1348 2089 hoc
1371 2058 1481 2089 modo.
1526 2057 1618 2087 Tunc
1638 2057 1736 2087 crede
1760 2066 1833 2086 cum
1852 2054 1917 2096 legi
1941 2065 1992 2085 sa-

1172 2100 1335 2133 tisfeceris
1358 2107 1413 2131 aut
1437 2100 1516 2130 satis
1541 2110 1674 2140 operum
1698 2098 1863 2128 habueris.
1908 2098 1991 2127 Nam

1172 2145 1256 2175 haec
1280 2142 1449 2174 exclusiva
1471 2143 1663 2173 necessaria
1683 2146 1731 2171 est
1746 2141 1777 2170 in
1791 2140 1909 2170 iudicio
1925 2140 1987 2176 dei,

1173 2189 1213 2219 de
1247 2197 1312 2228 quo
1348 2186 1425 2216 dicit
1446 2185 1566 2216 David.
1611 2185 1685 2214 Non
1708 2183 1937 2213 iustificabitur
1958 2183 1991 2211 in

1172 2236 1234 2261 etc.
1281 2229 1372 2259 Haec
1397 2229 1472 2265 d'mi,
1494 2228 1578 2268 utffl)
1602 2226 1708 2257 lector
1732 2226 1845 2255 anxius
1870 2225 1991 2266 cogitet

1172 2282 1255 2315 quos
1285 2281 1416 2302 errores
1451 2271 1627 2311 praecipue
1662 2278 1899 2309 oppugnemus.
1956 2266 1991 2296 Si

1171 2317 1243 2357 quis
1268 2320 1375 2344 autem
1397 2314 1459 2343 ista
1480 2313 1576 2342 nobis
1591 2311 1806 2347 concesserit,
1819 2320 1903 2350 quae
1916 2315 1992 2339 sunt

147 2361 192 2390 56)
211 2361 287 2391 Num]
319 2361 363 2386 MS·
390 2363 480 2387 habet:
508 2352 557 2385 Νᾶ
576 2360 623 2390 (=
640 2360 724 2385 Num?
742 2359 783 2383 vel
801 2359 917 2390 Nssn⁰?);
936 2361 1044 2390 utroque
1070 2360 1124 2384 10⁰0
1170 2358 1344 2389 verissima
1379 2362 1408 2386 et
1438 2356 1576 2385 maxime
1599 2353 1788 2384 necessaria
1816 2351 1990 2388 ecclesiae,

216 2396 326 2425 primum
346 2397 459 2421 exhibuit
478 2401 565 2423 nunc,
586 2394 632 2419 sed
652 2395 736 2419 statim
756 2396 905 2418 correctum.

147 2438 192 2468 57)
212 2439 255 2463 Ms.
275 2440 334 2462 ante
354 2437 388 2462 1η
406 2439 485 2463 habet
504 2444 542 2461 ac
561 2445 575 2460 s
593 2440 755 2467 expunctum.

147 2489 192 2520 53)
212 2489 314 2520 intueri]
334 2490 394 2514 MS:
415 2489 514 2512 ‘'nte''l'·
551 2490 639 2514 Nonne
659 2490 772 2512 efflffl'ssm
791 2485 892 2511 fabem
905 2486 1015 2511 exemit?
1147 2465 1150 2537 1
1171 2494 1216 2524 60)
1238 2492 1418 2523 Ostendemus]
1440 2492 1526 2516 Nonne
1549 2488 1734 2514 ostentemus
1751 2488 1913 2513 scribendum
1933 2488 1990 2511 est?

147 2540 193 2570 59)
213 2540 364 2571 antitheses]
378 2526 494 2565 Mssaffs

1146 2559 1149 2564 ,
1171 2537 1217 2567 61)
1236 2537 1280 2561 Ms-
1299 2537 1356 2566 post
1376 2536 1407 2557 ut
1426 2534 1539 2558 exhibet:
1559 2531 1649 2556 altius
1668 2531 1714 2556 sed
1733 2534 1893 2561 expunctum.

1943 2562 1988 2587 21*

2029 585 2069 613 68,

2028 2065 2067 2093 69,

2088 120 2151 151 326

2086 2070 2110 2088 3.
