2358 2933
264 102 320 131 &31

266 195 316 222 bet
342 193 462 223 Paulus
487 195 612 232 precari
638 200 776 230 ceteros,
801 200 834 224 ut
859 193 950 225 Deus
975 195 1080 234 ipsum
1104 196 1233 226 adiuvet
1254 220 1257 226 ,

265 236 294 264 111
318 245 377 264 sua
402 233 578 265 functione.

350 276 404 305 Est
429 284 457 306 et
484 276 564 306 haec
588 287 705 317 magna
729 275 930 313 consolatio,
962 288 1034 308 cum
1057 278 1120 309 hoc
1143 280 1232 309 mini-

264 319 396 348 sterium
425 328 443 348 a
472 318 542 348 Deo
571 320 751 349 institutum
787 320 844 352 sit,
878 320 1003 349 etiamsi
1038 330 1167 360 semper
1201 322 1232 351 in

264 361 381 390 inundo
404 360 491 389 varie
505 368 689 400 quassatur,
713 369 743 391 et
766 360 856 391 multi
880 361 1026 392 homines
1050 363 1091 392 ab
1115 372 1154 392 eo
1179 364 1231 393 de-

263 403 404 443 sciscunt
427 412 465 431 ac
492 409 638 441 pereunt,
663 409 769 433 tamen
794 413 858 433 non
881 405 997 443 poterit
1020 402 1164 436 funditus
1179 406 1232 435 de—

264 443 329 473 leri.
388 443 539 474 (hristus
580 445 662 474 enim
698 446 796 485 inquit
830 445 947 475 Manli.
985 445 1033 475 16.
1070 449 1132 483 [vs.
1170 446 1231 484 184

263 487 367 525 Super
390 485 474 515 hanc
498 493 622 526 petram
646 487 827 517 aedificabo
854 487 1033 518 Ecclesiam
1056 498 1177 525 meam,
1201 489 1232 519 id

263 534 321 561 est,
346 537 445 567 super
469 527 531 558 hoc
552 529 774 560 ministerium.
794 535 824 559 et
848 536 960 568 portae
979 528 1155 560 inferorum
1168 541 1232 561 non

263 569 493 609 praevalebunt
520 570 681 601 adversus
706 581 788 601 eam.
834 571 903 602 llac
935 571 1162 602 consolatione
1190 573 1232 612 pii

262 613 357 641 etium
381 611 443 641 hoc
466 619 611 651 tempore
635 622 671 642 se.
693 619 893 650 sustentent,
920 620 951 644 ct
974 615 1078 644 sciant
1101 624 1231 644 mansu-

263 664 316 683 ras
329 663 405 684 esse
422 653 576 693 reliquias
589 654 759 685 Ecclesiae
774 663 803 685 et
823 656 891 685 veri
904 656 1082 693 ministerii,
1106 657 1230 686 etiamsi

263 704 353 726 ruant
369 699 397 727 9)
429 697 570 736 imperia.
616 696 808 737 Quanquam
832 698 863 727 id
894 708 957 728 non
982 697 1015 727 fit
1039 699 1110 729 sine
1133 697 1231 728 cladi-

263 740 322 768 bus
354 737 539 775 Ecclesiae,
573 740 632 769 sed
668 739 750 770 tales
780 746 855 769 sunt
885 747 914 769 et
945 739 1075 770 suerunt
1102 750 1231 780 semper

261 781 368 810 mundi
381 790 519 819 poenae.
544 781 626 811 sicut
641 782 742 812 Amos
767 780 810 818 [9,
824 781 868 819 8.]
894 782 1010 822 inquit:
1034 781 1121 813 Ecce
1144 782 1231 812 oculi
1252 787 1254 802 1

262 821 390 853 Domini
421 833 519 862 super
547 833 683 864 regnum
708 824 911 860 damnatum,
944 830 975 853 et
1005 824 1121 854 delebo
1151 823 1231 855 illud

261 865 300 895 de
324 871 426 901 terra,
451 865 507 894 scd
533 865 631 895 iacob
656 876 719 895 non
744 864 875 898 delebo,
899 876 1011 896 verum
1034 873 1068 896 ut
1092 867 1231 897 triticum

261 909 291 937 in
306 907 415 937 cribro
431 908 626 943 concutiam,
650 918 709 938 nec
734 908 860 938 decidet
885 919 1022 948 granum
1046 909 1077 938 in
1100 914 1230 939 terram.

263 950 320 979 Hic
345 948 506 989 Propheta
531 948 626 979 simul
650 951 752 980 minas
777 956 807 979 et
831 949 1090 981 consolationem
1113 960 1231 991 propo-

261 993 314 1022 nit.
358 992 423 1021 Nec
443 992 556 1022 mitum
579 998 629 1022 est
652 993 755 1032 puniri
776 993 920 1033 imperia,
944 993 1018 1033 quia
1042 1003 1114 1023 cum
1134 993 1231 1023 debe·
1252 1004 1254 1018 ¹

261 1041 327 1063 rent
345 1035 457 1064 iuvare
470 1040 498 1063 et
513 1035 596 1064 tueri
609 1035 829 1072 ministerium,
842 1035 924 1065 sicut
938 1033 1090 1065 Psalmus
1105 1034 1172 1073 [23,
1183 1034 1229 1071 94

261 1077 376 1116 inquit:
413 1076 546 1115 Aperite
578 1083 708 1115 portas,
745 1076 930 1117 Principes,
964 1082 1111 1114 vestraS,
1145 1077 1230 1117 impii

263 1118 430 1158 Principes
462 1117 573 1148 delere
600 1117 770 1149 Ecclesias
801 1124 969 1149 conantur.
1016 1118 1081 1149 Alii
1112 1120 1230 1149 medio-

262 1170 336 1191 cres
361 1171 420 1190 sua
445 1159 641 1201 negligentia
666 1159 864 1197 deformant,
888 1171 953 1191 non
977 1159 1087 1191 fovent
1112 1162 1230 1198 studia,

262 1213 325 1233 non
356 1210 514 1243 quaerunt
547 1203 693 1233 eruditos
723 1203 903 1239 ministros,
937 1213 1002 1233 non
1033 1209 1149 1234 curant
1182 1204 1229 1233 eis

262 1245 378 1275 victum
402 1245 615 1283 mediocrem,
639 1255 704 1275 non
727 1246 858 1276 student
882 1244 1060 1276 conciliare
1082 1244 1230 1275 volunta-

261 1294 308 1317 tes
339 1297 462 1318 eorum.
511 1286 660 1327 Denique
694 1286 779 1317 hanc
812 1294 937 1327 partem
970 1287 1091 1328 publici
1125 1293 1229 1318 status

261 1328 312 1359 vel
335 1328 506 1371 negligunt
531 1335 684 1369 tanquam
699 1335 876 1360 extremam
900 1328 953 1359 vel
976 1336 1046 1360 arte
1070 1335 1228 1370 premunt.

344 1371 488 1402 Basilius
511 1372 655 1411 queritur
677 1382 738 1402 suo
762 1377 908 1412 tempore
932 1378 1066 1402 evectos
1090 1381 1165 1401 esse
1189 1371 1230 1401 ad

260 1415 529 1455 gubernationem
551 1413 722 1444 Ecclesiae
745 1424 915 1444 servorum
938 1415 1079 1444 omnium
1112 1413 1229 1443 vilissi-

260 1466 341 1493 mos,
365 1457 514 1487 indoctos
531 1462 561 1486 et
586 1457 735 1497 ignavos⁴
765 1456 898 1493 Postea,
923 1466 996 1486 cum
1015 1466 1095 1496 opes
1120 1465 1229 1486 creve-

261 1507 344 1535 runt,
367 1497 552 1529 functiones
575 1497 834 1529 Ecclesiasticae
858 1496 987 1529 suerunt
1004 1498 1148 1538 praedae
1171 1507 1229 1538 po-

261 1542 411 1572 tentibus.
448 1541 556 1581 lpsum
579 1550 658 1571 vero
681 1541 894 1571 ministerium
917 1539 1102 1581 neglectum
1125 1546 1175 1570 est
1198 1545 1230 1570 et

260 1593 317 1622 per
339 1584 559 1613 mercenarios
588 1583 738 1613 indoctos
761 1583 877 1622 partim
899 1583 1133 1623 superstitione
1155 1592 1229 1622 par·
1250 1608 1252 1611 .

259 1627 311 1655 tin·
336 1626 471 1655 avaritia
495 1626 706 1665 depravatum
729 1632 790 1655 est.

344 1668 437 1697 Nunc
468 1678 582 1697 rursus
606 1668 700 1698 etiam
725 1668 755 1697 in
779 1665 843 1697 illis
866 1666 965 1705 locis,
995 1669 1050 1698 ubi
1081 1668 1230 1697 doctrina

259 1712 387 1740 sincera
406 1716 539 1750 recepta
551 1716 612 1746 est,
635 1710 846 1740 admittuntur
863 1710 905 1739 ad
917 1710 1127 1740 ministerium
1138 1708 1230 1739 multi

258 1753 377 1782 indocti
391 1758 419 1782 et
433 1753 541 1792 ignavi
553 1762 561 1787 3
585 1752 658 1792 quia
671 1758 820 1792 potentes
835 1757 936 1781 totam
949 1751 1034 1782 hanc
1047 1762 1115 1782 rem
1126 1750 1230 1793 negli-

260 1801 337 1835 gunt
356 1804 417 1824 nec
436 1800 565 1824 tuentur
583 1794 689 1824 studia
708 1804 767 1824 nec
783 1799 896 1824 curant
913 1793 956 1825 ali
971 1794 1147 1824 ministros.
1183 1794 1230 1824 Ita

260 1837 423 1876 perpetuis
448 1834 692 1866 difficultatibus
717 1837 747 1866 in
771 1835 834 1866 hoc
857 1837 976 1867 mundo
989 1835 1141 1867 Ecclesia
1153 1845 1229 1866 con-

259 1879 415 1909 flictatur.
439 1888 520 1918 quas
544 1879 584 1917 pii
609 1879 820 1909 considerare
843 1879 978 1915 debent,
1002 1884 1036 1909 ut
1059 1888 1120 1909 suo
1144 1878 1229 1918 quis-

259 1930 321 1961 que
343 1920 428 1956 loco,
453 1928 606 1960 quantum
629 1927 748 1960 potest,
775 1930 831 1951 eas
853 1919 962 1957 leniat,
985 1927 1019 1951 ut
1030 1921 1125 1951 etiam
1137 1920 1228 1951 Deus

261 1964 378 2003 mitiget
403 1973 536 2001 poenas.

344 2005 382 2034 Et
407 2005 535 2044 quidem
559 2004 640 2035 haec
663 2003 783 2042 officia,
809 2014 892 2045 quae
915 2012 1053 2045 prosunt
1075 2005 1117 2035 ad
1139 2005 1229 2035 mini-

260 2048 347 2077 sterii
383 2048 681 2083 conservationem,
727 2046 820 2077 Deus
854 2048 1063 2078 severissime
1097 2047 1229 2088 requirit

261 2098 289 2119 et
315 2090 440 2130 magnis
464 2090 614 2128 praemiis
635 2095 835 2129 compensat,
859 2090 943 2120 sicut
963 2088 1024 2119 hae
1048 2089 1229 2119 sententiae

261 2137 420 2161 testantur
450 2130 577 2167 matth.
603 2131 653 2168 10,
683 2132 765 2169 424:
811 2131 873 2166 Qui
904 2132 1029 2162 dederit
1062 2131 1157 2162 alicui
1189 2141 1228 2161 ex

260 2175 395 2203 minimis
422 2173 532 2203 homm
554 2180 675 2204 tantum
695 2184 800 2214 aquae
822 2181 932 2213 potum
955 2179 1088 2214 propter
1111 2173 1227 2204 doctri-

260 2226 348 2252 nam,
378 2226 470 2245 amen
495 2216 567 2245 dico
592 2217 701 2252 vobis,
731 2226 794 2245 non
815 2217 926 2255 perdet
951 2217 1142 2246 mercedem.
1188 2214 1228 2245 Et

260 2257 408 2296 exempla
432 2265 504 2287 sunt
527 2257 673 2295 illustria,
698 2259 814 2288 viduae
833 2258 1046 2298 sareptanae,
1071 2267 1154 2298 quae
1172 2267 1227 2288 ex-

260 2301 342 2339 cepit
373 2298 492 2329 Eliam:
518 2300 659 2337 Abdiae,
690 2300 720 2331 3.
746 2299 828 2330 Rem
855 2300 903 2331 18.
936 2301 977 2337 [l.
1002 2299 1083 2341 Reg.
1110 2300 1159 2337 18,
1183 2300 1226 2337 4.]

259 2344 310 2382 qui
336 2350 463 2372 centum
485 2341 664 2381 Prophetas
688 2344 719 2373 in
743 2352 802 2382 spe
818 2343 909 2373 uncis
933 2343 1061 2373 abditos
1085 2340 1228 2373 defendit

259 2393 288 2414 et
312 2385 416 2423 pavit:
446 2383 616 2421 Ezechiae,
639 2385 669 2414 2.
688 2383 795 2415 Paral.
810 2385 861 2414 31.
884 2384 1065 2425 Aethiopis,
1090 2386 1143 2425 qui
1160 2394 1228 2414 ser·

261 2436 310 2457 vat
339 2426 513 2456 leremiam.

277 2522 304 2548 3¹,
325 2520 409 2548 ruant]
428 2519 497 2543 Editt
522 2521 527 2540 1
548 2520 617 2542 -17,
638 2522 677 2542 21.
697 2526 769 2544 ment

894 101 1001 133 PfflL.
1020 102 1120 134 MEL.
1140 102 1323 135 SCRIPTA
1340 103 1612 136 DOGMATICA.

2181 108 2243 139 852

1364 196 1415 227 De
1438 196 1488 226 his
1511 197 1610 227 rebus
1634 197 1802 234 omnibus,
1829 198 1870 228 de
1893 196 2041 228 efficacia
2062 199 2241 237 ministerii,

1277 239 1317 268 de
1347 240 1535 278 precatione
1565 248 1624 278 pro
1647 239 1843 276 ministerio,
1877 240 1917 270 de
1941 237 2075 277 officiis,
2110 251 2193 281 quae
2215 243 2243 272 ei

1277 280 1451 317 debentur,
1481 281 1521 310 de
1543 281 1657 320 poenis
1680 282 1780 321 spreti
1802 281 1968 312 ministerii
1986 282 2159 313 admoneat
2181 293 2242 315 nos

1276 322 1422 352 doctrina
1446 323 1486 353 (10
1509 322 1736 360 ordinatione,
1760 332 1832 353 cum
1854 324 1937 354 inter
1960 323 2172 355 Sacramenta
2194 335 2242 356 re-

1276 370 1447 401 censetur,
1474 364 1646 395 admoneat
1668 375 1730 395 nos
1753 371 1784 395 et
1807 365 1888 395 ritus
1911 366 2000 406 ipse,
2025 376 2097 396 cum
2115 365 2243 406 publice

1275 412 1463 445 spectamus
1486 407 1742 447 antiquissimum
1766 416 1889 437 morem
1911 406 1997 437 haud
2019 408 2116 439 dubie
2138 418 2157 438 a
2180 409 2242 448 pri—

1275 448 1335 477 mis
1358 449 1504 488 patribus
1531 455 1718 489 acceptum,
1745 447 1896 479 videlicet
1918 450 2155 488 impositionem
2176 461 2242 481 ma-

1275 499 1388 527 nuum,
1446 501 1507 520 uae
1535 501 1665 531 semper
1692 491 1819 530 signum
1849 489 1908 521 fuit
1931 492 1975 520 rei
1999 492 2178 522 destinatae
2201 493 2242 523 ad

1275 530 1395 561 cultum
1453 533 1493 569 ei,
1516 531 1573 563 suit
1598 539 1629 563 et
1649 534 1777 563 siwnum
1803 533 2047 563 benedictionis.
2085 533 2156 564 Hoc
2181 535 2242 565 ritu

1275 573 1372 603 lacob
1397 575 1558 605 benedicit
1580 574 1653 605 filiis
1678 557 1810 615 foseplu
1834 575 1905 605 Hoc
1928 575 1988 605 ritu
2000 574 2135 616 Moyses
2159 576 2242 606 ordi-

1274 621 1329 645 nat
1353 615 1447 646 losue
1469 617 1512 646 ad
1535 618 1802 657 gubernationem
1829 616 1940 657 populi
1964 616 2043 654 Dei,
2070 617 2162 648 Num.
2186 617 2242 653 37;

1252 669 1254 696 j
1275 657 1346 687 1100
1369 658 1431 687 ritu
1454 656 1604 689 Christus
1629 659 1790 689 benedicit
1812 660 1938 699 pueris;
1969 658 2040 689 Hoc
2062 660 2122 689 ritu
2146 670 2242 700 pecu-

1252 702 1254 733 }
1275 700 1333 729 des
1360 700 1591 730 ordinabantur
1614 702 1654 731 ad
1677 701 1741 731 1100
1760 711 1887 738 munus,
1911 707 1945 731 ut
1957 701 2071 731 fierent
2083 702 2241 732 victimae.

1253 740 1254 777 j
1274 740 1454 781 Praecipue
1477 748 1584 772 autem
1607 743 1688 773 ritus
1712 744 1913 773 victimarum
1935 743 2132 784 significavit
2151 742 2241 773 Chri—

1274 789 1369 813 stum.
1415 782 1506 814 Deus
1529 789 1683 814 aeternus
1707 784 1804 815 Pater
1827 785 1979 824 imposuit
2001 786 2031 815 ei
2055 794 2188 823 manus,
2211 786 2241 816 id

1274 830 1338 859 051,
1363 823 1482 866 delegit
1505 835 1594 863 eum,
1617 826 1783 856 benedixit
1805 827 1849 862 ei,
1873 827 1964 856 unxit
1988 836 2058 857 eum
2083 833 2115 857 et
2136 828 2242 858 subie-

1274 868 1317 897 cit
1347 868 1407 897 sibi
1437 878 1477 897 ac
1504 869 1626 907 pressit
1654 868 1777 909 ingenti
1799 877 1899 898 onere
1921 878 1961 898 ac
1983 866 2059 899 fecit
2081 869 2242 899 victimam

1252 909 1254 912 ’
1274 919 1333 948 pro
1357 910 1463 940 nobis.
1504 909 1599 940 Hunc
1623 911 1799 950 praecipue
1822 910 1984 950 significat
2006 909 2059 941 hic
2082 911 2164 942 ritus
2188 911 2242 941 im-

1273 951 1444 991 positionis
1468 962 1630 982 manuum.
1665 951 1786 982 Postea
1809 962 1888 982 vero
1900 952 1942 982 ad
1960 953 2125 983 ministros
2138 958 2243 983 trans-

1274 993 1398 1024 feratur
1427 993 1633 1034 signifleatio.
1679 993 1829 1025 Christus
1858 993 2004 1034 pontifex
2033 995 2166 1035 imponit
2195 995 2243 1025 eis

1252 1042 1254 1053 ²
1274 1045 1421 1073 manum,
1454 1037 1485 1066 id
1510 1042 1577 1073 est,
1612 1034 1724 1077 deligit
1746 1046 1804 1067 eos
1822 1046 1906 1066 voce
1929 1035 2118 1074 Ecclesiae,
2146 1037 2243 1067 bene-

1275 1078 1351 1108 dicit
1374 1078 1421 1108 eis
1445 1088 1485 1108 ao
1506 1078 1601 1118 ungit
1623 1088 1681 1108 eos
1696 1079 1790 1109 (101115
1809 1079 1890 1115 51115,
1914 1078 1998 1108 510111
2010 1079 2166 1119 scriptum
2178 1083 2242 1109 est:

1273 1120 1450 1157 Ascendit,
1474 1120 1528 1150 dat
1551 1121 1637 1150 dona
1655 1119 1858 1158 hominibus,
1881 1119 2080 1160 Prophetas,
2102 1120 2243 1160 Aposto—

1274 1161 1342 1199 los,
1371 1161 1547 1197 Pastores,
1576 1161 1759 1200 Doctores,
1790 1172 1873 1203 quos
1905 1168 1998 1193 ornat
2026 1160 2101 1193 luce
2125 1163 2243 1194 doctri-

1274 1214 1335 1234 nae
1358 1210 1390 1234 et
1408 1202 1479 1234 aliis
1503 1205 1608 1234 donis.
1653 1204 1781 1235 Deinde
1803 1204 1933 1235 subiicit
1956 1214 2014 1234 eos
2038 1204 2110 1241 sibi,
2133 1210 2169 1235 ut
2191 1214 2243 1234 so-

1272 1245 1340 1276 lum
1358 1244 1571 1286 Evangelium
1595 1247 1752 1284 doceant,
1778 1245 1881 1277 solius
1904 1245 2026 1277 Christi
2049 1256 2152 1287 regno
2176 1256 2243 1277 ser-

1272 1289 1372 1325 viant,
1395 1298 1461 1318 non
1485 1294 1646 1328 quaerant
1665 1289 1727 1319 sibi
1744 1288 1935 1328 potentiam,
1959 1298 2024 1318 non
2048 1289 2244 1319 constituant

1272 1331 1406 1370 imperia
1428 1336 1599 1369 praetextu
1621 1329 1801 1371 religionis,
1823 1330 1887 1360 sint
1909 1330 2004 1360 etiam
2028 1330 2189 1367 victimae,
2210 1330 2242 1360 id

1273 1378 1340 1409 est,
1365 1371 1532 1412 perferant
1555 1372 1646 1409 odia,
1675 1382 1849 1402 aerumnas
1873 1377 1904 1401 et
1925 1370 2086 1411 supplicia
2109 1377 2243 1412 propter
2281 1386 2288 1390 ·

1272 1424 1383 1445 veram
1417 1414 1609 1451 doctrinam,
1643 1414 1727 1444 sicut
1759 1413 1909 1444 Psalmus
1947 1413 2010 1450 [⁴13,
2033 1413 2100 1452 22]
2124 1414 2241 1454 iuquit:

1273 1456 1412 1496 Propter
1434 1461 1466 1486 te
1488 1461 1667 1486 mactamur
1690 1461 1759 1486 tota
1782 1456 1843 1486 die.

1358 1497 1439 1529 Cum
1462 1499 1561 1539 igitur
1584 1498 1764 1538 cogitabis,
1788 1507 1854 1528 non
1877 1507 1975 1535 casu,
2005 1507 2071 1528 non
2094 1499 2164 1528 sine
2186 1496 2242 1528 ali-

1273 1551 1337 1582 qua
1360 1540 1599 1581 significatione
1627 1540 1713 1570 hunc
1741 1541 1835 1570 ritum
1862 1551 1881 1571 a
1903 1540 2013 1581 primis
2037 1539 2188 1570 Patribus
2212 1546 2243 1570 et

1273 1585 1314 1614 ab
1338 1581 1508 1622 Apostolis
1532 1588 1723 1622 usurpatum
1747 1592 1841 1619 esse,
1869 1583 2031 1614 excitetur
2053 1583 2177 1612 animus
2201 1582 2242 1612 ad

1273 1625 1518 1666 agnoscendam
1547 1625 1691 1655 muneris
1720 1623 1914 1663 efficaciam,
1947 1625 1989 1655 ad
2017 1624 2242 1660 reverentiam,

1273 1668 1314 1698 ad
1338 1668 1542 1707 quaerendas
1566 1666 1833 1708 significationes,
1855 1676 1939 1707 quae
1962 1676 2023 1697 nos
2047 1667 2087 1696 de
2109 1665 2241 1696 Christo

1274 1709 1427 1749 pontifice
1461 1715 1493 1740 et
1527 1709 1567 1739 de
1602 1707 1719 1739 officiis
1748 1708 1843 1739 huius
1873 1709 2016 1739 muneris
2055 1709 2240 1739 admonent.

1272 1751 1416 1783 Econtra
1439 1761 1517 1781 vero
1540 1752 1572 1781 in
1596 1751 1745 1781 doctrina
1769 1751 1809 1781 de
1821 1751 2034 1781 Ordinatione
2057 1751 2151 1781 etiam
2164 1759 2240 1780 con-

1273 1794 1465 1824 siderandae
1490 1799 1565 1823 sunt
1585 1793 1846 1833 depravationes.
1881 1791 2075 1829 Sacrificuli,
2099 1792 2240 1832 (111111115-

1272 1846 1328 1867 sas
1352 1846 1411 1876 pro
1434 1834 1505 1866 aliis
1528 1834 1662 1873 faciunt,
1684 1836 1810 1876 fingunt
1829 1835 2061 1865 ordinationem
2073 1835 2146 1864 ideo
2160 1834 2240 1871 fieri,

1272 1884 1306 1908 111
1329 1879 1421 1908 detur
1444 1883 1591 1918 potestas
1615 1877 1822 1908 sacrificandi
1849 1888 1908 1917 pro
1933 1877 2016 1907 vivis
2040 1882 2071 1907 et
2092 1876 2239 1912 mortuis,

1273 1926 1305 1950 et
1327 1921 1455 1961 quidem
1479 1920 1587 1950 dicunt
1612 1930 1649 1949 se
1672 1920 1789 1950 offerre
1812 1918 1911 1949 filium
1928 1919 1990 1949 Dei
2014 1924 2045 1949 et
2069 1928 2128 1948 sua
2151 1917 2240 1948 obla-

1271 1964 1358 1993 tione
1380 1962 1497 1992 mereri
1519 1961 1592 1991 aliis
1616 1962 1838 1991 remissionem
1857 1966 2077 2001 peccatorum.
2107 1960 2239 1991 Addunt

1272 2005 1362 2041 item,
1397 2005 1467 2034 sine
1500 2003 1564 2033 hoc
1593 2003 1753 2033 sacrificio
1782 2013 1846 2033 non
1880 2003 2040 2042 prodesse
2067 2000 2239 2032 Ecclesiae

1272 2052 1406 2077 mortem
1431 2045 1562 2077 Christi.
1603 2045 1674 2075 Etsi
1697 2051 1806 2076 autem
1829 2045 1988 2085 quaedam
2012 2049 2141 2084 sumpta
2164 2050 2239 2075 sunt

1272 2099 1310 2119 ex
1334 2090 1491 2130 κακοζηλίᾳ
1503 2087 1638 2118 Levitici
1658 2087 1832 2117 sacerdotii
1844 2085 1929 2117 male
1940 2085 2109 2123 intellecti,
2132 2091 2239 2116 tamen

1271 2137 1303 2161 et
1330 2129 1395 2160 alia
1425 2130 1525 2160 multa
1555 2128 1751 2160 affinxerunt
1781 2139 1820 2159 ex
1848 2128 1995 2159 Ethnicis
2021 2128 2238 2169 opinionibus.

1272 2173 1311 2203 Hi
1334 2181 1463 2202 errores
1487 2172 1650 2202 reiiciendi
1673 2177 1766 2209 sunt,
1796 2172 1848 2211 qui
1872 2176 2068 2210 pepererunt
2089 2168 2239 2209 multipli-

1270 2225 1340 2245 cem
1353 2214 1578 2252 εἰδωλομανίαν,
1603 2224 1699 2254 quam
1712 2213 1850 2244 Turcica
1868 2213 2038 2254 tyrannide
2055 2212 2159 2252 puniri
2173 2222 2238 2242 non

1271 2258 1400 2287 dubium
1424 2263 1484 2286 est.
1531 2256 1595 2287 Sed
1618 2262 1752 2296 propter
1773 2265 1890 2286 munus
1909 2253 2078 2296 Evangelii
2102 2254 2238 2285 docendi

1271 2305 1302 2330 et
1329 2298 1509 2329 efficaciam
1540 2299 1609 2329 eius
1639 2299 1781 2328 muneris
1811 2298 1980 2327 (ch-dinatio
2011 2297 2177 2327 retinenda
2207 2302 2238 2326 et.

1270 2339 1529 2382 magnifacienda
1552 2346 1611 2370 est.

1356 2383 1593 2422 Anabaptistae
1622 2388 1727 2413 autem
1756 2392 1820 2412 una
1848 2392 1920 2411 cum
1949 2381 2125 2411 ministerio
2161 2390 2237 2411 con-

1271 2430 1413 2456 temnunt
1447 2424 1699 2461 ordinationem,
1740 2424 1866 2465 tingunt
1904 2423 2123 2463 expectandas
2163 2432 2237 2452 esse

1271 2478 1374 2498 novas
1398 2465 1616 2497 revelationes
1641 2472 1672 2497 et
1694 2465 1946 2496 illuminationes
1971 2475 1990 2495 a
2007 2464 2091 2501 Deo,
2115 2473 2237 2504 easque

1248 2508 1427 2549 'petendas
1469 2510 1598 2549 magnis
1637 2508 1909 2539 macerationibus
1949 2508 2113 2546 corporis,
2153 2506 2237 2537 sicut
