2358 2933
289 129 345 161 131

362 450 386 467 ¹5

351 668 362 686 Ἰ
367 669 380 685 0

322 878 362 904 46,
382 877 406 901 b.

361 1325 386 1343 10

363 1535 388 1554 1⁵

363 1789 392 1807 20

324 1999 365 2029 47,
379 2004 400 2023 a.

320 2253 366 2281 (26
377 2271 382 2282 ‚
395 2253 430 2276 a.)

375 2422 401 2440 10

914 128 1023 159 PlllL.
1047 128 1149 159 MEL.
1172 128 1356 161 SCRIPTA
1373 128 1644 161 DOGMATIGA.

447 221 558 262 ctigal.
583 230 635 252 aut
660 221 840 260 hocgenus
853 220 917 252 alia
940 232 1023 262 quac
1043 222 1074 251 in
1094 232 1264 253 commune

444 275 502 304 pro
538 263 666 304 publica
702 264 896 294 necessitate
931 263 1152 294 conferuntur.
1198 264 1264 294 Sed

445 307 485 335 de
509 307 558 335 his
582 305 674 335 alias.
700 306 779 335 satis
803 306 841 335 sit
867 307 1033 336 monuisse
1057 307 1263 337 sacerdotum

444 348 540 388 leges
570 349 610 377 de
635 346 783 377 civilibus
814 348 912 377 rebus
937 355 1048 378 eontra
1074 348 1263 379 charitatem

445 397 473 419 et
499 400 558 429 per
581 400 700 419 meram
726 390 927 430 t)·i·aniiideni
954 391 1100 421 conditas
1125 398 1217 421 esse:

490 447 540 477 De
571 447 634 477 tide
674 459 738 478 non
770 448 889 479 habent
926 450 975 479 ius
1006 460 1111 490 neque
1135 450 1261 489 pontili-

445 500 501 520 ccs
515 512 523 520 .
558 500 664 529 neque
688 490 837 520 concilia.
858 502 964 531 neque
984 493 1138 522 universa
1158 491 1261 522 eccle-

443 533 502 566 sia.
526 533 701 572 quidquam
725 533 868 563 mutandi
897 540 951 563 aut
976 534 1149 564 statuendi.
1196 534 1261 564 Sed

444 573 632 613 simpliciter
661 575 700 604 ad
734 576 969 615 praescriptum
1001 587 1169 606 sacrarum
1193 575 1261 606 lite-

443 626 550 646 rarum
575 617 723 656 exigendi
748 624 820 647 sunt
846 617 973 647 articuli
998 618 1082 648 fidei.
1113 618 1183 648 Nec
1206 617 1261 648 ha-

444 659 582 689 bendum
614 666 661 688 cst
696 669 754 698 pro
778 658 915 689 articulo
941 660 1032 690 fidei.
1064 661 1150 700 quod
1183 661 1262 690 citra

442 701 635 740 scripturam
661 702 820 740 proditum
845 708 904 731 est.
944 701 1096 738 Primum,
1120 712 1161 732 ne
1185 702 1262 741 quid
1283 726 1284 730 ,

442 749 582 772 mutetur
617 742 738 773 paulus
774 744 859 773 iubm
895 744 936 773 ad
972 743 1107 773 Galatas
1142 744 1185 781 [¹³
1217 743 1261 782 9.]
1283 735 1285 772 j
1308 728 1361 757 ibit
1387 738 1405 757 a
1425 728 1610 761 sacerdote,
1630 733 1661 758 et.
1681 728 1851 759 consilium
1871 740 1890 759 a
1908 730 2119 767 seniorih11s‚¹

1284 773 1285 780 ¹
1308 769 1349 799 Et
1367 768 1482 799 Matth.
1503 762 1620 799 xxiv.
1641 773 1704 807 [vs.
1724 771 1805 809 242]
1826 771 2121 812 Surgentpseudo-

442 795 514 814 cum
538 786 598 821 ait,
631 786 664 814 Si
696 786 767 825 quis
792 786 884 814 vohis
915 786 1151 824 praedicaverit
1175 785 1261 816 aliud

442 837 549 866 quam,
574 827 660 866 quod
685 827 870 866 accepistis.
901 826 1073 857 anathema
1096 828 1146 857 sit.
1185 828 1262 857 ltem
1284 839 1285 847 ¹

443 869 495 908 qui
531 879 573 907 po
590 875 637 899 est
673 869 805 908 spiritus
841 878 916 898 esse
937 876 940 907 ι
961 868 1173 909 propheticus
1208 870 1261 909 qui

442 911 577 940 dissidet
609 921 627 941 a
657 912 842 951 scriptura?
887 910 971 944 Quin
996 911 1104 951 potius
1128 911 1262 951 spiritus

442 953 580 982 mendax
606 959 672 989 est,
703 954 755 993 qui
780 954 964 992 pronuntiat
989 954 1149 983 adversus
1179 953 1262 983 veri-

442 1001 550 1025 tatem.
595 994 633 1024 Et
660 995 699 1024 ad
724 994 937 1025 Timotheum.
965 996 1006 1031 11.
1021 996 1114 1035 epist.
1150 995 1181 1032 6,
1205 994 1261 1033 3.:]

441 1036 475 1067 Si
507 1038 578 1077 quis
609 1036 703 1067 aliter
727 1037 843 1074 docet,
868 1043 896 1067 et
922 1047 987 1067 non
1010 1038 1188 1077 acquiescit
1213 1048 1263 1067 sa-

442 1080 492 1108 nis
517 1090 572 1108 ser
599 1080 748 1109 monibus
772 1079 845 1109 lesu
859 1078 992 1116 Christi,
1015 1080 1177 1119 superbus
1202 1086 1262 1109 est-

443 1121 546 1151 Porro
583 1127 696 1151 eontra
726 1122 920 1160 scripturam
951 1122 1048 1161 impie
1078 1120 1179 1151 multa
1209 1122 1263 1151 de-

443 1168 533 1193 creta
559 1169 645 1199 nint,
669 1164 709 1193 de
733 1164 850 1203 quihus
873 1162 971 1204 paulo
995 1168 1080 1203 post.

485 1229 614 1260 Deinde
655 1240 719 1259 non
763 1240 839 1260 esse
874 1230 1059 1261 habendum
1093 1240 1153 1270 pro
1188 1230 1263 1260 fidei

442 1271 599 1308 articulo,
651 1272 739 1312 quod
784 1271 950 1309 homines,
1001 1282 1061 1303 sen
1109 1271 1263 1309 ecclesia,

444 1324 503 1344 seu
534 1324 597 1353 pon
615 1314 710 1344 milex
740 1315 868 1351 statuit,
897 1320 1030 1354 praeter
1058 1315 1263 1354 scripturam,

446 1362 585 1386 testatur
604 1355 727 1386 Paulus
751 1356 792 1386 ad
815 1355 1028 1386 Timotheum.
1055 1356 1097 1393 [2.
1122 1357 1215 1396 epist.
1231 1355 1262 1393 3,

448 1399 527 1436 l4.:]
573 1398 622 1428 Tu
654 1408 809 1438 permane
842 1399 874 1428 in
907 1398 959 1428 his
994 1409 1078 1439 quae
1113 1399 1262 1435 didicisti,

446 1442 554 1471 sciens
588 1451 608 1470 a
642 1451 706 1481 quo
741 1441 904 1470 didiceris
970 1439 1108 1471 Referre
1139 1445 1263 1477 censet,

445 1485 532 1513 scire
553 1483 640 1513 unde
665 1483 882 1513 didicerimus.
918 1483 984 1513 lam
1007 1483 1094 1523 quod
1117 1482 1264 1513 homines

447 1526 639 1562 decernunt,
663 1526 716 1565 qui
740 1526 881 1555 sciemus
904 1525 991 1555 unde
1015 1526 1055 1555 sit
1073 1523 1264 1565 profectum

448 1569 475 1597 si
511 1568 552 1597 ad
583 1568 775 1607 scripturam
805 1567 891 1607 exigi
920 1578 986 1597 non
1016 1567 1146 1607 potest?
1190 1577 1264 1597 nam

446 1609 511 1640 hoc
544 1611 672 1640 demum
703 1615 831 1639 constat
859 1619 879 1639 a
908 1610 1023 1650 spiritu
1053 1615 1168 1639 sancto
1191 1619 1265 1649 pro-

447 1650 569 1683 fectum
603 1662 679 1682 esse
714 1652 800 1692 quod
841 1652 1022 1692 scripturae
1064 1651 1265 1681 confirmant.

450 1694 546 1729 Quod
559 1700 688 1734 praeter
705 1695 885 1733 scripturas
904 1694 1062 1733 proditur,
1081 1694 1266 1733 ambiguum

452 1743 513 1774 est,
528 1742 636 1767 utrum
659 1747 678 1766 a
702 1737 817 1776 spiritu
840 1736 891 1766 dei
915 1747 955 1766 an
969 1737 1114 1776 aspiritu
1126 1736 1257 1766 menda-

449 1780 478 1808 ci
526 1778 763 1819 proficiseatur.
830 1777 1182 1808 Thessalonicensibus
1224 1777 1266 1815 [l.

450 1822 545 1861 epist.
579 1821 610 1857 5,
644 1820 708 1859 21.]
738 1821 895 1860 praecipit
925 1819 1066 1858 Paulus,
1096 1826 1131 1850 ut
1161 1820 1268 1850 onmia

450 1864 601 1903 probent,
625 1863 712 1903 quod
734 1863 856 1892 bonum
880 1868 929 1892 est
952 1868 1094 1893 teneant.
1122 1861 1165 1892 Et
1187 1861 1268 1892 alias

455 1906 543 1935 iubet
574 1905 707 1945 probari
737 1905 870 1944 spiritus
894 1910 1000 1935 utrum
1033 1915 1073 1935 ex
1103 1904 1164 1934 deo
1194 1905 1268 1934 sint.

452 1946 585 1981 Quaeso
620 1952 652 1977 te
687 1947 849 1987 quomodo
882 1947 1093 1986 probabimus
1126 1947 1270 1986 spiritus,

451 1990 512 2019 nisi
543 1989 583 2019 ad
614 1995 735 2019 certam
758 1987 898 2029 aliquam
922 1999 957 2019 re
972 1993 976 2026 J
991 1988 1099 2029 gulam
1123 1989 1271 2028 adeoque

452 2032 493 2061 ad
518 2032 711 2072 scripturam
732 2031 923 2071 exigantur?
943 2041 1037 2071 quam
1057 2030 1160 2061 solam
1181 2036 1270 2060 certo

454 2079 584 2104 constat
606 2074 719 2113 spiritu
744 2074 793 2103 dei
818 2074 933 2103 condit·
948 2084 979 2103 m
1003 2083 1089 2103 esse.
1134 2072 1271 2103 Temere

454 2117 604 2146 tribuitur
628 2114 782 2145 Conciliis
811 2116 987 2146 auctoritas
1012 2116 1173 2146 condendi
1197 2115 1271 2145 arti-

455 2157 549 2188 culos
583 2158 669 2195 fidei,
702 2156 757 2188 vel
790 2156 854 2187 hoc
887 2159 1015 2188 nomine
1049 2158 1135 2199 quod
1170 2155 1272 2188 fielri

455 2206 582 2240 potest,
611 2206 646 2230 ut
676 2201 707 2230 in
731 2206 799 2229 toto
822 2206 937 2230 senatu
961 2200 1090 2230 concilii
1112 2210 1207 2231 nemo
1232 2200 1273 2230 sit

457 2243 511 2282 qui
538 2251 540 2275 ι
565 2243 711 2282 spiritum
736 2243 786 2272 dei
808 2241 937 2272 habeat.
972 2243 1007 2273 ln
1031 2242 1177 2273 Samaria
1198 2253 1272 2283 pro-

456 2284 635 2325 phetabant
669 2284 859 2315 sacerdotes
893 2284 986 2321 Baal,
1021 2290 1052 2315 et
1086 2295 1126 2315 ex
1161 2295 1273 2315 eorum

458 2326 600 2357 oraculis
625 2328 729 2357 omnia
753 2328 951 2367 gerebantur
973 2338 993 2357 a
1016 2328 1146 2368 regibus
1159 2326 1271 2358 lsrael.

459 2368 544 2403 Quid
585 2369 698 2399 mirum
738 2370 765 2399 si
799 2380 885 2399 nunc
918 2379 1045 2410 quoque
1079 2370 1273 2410 prophetent

459 2412 545 2451 impii
569 2417 599 2441 et
614 2426 618 2446 t
634 2417 786 2451 expertes
809 2413 940 2452 spiritus
965 2413 1014 2442 dei
1023 2413 1037 2442 ’ἐ
1059 2412 1273 2452 Adrogabant

460 2455 544 2483 idem
568 2455 628 2484 sibi
653 2455 844 2484 sacerdotes
867 2455 897 2484 in
922 2454 1017 2491 luda,
1041 2455 1095 2495 qui
1118 2455 1271 2485 adversa-

461 2497 578 2526 bantur
596 2496 778 2526 Hieremiae
802 2502 834 2526 et
856 2497 979 2536 spiritui
1004 2497 1066 2533 dei,
1091 2507 1162 2527 cum
1186 2497 1271 2527 dice-

460 2544 542 2569 rent.
567 2537 640 2575 [ler.
677 2538 726 2576 18,
762 2538 841 2577 18.:]
874 2538 993 2569 Venite
1026 2544 1058 2569 et
1092 2540 1272 2580 cogitemus

1308 229 1422 253 contra
1445 221 1638 253 Hieremiam
1668 222 1894 262 cogitationes.
1940 223 2014 254 Non
2037 225 2122 257 enim

1307 266 1421 305 peribit
1448 265 1498 296 lex
1522 275 1542 295 a
1565 265 1756 301 sacerdote,
1790 275 1896 305 neque
1919 276 1980 296 con
1996 266 1999 295 Ι
2014 266 2121 298 silium

1306 318 1326 337 a
1349 308 1513 347 sapiente,
1544 317 1605 337 nec
1636 316 1743 337 sermo
1767 316 1787 336 a
1809 307 1977 347 propheta.
2024 309 2120 343 Quod

1307 350 1381 390 quid
1407 348 1492 380 aliud
1517 356 1584 385 est,
1614 359 1710 389 quam
1733 350 1820 388 quod
1843 348 1939 380 hodie
1962 351 2038 381 dicit.
2060 351 2121 382 Ec-

1307 391 1406 421 clesia
1432 392 1608 431 papistica‚
1640 391 1748 421 Penes
1779 401 1840 421 nos
1872 398 1922 422 est.
1944 395 2121 424 auctoritas

1306 435 1484 464 statuendi.
1519 433 1699 464 font-ilium
1735 434 1855 473 regitur
1888 434 2069 465 immediate
2102 445 2122 466 a

1306 476 1419 515 spiritu
1443 482 1571 506 sancto.
1595 486 1655 505 nec
1678 481 1786 516 potest¹
1806 486 1928 512 errare,
1952 486 2067 507 sacrae
2086 476 2122 508 li-

1306 524 1396 548 terae
1431 523 1505 547 sunt
1531 532 1533 557 Λ
1560 519 1721 548 obscurae
1751 523 1782 547 et
1805 519 1987 558 ambiguae,
2020 529 2123 558 penes

1305 570 1366 589 nos
1391 566 1441 589 est.
1465 570 1575 589 earum
1599 561 1913 599 interpretandarum
1943 561 1992 590 ius
2023 567 2054 591 et
2077 560 2122 592 sa-

1307 601 1425 638 cultas,
1450 607 1477 631 et
1505 601 1567 631 hm·
1591 612 1696 641 genus
1719 601 1829 632 multa.
1871 602 1937 632 lam
1961 609 1992 632 et
2014 602 2123 643 palam

1307 644 1506 683 praedictum
1541 650 1591 673 est.
1624 643 1710 681 sore,
1752 650 1785 674 ut
1820 650 1927 675 errent
1960 646 2122 685 principes

1306 684 1526 717 Ecclesiae⁴⁴>
1540 685 1660 715 Ezeeh.
1685 686 1754 716 Vll.
1779 689 1842 723 [vs.
1861 686 1942 724 26.:1
1962 687 2030 717 Lex
2050 698 2122 727 per-

1309 811 1422 841 ehristi
1448 817 1479 840 et
1504 812 1813 851 pseudoprophetae
1833 819 1864 843 et
1888 815 2010 844 dabunt
2029 815 2124 854 signa

1308 863 1425 893 magna
1446 858 1507 882 etc.
1552 853 1680 884 Deinde
1698 860 1733 883 ut
1751 856 1888 885 maxime
1907 856 2053 895 spiritum
2072 855 2124 886 dei

1307 894 1429 924 habeat.
1454 900 1587 925 senatus
1615 894 1845 932 conciliorum,
1875 907 1986 926 errare
2015 903 2124 927 tamen

1309 946 1410 976 posse
1441 936 1471 966 in
1485 939 1488 965 l
1503 937 1589 967 dicat
1618 938 1781 977 scriptura
1799 937 1918 968 Ezeeh.
1939 937 2035 968 Xllll.
2057 941 2119 976 [vs.

1308 979 1367 1017 9.:]
1386 978 1552 1018 Propheta
1579 990 1651 1010 cum
1677 981 1834 1010 erraverit
1859 985 1889 1010 et
1907 979 2037 1010 locutus
2055 979 2123 1011 fue-

1308 1021 1349 1051 rit
1367 1022 1514 1058 verbum,
1534 1031 1596 1061 ego
1617 1022 1766 1052 dominus
1786 1023 1839 1062 qui
1857 1023 1971 1062 decepi
1984 1022 2124 1062 prophe-

1309 1068 1373 1093 tam
1397 1062 1494 1093 illum.
1544 1063 1583 1093 Et
1603 1065 1635 1094 in
1659 1064 1710 1094 lll.
1729 1063 1856 1104 Regum
1868 1066 1974 1104 capite
1999 1063 2122 1095 ultimo.

1309 1105 1351 1142 [l.
1362 1104 1445 1145 Reg.
1454 1106 1506 1142 22,
1518 1105 1598 1144 2⁶2.:]
1610 1105 1772 1146 Egrediar
1782 1112 1813 1135 et
1826 1116 1882 1136 ero
1896 1107 2028 1146 spiritus
2037 1117 2125 1137 men-

1308 1147 1372 1177 dax
1390 1147 1423 1176 in
1442 1157 1499 1177 ore
1520 1149 1660 1178 omnium
1679 1147 1922 1187 prophetarum.
1989 1148 2031 1178 Et
2049 1149 2126 1188 quid

1308 1189 1422 1219 attinet
1450 1188 1558 1219 multis
1589 1200 1657 1219 rem
1682 1200 1798 1230 agere,
1828 1188 1950 1220 Paulus
1987 1189 2073 1227 [Gal.
2094 1190 2124 1228 l,

1310 1230 1372 1269 162]
1393 1232 1436 1261 ait
1455 1241 1492 1261 se
1511 1241 1577 1261 non
1596 1232 1807 1271 adquievisse
1833 1233 1922 1262 carni
1943 1237 1975 1262 et
1993 1233 2124 1273 sangui-

1306 1274 1339 1303 ni
1357 1283 1420 1302 nos
1440 1273 1530 1303 carni
1550 1278 1581 1303 et
1600 1273 1749 1314 sanguini
1777 1274 1968 1304 credamus?
1991 1274 2124 1308 Quaeso

1307 1319 1339 1344 te
1359 1325 1417 1345 cur
1435 1315 1581 1345 Nicenae
1601 1315 1736 1356 Synodo
1762 1316 1871 1354 potius
1891 1326 1988 1356 quam
2006 1316 2123 1347 Arimi-

1307 1357 1401 1387 nensi
1421 1357 1550 1387 credis?
1585 1357 1669 1387 Num
1694 1357 1769 1397 quia
1792 1367 1863 1388 eam
1881 1357 2019 1388 Romani
2038 1357 2124 1390 Pon-

1308 1398 1371 1437 tifi]
1387 1399 1433 1428 cis
1454 1399 1680 1438 comprobavit
1697 1400 1895 1430 auctoritas?
1931 1399 1975 1430 At
1992 1399 2056 1430 hac
2074 1410 2125 1431 ra-

1308 1441 1396 1471 tione
1426 1440 1589 1480 pontificis
1619 1441 1844 1472 auctoritatem
1874 1447 1906 1472 et
1929 1440 2069 1472 concilio
2093 1448 2126 1473 et

1309 1484 1491 1523 scripturae
1508 1481 1669 1522 praefers,
1688 1484 1777 1524 quod
1795 1494 1861 1514 non
1872 1484 1970 1514 modo
1983 1485 2125 1524 impium,

1309 1526 1367 1555 sed
1388 1531 1420 1555 et
1438 1523 1571 1555 stultum
1590 1530 1650 1555 est.
1696 1525 1763 1555 Cur
1783 1527 1867 1556 enim
1885 1525 2126 1557 Antiochenam

1309 1568 1479 1608 Synodum
1498 1568 1638 1606 probas,
1658 1577 1742 1607 quae
1762 1566 1898 1597 Paulum
1917 1568 2126 1599 Sa‘mosate-

1309 1620 1385 1639 num
1404 1614 1576 1650 negantem
1595 1608 1716 1639 Christi
1736 1609 1933 1640 divinitatem
1952 1610 2126 1648 damnavit,

1311 1662 1383 1681 cum
1403 1660 1458 1681 res
1479 1652 1584 1681 omnis
1611 1651 1692 1680 citra
1709 1650 1848 1681 Romani
1877 1651 2039 1690 pontificis
2070 1662 2125 1682 au-

1311 1694 1493 1724 ctoritatem
1517 1698 1612 1733 gesta
1630 1693 1692 1722 sit?
1717 1693 1752 1723 In
1772 1691 1996 1723 Alexandrino
2017 1694 2126 1724 conci-

1310 1735 1353 1765 lio
1373 1736 1429 1766 ubi
1447 1736 1487 1766 de
1507 1736 1609 1765 tribus
1628 1734 1864 1775 hypostasibus
1885 1735 2000 1765 divinis
2014 1736 2126 1767 decre-

1311 1784 1377 1808 tum
1397 1783 1447 1808 est
1465 1778 1625 1808 adversus
1645 1775 1834 1814 Sabellium,
1853 1775 2020 1816 nullafffuit
2037 1788 2126 1808 men-

1312 1821 1356 1850 tio
1380 1819 1518 1850 Romani
1538 1818 1718 1849 Pontificis.
1776 1819 1811 1849 ln
1837 1817 1976 1848 concilio
2000 1819 2125 1850 Niceno

1311 1862 1450 1892 Romani
1484 1861 1654 1900 pontifices
1690 1858 1850 1902 nusquam
1880 1859 1984 1891 fuisse
2012 1859 2125 1902 legun-

2217 132 2278 165 132

2189 278 2215 297 13

2185 521 2215 539 20

2159 772 2199 802 47,
2218 772 2241 797 b.

2192 1150 2218 1169 10

2191 1402 2218 1422 15

2187 1571 2218 1590 ¹20

2161 1787 2202 1818 48,
2220 1793 2242 1813 a.

1313 1910 1365 1934 tur
1384 1902 1767 1942 Constantinopolitanae
1786 1903 1911 1944 Synodi
1930 1904 2119 1943 scriptores
2138 1914 2192 1943 (26,
2221 1912 2259 1944 b.)

1315 1946 1443 1987 graeci,
1473 1945 1550 1975 Item
1574 1945 1776 1985 Ephesinae,
1805 1944 1926 1975 nullam
1950 1943 2099 1976 fecerunt
2121 1947 2125 1982 Ι

1314 1988 1452 2019 Romani
1476 1987 1636 2027 pontificis
1660 1988 1871 2024 mentionem,
1893 1993 1928 2017 ut
1950 1986 2125 2018 verisimile

1315 2032 1367 2067 sit,
1397 2036 1451 2061 aut
1479 2040 1544 2060 non
1573 2029 1759 2060 interfuisse
1789 2030 1931 2070 Synodis
1961 2028 2041 2067 illis,
2070 2035 2126 2060 aut

1316 2078 1405 2103 certe
1428 2082 1493 2103 non
1511 2071 1703 2112 praefuisse.
1748 2072 1862 2112 Neque
1880 2081 1960 2101 vero
1980 2082 2055 2102 raro
2076 2082 2125 2103 er-

1315 2121 1418 2146 ratum
1438 2120 1489 2145 est
1507 2120 1538 2145 et
1556 2115 1587 2144 in
1606 2115 1644 2144 iis
1668 2114 1824 2155 Synodis,
1843 2114 1959 2154 quibus
1978 2113 2126 2153 praefue-

1316 2168 1351 2188 re
1372 2156 1509 2187 Romani
1528 2156 1715 2187 Pontifices.
1762 2155 1948 2196 Stephanus
1971 2155 2028 2186 Vl.
2046 2156 2126 2187 For-

1315 2210 1367 2231 mo
1393 2200 1420 2229 si
1449 2198 1611 2239 pontificis
1646 2205 1720 2229 acta
1761 2199 1895 2229 rescidit
1933 2199 2127 2230 auctoritate

1317 2240 1455 2273 concilii.
1480 2241 1582 2272 Huius
1601 2241 1794 2271 sententiam
1812 2240 1973 2271 lohannes
1996 2240 2037 2270 X.
2056 2251 2125 2271 rur-

1316 2295 1374 2315 sus
1393 2285 1554 2315 damnavit
1572 2283 1750 2314 Ravennae
1776 2283 1925 2313 comitiis.
1974 2282 2035 2313 Hic
2053 2292 2126 2313 cum

1316 2332 1461 2367 pugnent
1479 2327 1561 2357 inter
1579 2336 1616 2356 se
1639 2325 1775 2366 Synodi,
1804 2334 1944 2355 necesse
1972 2330 2023 2355 est
2046 2324 2124 2355 alte-

1316 2380 1384 2400 ram
1403 2379 1544 2400 errasse.
1569 2368 1791 2408 Lugdunense
1811 2365 1983 2397 concilium
2002 2367 2077 2408 quia
2088 2365 2124 2398 li-

2186 2003 2188 2012 1
2197 1997 2211 2016 ⁵

2194 2201 2220 2219 10

1314 2514 1359 2543 44)
1381 2513 1407 2538 In
1426 2518 1506 2542 marg.
1525 2513 1566 2538 Ed.
1585 2513 1623 2536 2.:
1642 2512 1749 2537 concilia
1768 2512 1874 2541 possunt
1893 2516 1987 2535 errare.
2007 2510 2047 2535 Ed.
2060 2511 2093 2534 1.:
2113 2509 2219 2535 consilia
2237 2515 2277 2535 er-

1382 2553 1438 2572 rare
1457 2549 1574 2577 possunt;
1592 2546 1634 2571 Ed.
1654 2547 1676 2570 7.
1698 2552 1754 2569 om.
