2358 2933
126 112 188 144 897
583 109 605 139 1.
629 108 730 139 LOCI
753 105 1035 138 THEOLOGIGI:
1075 105 1117 136 D.
1140 104 1301 136 TERTIA
1322 103 1478 136 EORUM
1503 103 1657 134 AETAS.
2058 105 2121 135 898

126 204 255 236 dicendi
278 200 478 242 Evangelio,
514 207 567 232 aut
603 200 709 231 alieno
744 198 890 240 aliquos:
935 198 1099 228 Interdum
1119 201 1122 220 ³
1142 197 1291 228 delector
1314 198 1553 228 obtrectatione
1592 196 1755 228 Interdum
1780 195 1982 227 calumniose
2005 198 2120 237 depra-

126 247 233 278 erravi
267 246 299 276 in
334 243 441 284 aliquo
476 243 631 285 dogmate
654 248 685 273 et
707 252 747 273 eo
778 251 889 272 errore
919 239 1099 271 deformavi
1120 223 1122 283 Q
1142 250 1184 271 vo
1208 238 1315 271 aliena
1339 241 1425 271 dicta
1448 246 1480 270 et
1503 238 1607 275 facta,
1641 250 1707 270 non
1737 239 1855 269 studeo
1879 248 1998 269 sanare
2022 239 2120 270 offen-

126 289 306 320 doctrinam
330 285 517 317 coelestem.
1141 283 1253 313 siones
1284 288 1317 313 et
1341 281 1516 313 conciliare
1546 281 1742 319 voluntates,
1776 282 1849 312 sino
1873 291 2024 312 crescere
2047 282 2122 312 odia

1141 325 1270 365 privato
1294 323 1398 355 livore
1421 323 1474 355 vel
1498 323 1562 355 alia
1584 325 1712 364 privata
1733 334 1864 361 caussa,
1884 322 2046 354 maledico
2065 325 2120 354 ab·

1120 367 1307 403 2sentibuS,
1343 367 1507 397 Interdum
1541 365 1651 398 afficio
1686 365 1882 397 contumelia
1915 374 2121 406 praesentes,

1143 409 1280 449 impedio
1318 410 1559 439 invocationem
1593 419 1698 439 meam
1732 414 1762 439 et
1798 408 1936 439 aliorum
1971 410 2121 439 excitatis

1144 452 1228 482 odiis
1253 456 1307 481 aut
1333 451 1488 482 dissidiis.

372 414 430 444 De
454 414 581 444 tertio
610 416 850 453 praecepto.

210 500 316 539 Saepe
350 497 482 539 negligo
516 496 665 538 publicas
700 495 878 525 conciones
902 500 933 525 et
957 504 1100 525 ceremo-

125 544 196 573 nias
229 543 261 572 in
291 542 342 572 die
373 541 489 577 Festo,
513 549 578 570 non
600 538 774 579 impeditus
799 536 871 568 aliis
897 537 1044 573 caussis,
1068 542 1100 567 et
1121 555 1123 565 .

125 594 199 615 meo
230 583 379 623 exemplo
404 582 487 613 alios
511 582 660 617 abduc03
688 580 762 610 Non
791 590 855 621 ago
880 580 1002 620 gratias
1026 578 1099 609 Deo
1526 577 1583 608 De
1607 584 1739 608 sexto.

125 638 186 667 pro
220 627 368 658 instituto
402 624 593 661 ministerio,
628 632 688 664 pro
712 623 962 653 conservatione
985 620 1100 653 Eccle-

125 670 206 707 siae,
229 679 288 709 pro
313 667 566 699 conservatione
584 664 859 706 propheticorum
877 670 908 694 et
931 663 1099 703 Apostoli·
1229 662 1344 694 Habeo
1379 669 1527 694 errantes
1561 668 1670 693 motus
1693 668 1724 692 et
1748 662 1896 692 flammas
1919 663 2028 694 varias
2052 663 2121 695 libi-

125 721 238 743 corum
261 712 470 751 scriptorum,
488 719 555 738 non
576 709 695 738 adiuvo
706 706 890 738 Ecclesiam
913 713 1100 746 precantem
1145 706 1265 743 dinum,
1298 704 1452 746 indulgeo
1477 704 1581 736 oculis
1605 710 1636 735 et
1659 705 1914 745 cogitationibus
1938 705 2120 745 impudicis,

124 765 183 794 pro
218 752 348 794 publico
383 757 471 781 statu
505 752 537 781 in
568 756 676 787 coetu,
706 751 800 780 nimis
835 748 952 780 leviter
975 748 1102 779 afficior
1122 746 1124 756 '
1146 748 1386 778 contaminatur
1420 755 1452 778 et
1481 757 1609 788 corpus.
1658 747 1748 778 Haec
1772 745 1857 777 mala
1880 757 1986 787 augeo
2009 749 2121 779 intem-

125 806 204 826 cura
226 796 429 826 miseriarum
448 794 682 831 communium,
706 793 791 833 quod
814 792 955 829 inst-itia,
979 792 1102 822 discor·
1145 792 1294 830 perantia
1327 797 1358 821 et
1391 789 1536 830 crapula.
1583 789 1642 820 His
1665 790 1823 820 incendiis
1847 795 1877 819 et
1897 788 2051 828 crapulae
2076 790 2108 816 sa

125 839 196 877 diis,
222 836 316 868 bellis
340 834 724 876 dissipanturEcclesiae
748 840 779 865 et
804 833 953 875 politiae,
976 839 1009 864 et
1021 832 1101 864 mul·
1146 834 1250 864 stidiis
1273 834 1413 873 impedio
1437 834 1508 873 pias
1532 832 1760 863 meditationes
1784 838 1813 862 et
1838 831 2064 872 precationeS,
2091 834 2120 858 et

124 887 230 912 torum
254 880 379 910 animae
403 884 432 909 et
459 888 601 918 corpora
622 883 778 918 pereunt,
800 887 866 907 non
889 877 1008 907 adiuvo
1032 877 1102 916 ipse
1146 885 1284 907 accerso
1308 875 1470 906 beluinam
1494 874 1671 912 feritatem,
1696 872 1824 905 cumulo
1847 883 1919 904 mea
1941 871 2122 912 impuritate

124 923 334 954 ministerium
357 920 628 951 Ecclesiasticum
650 921 730 950 meis
745 919 874 957 officiis,
894 929 958 949 non
971 928 1101 955 vereor,
1146 919 1225 949 iram
1236 918 1298 948 Dei
1319 918 1480 948 adversus
1504 928 1568 954 me,
1592 927 1697 947 meam
1717 915 1869 947 familiam
1893 922 1923 945 et
1948 915 2121 945 civitatem.

126 971 159 995 ut
184 966 302 1001 debeo,
337 964 409 1004 pios
444 964 627 997 1ninistros;
660 962 827 993 Interdum
861 962 907 992 eis
943 960 1102 991 maledico

125 1014 155 1037 et
186 1017 257 1037 meo
289 1005 439 1046 exemplo
476 1005 632 1035 confirmo
663 1009 880 1044 contemptum
910 1009 964 1035 aut
994 1004 1102 1033 odium

125 1060 249 1086 eorum,
274 1059 340 1079 non
360 1047 455 1078 solvo
479 1049 526 1078 eis
547 1048 674 1079 debitas
694 1047 885 1082 niercedes;
908 1055 1009 1085 saepe
1033 1046 1102 1075 dies
1499 1044 1555 1075 De
1587 1044 1732 1084 septim
1741 1054 1770 1073 o.

125 1090 230 1122 festos
250 1091 335 1122 male
359 1089 488 1121 colloco
511 1091 600 1129 inffl)
625 1100 679 1120 res
700 1095 824 1129 turpeS‚
848 1094 879 1119 et
891 1089 982 1119 irrito
995 1087 1102 1118 Deum

125 1134 286 1164 adversus
310 1132 442 1164 inultos.
1234 1129 1340 1160 Fruor
1373 1128 1569 1159 liberalitate
1602 1135 1774 1168 parentum
1805 1133 1860 1158 aut
1884 1128 2042 1167 stipendio
2069 1138 2124 1166 pu-

1124 1199 1126 1204 *
1148 1171 1235 1202 blico
1248 1177 1280 1202 et
1292 1181 1358 1202 non
1374 1173 1458 1202 bene
1482 1170 1624 1208 colloco,
1647 1169 1806 1201 defraudo
1829 1180 1921 1200 meos
1938 1168 2059 1200 fratres
2071 1175 2124 1199 aut

1147 1213 1229 1244 alios
1262 1224 1437 1254 pawperes,
1473 1223 1546 1244 sum
1571 1214 1709 1243 iniustus
1733 1213 1765 1242 in
1789 1212 2025 1249 contractibus,
2061 1222 2124 1241 non

484 1260 541 1289 De
583 1265 740 1299 quarto.
1147 1257 1265 1287 studeo
1284 1255 1540 1296 propterDeum
1563 1265 1700 1286 servare
1723 1253 1966 1295 aequalitatem,
1985 1253 2125 1295 maligne

1147 1299 1244 1330 solvo
1269 1299 1378 1329 debita
1401 1299 1515 1338 pretia,
1540 1307 1681 1329 exerceo
1695 1298 1833 1338 aucupia
1858 1297 2015 1336 pecumiae
2028 1306 2124 1337 quae-

137 1372 140 1374 ,
209 1347 290 1376 Sum
313 1343 485 1386 negligens
508 1344 540 1374 in
564 1353 636 1373 mea
658 1343 850 1380 vocatione,
875 1343 905 1373 in
928 1343 1045 1374 studioi
1070 1342 1102 1372 in
1146 1342 1269 1372 rendae
1302 1342 1433 1379 iniusta,
1467 1351 1560 1371 sumo
1585 1343 1801 1373 niutuu¹11⁵¹⁴›
1828 1340 1925 1370 variis
1949 1339 2125 1379 praetexti-

124 1388 268 1429 regenda
298 1386 427 1417 familia.
483 1386 562 1417 Sum
585 1387 734 1426 ingratus
752 1384 826 1415 Deo
849 1395 909 1425 pro
933 1384 1102 1416 beneficiis
1147 1385 1221 1421 bus,
1255 1393 1295 1414 ac
1317 1394 1359 1414 ne
1383 1394 1462 1415 curo
1482 1384 1612 1424 quidem
1636 1382 1787 1419 solvere,
1821 1383 1945 1413 retineo
1969 1392 2023 1412 res
2047 1380 2124 1412 alie-

125 1431 248 1462 ordinis
272 1429 405 1470 politici.
452 1428 614 1459 Interdum
637 1429 766 1458 irascor
785 1428 903 1458 iniuste
926 1427 1103 1469 Magistra·
1146 1436 1219 1463 naS,
1253 1436 1320 1456 non
1355 1436 1428 1457 sum
1458 1425 1566 1456 tidelis
1590 1432 1623 1457 et
1648 1424 1787 1466 diligens
1811 1426 1842 1455 in
1866 1425 2020 1455 mandato
2034 1423 2123 1454 labo-

125 1473 212 1504 tibus
232 1478 263 1503 et
286 1471 447 1502 maledico
472 1471 536 1508 eis,
558 1479 621 1500 nec
644 1470 751 1501 tribuo
772 1470 819 1500 eis
843 1470 986 1500 debitam
1011 1479 1103 1501 reve-
1148 1478 1194 1505 re,
1217 1478 1271 1499 res
1295 1469 1433 1499 vitiosas
1458 1469 1577 1504 vendo,
1600 1478 1654 1499 res
1678 1467 1806 1499 locatas
1832 1476 2007 1506 corrumpo

125 1516 260 1546 rentiam
294 1524 335 1545 ex
367 1514 494 1548 animog
534 1512 699 1543 Interdum
729 1513 817 1543 rixas
846 1513 952 1543 excito
988 1518 1104 1543 contra

126 1557 235 1599 Leges
259 1562 291 1588 et
313 1555 402 1587 violo
425 1555 593 1597 politicum
617 1555 763 1585 ordinem
787 1565 860 1586 cum
890 1553 1048 1586 scandalo
1072 1561 1104 1585 et

127 1599 263 1630 aliorum
287 1599 494 1636 detrimento,
512 1598 593 1628 meis
618 1596 725 1628 stultis
748 1596 939 1628 tumultibus
962 1597 1102 1637 impedio
1518 1596 1577 1627 De
1596 1601 1754 1627 octavo.

126 1641 191 1673 alia
223 1641 356 1682 publica
391 1641 523 1682 negotia
557 1640 759 1671 necessaria.
805 1640 879 1670 Non
903 1650 976 1671 sum
1000 1641 1104 1670 inten-

127 1690 191 1722 tus,
225 1690 260 1715 ut
283 1685 314 1714 in
333 1694 406 1715 meo
431 1683 545 1714 ordine
568 1692 619 1713 me
642 1685 814 1713 coerceam
837 1687 869 1712 et
893 1692 1039 1719 caveam,
1061 1692 1103 1713 ne
1234 1681 1308 1712 Non
1337 1687 1472 1721 praesto
1514 1681 1690 1712 candorem
1726 1687 1758 1711 et
1793 1681 1980 1717 veritatem,
2029 1691 2124 1721 quain

127 1728 252 1757 turbem
277 1736 481 1758 communem
503 1725 704 1755 hamnoniam
734 1724 855 1765 publici
890 1730 1008 1763 status,
1032 1735 1103 1755 sum
1148 1723 1240 1754 Deus
1265 1724 1402 1764 requirit
1424 1724 1454 1754 in
1479 1723 1574 1754 dictis·
1600 1730 1631 1754 et
1653 1723 1762 1760 factis,
1781 1723 1948 1753 admisceo
1973 1723 2125 1763 sophisti-

127 1769 334 1804 πλεονεκιικδς
364 1774 395 1799 et
429 1778 522 1799 meae
552 1766 681 1798 utilitati
715 1768 821 1808 magis
857 1768 983 1805 servio,
1007 1778 1102 1808 quam
1149 1776 1219 1797 cam
1256 1765 1404 1797 consiliis
1439 1773 1470 1797 et
1505 1767 1643 1805 negotiis
1667 1773 1723 1797 aut
1746 1766 1930 1803 doctrinae,
1963 1766 2123 1797 interdum

126 1810 289 1850 publicae,
313 1817 367 1842 aut
388 1817 483 1851 capto
508 1811 703 1841 occasiones
727 1810 889 1840 turbandi.
1147 1819 1320 1851 propugno
1344 1807 1430 1839 salsa
1453 1819 1493 1839 ex
1516 1810 1608 1847 odio,
1642 1809 1809 1840 iracundia
1832 1815 1886 1839 aut
1910 1809 2028 1839 iniusta
2053 1818 2124 1848 per-

1148 1852 1265 1882 tinacia
1294 1857 1348 1882 aut
1381 1850 1570 1882 adulatione
1604 1858 1659 1882 aut.
1682 1858 1779 1887 metu,
1804 1852 1836 1881 in
1861 1852 2005 1881 moribus
2029 1851 2123 1881 etiam

1148 1900 1199 1924 est
1232 1893 1431 1935 hypocrisis,
1466 1893 1685 1928 simulatioffl)
1721 1895 1850 1925 virtutis
1885 1900 1938 1923 aut
1973 1892 2056 1923 falsa
2082 1894 2123 1923 ia-

492 1938 549 1969 De
590 1938 743 1979 quinto.
1149 1937 1279 1967 ctantia.

214 2024 323 2064 Saepe
352 2024 510 2054 incendor
537 2023 658 2053 iniusta
680 2023 903 2064 indignatione
927 2028 959 2053 et
982 2023 1103 2063 cupidi·
1233 2022 1385 2063 Denique
1407 2031 1555 2063 agnosco
1580 2032 1630 2052 me
1654 2023 1807 2052 miserum
1829 2022 1861 2052 in
1880 2021 1944 2052 hac
1963 2022 2124 2052 caecitate

128 2072 193 2096 tate
216 2066 389 2096 vindictae.
434 2066 531 2098 Addo
554 2064 658 2096 malas
682 2067 921 2102 execrationes,
957 2076 1040 2106 quae
1063 2075 1103 2096 ex
1147 2070 1178 2094 et
1201 2065 1376 2095 securitate
1399 2062 1597 2095 horribiliter
1619 2063 1788 2105 negligere
1810 2065 1891 2095 iram
1904 2064 1966 2094 Dei
1989 2072 2019 2094 et
2044 2063 2123 2095 mul—

128 2108 304 2148 cupiditate
328 2108 467 2139 nocendi
487 2114 676 2148 erumpunt3
710 2107 848 2139 Moveor
875 2107 1104 2145 aemulatione,
1149 2107 1190 2137 tis
1208 2107 1313 2137 modis
1333 2108 1488 2137 aberrare
1506 2107 1547 2137 ab
1566 2107 1636 2138 eius
1649 2108 1834 2147 praeceptis
1847 2117 1886 2138 ac
1904 2105 2015 2137 multis
2030 2117 2123 2137 scan-

127 2150 236 2181 Doleo
260 2150 393 2181 alterius
416 2151 594 2193 potentiani
617 2156 672 2181 aut
695 2151 921 2182 auctoritatem
940 2160 1102 2191 crescere,
1149 2147 1233 2179 dalis
1257 2148 1341 2179 alios
1365 2149 1510 2186 laedere,
1544 2155 1576 2180 et
1598 2159 1773 2180 accersere
1795 2148 1872 2179 inihi
1896 2156 1929 2180 et
1951 2147 2024 2180 aliis
2047 2160 2123 2189 poe-

127 2199 159 2224 et
183 2202 332 2234 premere
357 2203 429 2224 eum
454 2193 566 2232 cupio3
590 2193 669 2224 Sum
692 2194 866 2234 superbuS,
890 2193 1036 2234 despicio
1048 2204 1104 2234 pa·
1149 2201 1223 2229 naS,
1247 2201 1308 2222 nec
1330 2201 1431 2232 posse
1454 2202 1504 2222 me
1527 2193 1781 2233 magnitudinem
1810 2197 1867 2223 aut
1888 2190 2123 2222 multitudinem

127 2245 193 2273 res,
217 2241 250 2266 et
273 2245 324 2266 me
348 2236 394 2266 eis
418 2234 573 2266 anteferri
595 2234 744 2276 postulo;
778 2235 858 2267 Sum
882 2237 1048 2275 suspicax,
1073 2242 1103 2266 et
1148 2244 1293 2265 meorum
1311 2235 1464 2266 vitiorum
1483 2239 1539 2265 aut
1560 2233 1687 2275 lapsum
1707 2233 1902 2274 intelligere,
1935 2235 1995 2265 sed
2017 2232 2123 2265 fateor

127 2288 166 2308 ex
190 2276 284 2308 falsis
308 2278 554 2318 suspicionibus
576 2278 738 2310 interdum
760 2279 880 2310 iniusta
903 2279 976 2309 odia
994 2279 1103 2309 conci·
1147 2287 1198 2307 me
1221 2277 1370 2308 meritum
1395 2287 1469 2308 esse
1493 2283 1683 2317 praesentes
1709 2283 1739 2308 et
1759 2282 1909 2308 aeternas
1922 2286 2058 2317 poenas,
2081 2286 2121 2306 a(-

125 2320 191 2360 pio,
216 2330 290 2351 sero
315 2326 345 2351 et
369 2320 526 2351 confirmo
550 2321 749 2359 discordias,
772 2331 872 2362 saepe
895 2319 1026 2362 persero
1050 2332 1103 2351 ru-

126 2372 236 2392 mores
260 2368 292 2392 et
315 2372 506 2400 sermoneS‚
530 2364 585 2403 qui
609 2363 756 2394 sauciant
779 2365 906 2394 animos
930 2369 962 2394 et
984 2373 1102 2394 accen-

126 2405 205 2435 dunt
234 2405 325 2441 odia3
360 2405 475 2436 Habeo
505 2403 626 2446 aliquid
648 2405 763 2436 livoris
787 2412 816 2436 et
840 2405 1102 2443 malevolentiae,
1122 2443 1124 2449 ‚
1147 2423 1204 2452 81³]
1225 2422 1351 2454 mutuum]
1375 2422 1446 2447 Editt,
1466 2423 1505 2445 22.
1527 2424 1566 2445 21.
1587 2423 1705 2451 28-34.‚
1727 2423 1796 2452 pom,
1821 2423 1830 2444 1
1852 2436 1881 2439 ,,
1903 2423 1935 2447 8,.
1974 2423 2033 2451 005³-
2058 2423 2077 2444 1*
2099 2422 2120 2445 ρ,

1214 2459 1301 2481 mutuo

1147 2508 1190 2536 82)
1210 2508 1347 2538 simulatio]
1366 2507 1437 2532 Editt.
1459 2508 1498 2530 ⁵24.
1518 2507 1635 2534 28-31„
1665 2509 1736 2537 (Ὁτι).
1759 2508 1840 2532 2-8..
1877 2508 1935 2537 Opp.
1961 2509 1977 2529 ι,
2001 2507 2022 2528 2.
2044 2506 2119 2530 simu-

126 2542 170 2569 81)
191 2541 285 2566 colloco
305 2542 341 2572 in]
360 2542 431 2567 Editt.
453 2543 470 2566 l.
491 2542 513 2564 3.
533 2542 627 2566 colloco
646 2545 672 2566 et
689 2542 714 2566 in
1215 2542 1307 2566 latione

1122 2487 1124 2503 1

277 2599 421 2618 uEhANTH.
437 2600 516 2618 ΗΓΕΡ..
531 2599 592 2617 VOL.
608 2598 661 2617 XXl.
1919 2592 1947 2613 07
