2358 2933
215 109 295 140 1039
811 106 921 138 PHlL.
944 106 1046 138 MEL.
1077 105 1262 139 SCRIPTA
1283 107 1556 139 DOGMATICA.
2121 109 2202 141 1040

212 203 327 243 gratis.
350 201 475 232 etiamsi
489 200 556 230 Lex
581 207 610 230 et
636 205 750 228 nostra
773 199 856 229 ratio
880 208 942 229 nos
963 205 1121 230 accusant
1145 209 1184 230 ac
1208 217 1209 226 ÷
1229 201 1388 231 tribuatur
1417 207 1447 230 et
1476 200 1697 231 conscientiae
1725 206 1856 231 teneant
1879 210 1990 232 veram
2017 207 2049 231 et
2076 202 2201 233 firmam

213 245 389 280 deterrent,
413 253 454 273 ne
476 241 559 273 haec
583 242 669 271 bona
693 240 906 280 accipiamus.
945 240 1066 272 Sumus
1090 241 1187 282 igitur
1208 247 1211 268 ἒ
1231 242 1488 274 consolationem
1511 247 1543 272 et
1565 243 1693 282 possint
1715 243 1871 273 invocare
1897 242 2011 273 Deum.

212 286 342 317 liberati
365 295 383 316 a
407 290 560 324 peccato,
590 283 630 313 ab
654 283 703 313 ira
726 282 807 319 Dei,
836 283 877 312 ab
901 289 1033 314 aeterna
1057 284 1189 314 damna·
1210 275 1213 309 i
1317 284 1478 325 Loquitur
1511 289 1617 314 autem
1651 283 1803 315 Christus
1839 285 1879 315 de
1912 290 2051 325 utroque
2085 287 2201 323 wradu,

214 330 312 365 tione,
337 338 356 358 a
374 327 464 367 Lege
487 331 668 357 accusante
691 335 754 355 nos
773 330 803 355 et
827 335 846 354 a
865 325 1052 356 conditione
1074 326 1188 359 meriti.
1211 327 1213 355 ἶ
1233 337 1305 357 cum
1328 327 1388 357 ait:
1424 327 1458 357 Si
1477 336 1539 357 vos
1557 325 1657 356 Filius
1675 325 1873 364 liberaverit,
1895 336 1973 357 vere
1990 309 2202 358 liberioeritis.

213 371 251 402 Et
277 369 341 400 alia
371 379 425 400 res
448 368 618 408 proposita
642 374 671 397 et
697 368 817 397 donata
841 373 907 403 cst,
937 373 1071 408 propter
1094 377 1191 408 quam
1212 368 1275 407 {Et
1297 369 1426 409 quidem
1450 369 1490 399 de
1514 369 1642 409 integro
1666 368 1825 398 beneficio
1845 369 2070 407 concionatur,
2101 368 2204 399 Filius

213 413 393 452 accipimus
419 411 645 441 remissionem
669 415 879 449 peccatorum
903 416 935 439 et
953 410 1045 446 iusti,
1075 410 1107 439 id
1130 415 1192 445 est,
1214 409 1343 451 *placat
1371 411 1451 441 iram
1480 410 1560 448 Dei,
1590 409 1675 441 tollit
1704 416 1876 451 peccatum
1905 416 1938 441 et
1964 417 2118 448 mortem,
2147 412 2202 442 dat

213 455 339 494 accepti
372 464 390 483 a
425 452 497 482 Deo
531 453 795 493 pronuntiamur,
839 450 965 481 scilicet
999 450 1100 481 Filius
1129 450 1192 481 Dei
1233 453 1387 484 iustitiam
1407 459 1439 483 et
1457 454 1555 483 vitam
1573 459 1751 489 aeternam,
1770 453 1944 483 resuscitat
1962 462 2024 483 nos
2043 453 2084 483 ad
2100 459 2205 483 aeter-

213 496 386 532 Mediator‚
411 505 476 526 non
489 494 558 525 Lex
583 501 637 524 aut
662 494 775 523 merita
791 499 916 530 nostra,
939 504 979 524 ac
991 492 1192 524 reconciliati
1214 527 1215 531 Ἰ
1235 505 1312 529 nam
1333 494 1470 536 gloriam
1493 500 1525 525 et
1546 493 1720 532 laetitiam,
1752 505 1815 535 qua
1841 493 1986 525 fruemur
2012 496 2045 525 in
2068 504 2205 525 consue-

215 545 405 580 reputantur
435 538 530 574 iusti,
565 537 596 567 id
628 543 697 572 est,
732 536 859 575 accepti
889 546 909 565 a
931 535 1004 566 Deo
1029 536 1071 565 ad
1094 535 1192 566 vitam
1235 538 1345 569 tudine
1383 536 1465 574 Dei,
1503 537 1706 578 Angelorum
1746 543 1776 567 et
1815 537 1991 567 universae
2023 536 2204 567 Ecclesiae.

214 589 393 618 aeternam,
416 581 543 610 etiamsi
566 576 684 618 procul
703 578 819 609 absunt
839 576 1071 618 apel-sectione
1083 577 1195 618 LegiS,
1235 579 1324 611 Haec
1346 581 1475 620 integra
1497 578 1633 610 libertas
1657 584 1708 609 est
1731 578 1940 616 beneficium,
1964 579 2005 609 de
2026 588 2090 619 quo
2114 578 2207 609 Chri-

214 624 273 654 sed
300 629 434 663 propter
463 621 630 652 Christum
661 620 737 650 fide.
784 620 812 649 0
842 621 958 661 ingens
987 620 1192 656 beneficium,
1236 627 1307 653 stus
1332 623 1556 658 concionatur,
1582 631 1679 661 quam
1702 627 1808 652 tamen
1829 621 1881 651 hic
1903 620 2048 651 inchoari
2067 626 2207 661 oportet.

215 666 302 706 quod
325 674 514 705 quanquam
533 662 641 695 adhuc
663 661 799 692 haerent
823 663 855 692 in
878 661 1098 693 reconciliatis
1122 660 1193 692 reli·
1321 663 1439 694 Adhuc
1463 663 1601 693 subiecti
1623 673 1735 693 sumus
1759 664 1848 694 cruci
1876 668 1908 693 et
1929 663 2024 693 morti
2048 663 2208 703 corporis,

215 709 310 748 quiae
331 707 469 747 peccati,
493 715 678 746 quanquam
703 715 822 745 magna
844 704 930 735 mole
952 705 1099 735 sordium
1121 713 1194 744 pre·
1237 716 1426 737 exercemur
1449 705 1635 746 ingentibus
1659 704 1909 742 calamitatibus,
1942 705 2078 736 haerent
2100 704 2208 735 adhuc

215 752 340 787 mimus,
364 758 474 780 tamen
498 748 667 789 placemus
691 754 781 777 certo
805 754 940 787 propter
953 745 1131 783 Christum,
1153 756 1195 776 ac
1237 750 1270 779 in
1292 749 1388 779 nobis
1417 748 1532 778 sordes
1562 753 1593 777 et
1621 745 1755 777 multum
1786 746 1955 788 caliginis,
1984 753 2015 778 et
2041 756 2208 788 oppugna-

213 793 243 823 δί
266 802 403 833 prorsus
428 791 511 832 Legi
535 788 819 821 satisfaceremus.
1238 801 1309 821 mur
1339 801 1358 820 a
1385 789 1550 820 Diabolo.
1584 790 1639 830 qui
1668 789 1828 819 interdum
1855 788 1996 829 implicat
2025 799 2088 819 nos
2114 787 2209 819 malis

300 835 351 865 De
386 835 448 865 hoc
479 833 584 874 gradu
618 832 780 864 libertatis
815 831 1031 861 concionatur
1061 829 1193 867 Paulus,
1238 831 1528 864 inextricabilibus.
1562 831 1604 862 Et
1627 841 1722 861 nemo
1745 837 1809 861 tam
1834 836 1960 868 cautae,
1984 837 2048 862 tam
2070 830 2209 871 diligen<

217 888 292 908 cum
315 878 360 908 ait
385 875 610 922 [t;211.23,.t:³›.x·.
637 874 789 905 Christus
812 883 874 903 nos
898 873 1031 903 redemit
1054 883 1073 903 a
1096 871 1195 903 male·
1239 881 1300 912 est,
1317 880 1435 905 utnon
1454 874 1630 914 aliquando
1646 875 1678 903 in
1693 872 1979 904 deliberationibus
1992 879 2087 903 erret.
2110 873 2210 903 Deni-

217 919 357 950 dictione
369 920 484 961 Legis,
508 918 618 950 iactus
641 927 701 958 pro
726 916 820 947 nobis
840 914 1058 946 maledictum·
1088 915 1196 945 Breve
1239 928 1302 959 que
1332 927 1451 958 regere
1484 917 1545 957 ipsi
1578 914 1801 946 difficillimum
1835 921 1867 946 et
1899 913 2211 956 periculosissimum

217 961 337 992 dictum
360 969 422 999 est,
446 962 506 993 sed
524 961 628 998 longe
652 960 794 989 omnium
814 956 1018 998 Angelorum
1041 964 1073 988 et
1094 957 1196 987 homi·
1238 961 1325 991 vitae
1353 969 1484 990 cursum
1511 964 1543 989 et
1572 959 1779 989 vocationum
1808 958 1941 998 negotia
1970 955 2043 988 sola
2069 957 2211 988 humana

217 1014 292 1034 1111111
315 1006 507 1045 Sapientiam
532 1011 714 1040 5011013115,
738 1001 815 1041 qnia
839 1010 932 1037 1013,
955 1000 1072 1041 ingens
1095 1006 1128 1030 et
1150 1000 1196 1030 111-
1240 1001 1407 1043 diligentia
1424 1011 1489 1032 non
1505 1010 1693 1041 possumus,
1711 1006 1747 1031 ut
1764 1000 1865 1040 inquit
1878 999 2030 1030 Ieremias
2050 999 2118 1037 [10‚
2128 998 2212 1036 234:

217 1045 355 1077 effabilis
389 1048 437 1077 ira
468 1047 631 1077 adversus
664 1049 838 1085 peccatum
868 1041 1090 1084 significatur,
1124 1052 1198 1072 811111
1241 1045 1330 1082 Seio,
1352 1044 1506 1081 Domine,
1529 1043 1616 1084 quod
1640 1052 1704 1073 non
1728 1048 1779 1072 est
1801 1041 1940 1072 hominis
1963 1042 2016 1072 via
2038 1042 2118 1072 eius,

219 1087 330 1126 Filius,
353 1090 386 1119 in
409 1100 505 1130 quem
517 1087 667 1120 derivata
679 1092 732 1116 est
744 1087 806 1125 ira,
830 1091 968 1116 vocatur
978 1083 1197 1115 maledictum.
1326 1086 1521 1127 Quanquam
1549 1086 1647 1126 igitur
1674 1085 1707 1114 in
1735 1085 1818 1115 tristi
1853 1093 1986 1114 carcere
2015 1083 2122 1114 adhue
2165 1084 2213 1114 in-

218 1130 278 1161 Ηὶθ
302 1130 408 1163 sactus
432 1139 482 1163 est
507 1139 566 1171 pro
591 1129 687 1162 nobis
712 1128 797 1168 λύτρυ
841 1135 873 1158 et
897 1128 1037 1157 victima·
1066 1126 1117 1157 De
1135 1125 1199 1156 hoc
1243 1129 1324 1160 clusi
1353 1129 1516 1165 videniur,
1548 1134 1657 1158 tamen
1684 1136 1796 1157 sumus
1824 1125 1936 1163 liberi,
1965 1125 2108 1156 Primum
2137 1125 2212 1166 quia

218 1174 378 1204 beneficio
407 1183 437 1206 et
465 1173 535 1206 hae
548 1175 593 1208 ⁴⁰)
625 1172 822 1203 liberatione
851 1180 982 1210 semper
1004 1175 1036 1199 et
1058 1170 1090 1198 in
1113 1169 1199 1199 omni

218 1216 423 1247 invocatione
457 1215 675 1257 cogitandum
709 1220 777 1251 est,
818 1219 849 1244 et
882 1211 946 1242 fide
981 1212 1198 1247 statuendum,

219 1259 307 1298 quod
339 1267 473 1301 propter
502 1258 682 1290 Dominum
716 1262 864 1287 nostrum
896 1254 1003 1284 lesum
1033 1252 1198 1284 Christum

219 1311 296 1331 vere
318 1309 429 1333 nostra
446 1307 591 1342 peccata
606 1299 823 1336 remittantur,
837 1299 882 1335 ⁴¹)
905 1304 994 1327 tecta
1018 1301 1049 1326 et
1071 1293 1199 1335 sepulta

220 1344 302 1381 sint,
339 1351 369 1375 et
400 1344 488 1385 quod
520 1351 598 1374 rere
626 1341 705 1373 velit
733 1350 795 1371 1105
824 1345 959 1380 propter
983 1337 1199 1368 Mediatorem

220 1388 384 1427 recipere,
408 1386 577 1422 exaudire,
600 1383 742 1415 salvare.
787 1382 822 1412 ln
846 1381 897 1411 his
921 1380 1085 1411 exercitiis
1109 1380 1197 1409 invo*

222 1430 360 1460 cationis
384 1429 527 1470 quotidie
553 1432 681 1458 crescet
704 1423 889 1456 intellectus
918 1422 1013 1453 huius
1027 1423 1072 1459 12)
1102 1419 1198 1451 liber-

221 1473 309 1510 tatis,
334 1473 374 1503 de
398 1481 461 1512 qua
484 1471 516 1501 in
541 1470 605 1500 hoc
627 1469 730 1510 primo
746 1467 850 1508 gradu
862 1465 990 1501 dicitur,
1013 1463 1199 1504 quidoctri-

222 1526 296 1545 nam
320 1515 361 1544 de
385 1512 628 1549 lustificatione‚
652 1520 737 1552 quae
756 1518 856 1549 supra
879 1507 1046 1547 copiosius
1064 1505 1199 1536 recitata

223 1564 284 1595 est,
309 1557 463 1588 continet.

309 1599 480 1630 Secundus
510 1597 633 1639 gradus
662 1602 713 1626 est
743 1593 875 1625 donatio
905 1592 1047 1632 Spiritus
1081 1590 1199 1626 sancti,

223 1643 277 1683 qui
300 1652 419 1672 noram
442 1640 549 1671 lucem
578 1640 610 1669 in
633 1643 743 1668 mente
771 1642 803 1666 et
826 1644 933 1665 novos
957 1640 1064 1664 motus
1087 1633 1119 1662 in
1142 1642 1198 1662 ro-

223 1684 346 1716 luntate
369 1690 400 1714 et
423 1683 522 1714 corde
545 1681 712 1717 accendit,
743 1679 903 1719 gubernat
927 1686 988 1707 nos
1013 1681 1045 1706 et
1068 1673 1199 1705 inchoat
1243 1677 1393 1720 quffliore
1415 1678 1532 1708 animm

224 1728 257 1758 in
280 1727 374 1757 nobis
398 1727 495 1756 vitam
519 1732 696 1755 aeternam.
734 1721 804 1751 Etsi
828 1726 935 1751 autem
957 1718 1011 1749 hic
1035 1717 1199 1748 secundus
1328 1720 1520 1751 Didioemnt
1544 1717 1724 1749 seeundum
1747 1716 1884 1758 gradum
1913 1714 2072 1746 libertatis
2099 1724 2215 1745 omnes

226 1770 349 1811 gradus
379 1779 452 1799 cum
475 1768 577 1808 primo
602 1765 797 1797 coniunctus
821 1768 890 1799 est,
924 1767 1032 1792 tamen
1062 1758 1200 1790 docendi
1243 1764 1349 1794 saneti
1371 1764 1404 1793 in
1426 1760 1595 1803 periculis,
1628 1770 1701 1790 eum
1730 1759 1854 1799 experti
1881 1764 1957 1788 sunt
1985 1767 2023 1788 se
2053 1758 2156 1789 iuvari
2183 1763 2214 1787 et

226 1822 347 1842 caussa
371 1812 540 1847 discerno,
571 1816 620 1846 ut,
650 1808 778 1848 quoties
803 1806 843 1836 de
866 1803 1060 1834 liberatione
1083 1812 1103 1832 a
1124 1801 1200 1842 lege
1244 1806 1429 1836 confirmari
1459 1815 1478 1834 a
1500 1803 1591 1840 Deo,
1621 1803 1705 1832 sicut
1727 1800 1914 1840 Stephanus
1945 1800 1977 1830 in
2005 1797 2215 1830 consessione

227 1855 359 1891 dicitur,
382 1851 581 1894 intelligatur
603 1861 668 1881 non
694 1855 818 1880 tantum
843 1845 1013 1882 auxilium,
1036 1851 1070 1874 ut
1088 1844 1200 1884 Augu-
1245 1856 1275 1879 et
1299 1858 1406 1889 agone
1430 1847 1560 1883 mortis,
1590 1844 1784 1875 Laurentius
1814 1850 1846 1874 et
1875 1842 1928 1874 alii
1957 1840 2049 1873 multi
2075 1842 2108 1872 in
2137 1852 2214 1873 con-

227 1897 332 1928 sunus
356 1894 547 1936 plerumque
570 1898 714 1929 enarrat,
738 1891 797 1921 sed
816 1890 912 1920 etiam
936 1888 1078 1930 gratuita
1100 1887 1200 1925 impu·
1244 1890 1401 1921 sessione,

227 1940 305 1970 tatio
329 1939 477 1969 iustitiae.
1332 1932 1441 1967 Quare
1464 1937 1495 1961 et
1517 1940 1578 1961 nos
1602 1935 1748 1960 nostram
1770 1928 1985 1959 infirmitatem
2013 1933 2045 1957 et
2069 1925 2214 1967 pericula

314 1981 518 2021 Augustinus
552 1978 742 2019 Plerumque
776 1976 824 2006 810
858 1973 1016 2014 mmmm*
1058 1970 1202 2002 Libel'ffli
1247 1975 1494 2007 considerantes
1527 1973 1568 2003 de
1600 1971 1664 2003 1108
1698 1971 1803 2012 gradu
1837 1970 2035 2010 cogitemus,
2066 1973 2215 2008 petamus

229 2033 342 2055 51111108
365 2034 384 2053 ²²
407 2022 515 2064 Lege,
540 2022 571 2051 111
595 2027 657 2058 est:
681 2020 803 2050 donato
828 2017 951 2058 Spiritu
973 2020 1091 2046 5311010
1113 2014 1202 2044 iuva·
1246 2017 1400 2048 auxilium
1433 2022 1465 2047 et
1497 2015 1763 2056 gubernationem
1797 2012 1936 2052 Spiritus
1972 2011 2094 2047 sancti,
2132 2010 2215 2040 sicut

228 2077 316 2103 111111,
347 2072 379 2096 111
402 2065 484 2106 Legi
515 2064 721 2099 obediamUS=
750 2070 812 2091 nec
839 2060 902 2090 13111
928 2057 1051 2088 frustra
1074 2057 1203 2086 nitimur
1246 2060 1403 2101 praecipit
1423 2058 1574 2089 Christus
1596 2056 1747 2097 inquiens
1770 2054 1851 2092 [loh.
1872 2053 1922 2091 16,
1941 2053 2023 2091 244:
2046 2051 2163 2090 Petite,
2185 2057 2215 2082 et

230 2109 336 2139 coacti
359 2118 378 2138 a
397 2107 500 2148 Lege.
538 2106 641 2136 Recte
665 2105 705 2135 de
727 2101 846 2134 auxilio
870 2101 958 2138 dicit,
982 2100 1041 2130 sed
1062 2106 1202 2129 necesse
1246 2102 1424 2143 accipietis,
1470 2101 1548 2131 {tem
1583 2098 1707 2136 [Matth.
1741 2097 1796 2135 ll,
1825 2096 1907 2134 28‚]:
1942 2095 2060 2125 Venite
2092 2095 2134 2125 ad
2165 2103 2217 2124 me

230 2158 280 2182 est
304 2151 449 2190 conspici
474 2155 504 2180 et
527 2147 666 2179 alterum
689 2145 901 2181 beneficium,
931 2141 1058 2174 scilicet
1083 2140 1203 2182 gratui-
1247 2155 1372 2182 omnes,
1391 2143 1446 2185 qui
1463 2142 1622 2173 laboratis
1641 2147 1672 2172 et
1691 2140 1816 2171 onerati
1835 2139 1926 2175 estis,
1947 2143 1979 2169 et
1993 2147 2056 2178 ego
2074 2135 2217 2167 reficiam

229 2200 295 2224 tam
317 2193 541 2223 remissionem
564 2195 778 2230 peccatorum
801 2194 833 2217 et
850 2186 1096 2225 imputationem
1114 2182 1204 2214 iusti·
1248 2198 1320 2219 γος,
1365 2186 1447 2218 Cum
1468 2184 1704 2220 invocabimus,
1728 2183 1799 2213 sine
1821 2180 1888 2213 ulla
1911 2180 2121 2217 dubitatione,
2142 2187 2216 2209 sen-

230 2237 311 2273 1130,
341 2245 425 2276 quae
450 2235 590 2264 dOUatm'
612 2238 748 2272 111οΡ1οΓ
771 2229 948 2261 Christum·
994 2226 1066 2257 HOC
1088 2227 1202 2266 ingens
1248 2232 1364 2261 tiemus
1388 2238 1449 2259 nos
1472 2227 1593 2264 iuvari,
1622 2226 1693 2266 regi
1719 2223 1873 2262 consilio,
1902 2222 2076 2264 gubernari
2099 2221 2217 2257 exitus,

231 2288 347 2309 munus
371 2277 515 2316 conspici
540 2284 677 2306 necesse
701 2279 762 2309 est,
786 2278 820 2303 ut
840 2270 970 2302 Christo
994 2278 1074 2300 suus
1097 2267 1204 2299 honos
1223 2264 1227 2315 1
1248 2271 1366 2313 depelli
1388 2268 1532 2312 pericula
1555 2275 1587 2299 et
1609 2268 1748 2310 mitigari
1771 2275 1955 2297 aerumnas.

1224 2317 1228 2379 ι
1334 2314 1424 2344 Haec
1457 2311 1673 2343 invocationis
1709 2309 1863 2340 exercitia
1897 2307 2046 2338 erudient
2081 2314 2142 2335 nos
2177 2304 2217 2334 de

1225 2384 1228 2394 ,
1247 2357 1311 2388 hoc
1335 2356 1480 2387 secundo
1503 2354 1607 2395 gradu
1630 2352 1799 2383 libertatis,
1834 2351 1899 2381 lam
1919 2355 2041 2390 quanta
2060 2346 2217 2377 beneficia

1242 1178 1366 1203 certum
1385 1177 1436 1202 est
1455 1181 1516 1201 nos
1535 1176 1669 1210 propter
1686 1169 1852 1199 Christum
1870 1167 1993 1199 habere
2010 1167 2119 1198 Deum
2138 1177 2213 1207 pro-

1241 1216 1351 1255 pitium
1374 1220 1406 1244 et
1423 1212 1643 1249 defensorem,
1666 1218 1702 1242 ut
1721 1211 1817 1242 docet
1835 1211 1958 1250 primus
1978 1210 2100 1252 gradus
2118 1208 2214 1240 liber-

1241 1258 1329 1294 tatis,
1351 1256 1478 1286 Deinde
1500 1255 1575 1295 quia
1598 1255 1789 1284 adiuvamur
1811 1258 1842 1283 et
1865 1254 2084 1293 gubernamur
2101 1262 2121 1283 a
2140 1251 2212 1291 Spi-

1241 1300 1305 1330 ritu
1327 1304 1455 1329 sancto.
1501 1296 1609 1327 David
1632 1293 1847 1326 inextricabili
1876 1294 1963 1324 malo
1993 1293 2211 1330 conflictatur,

1242 1352 1316 1372 eum
1336 1339 1452 1381 pulsus
1477 1348 1580 1380 regno
1605 1336 1728 1374 exulat,
1757 1337 1816 1367 sed
1842 1342 1950 1367 tamen
1972 1335 2035 1367 hac
2064 1345 2102 1366 se
2124 1341 2214 1366 certa

1242 1382 1470 1414 consolatione
1487 1386 1663 1416 sustentat,
1681 1380 1770 1419 quod
1788 1389 1808 1408 a
1819 1377 1892 1408 Deo
1910 1388 1978 1408 non
1996 1378 2037 1407 sit
2055 1378 2214 1414 abiectus,

1241 1425 1384 1455 meminit
1406 1432 1523 1454 vocem
1544 1421 1674 1452 Nathan
1698 1421 1740 1458 [2.
1764 1420 1852 1451 Sam.
1878 1420 1929 1457 12,
1954 1419 2034 1458 13.]:
2067 1418 2213 1450 Abstulit

1242 1467 1400 1497 Dominus
1424 1470 1594 1505 peccatum
1616 1469 1716 1494 tuum.
1755 1462 1884 1492 Deinde
1907 1461 1988 1502 petit
2008 1460 2160 1493 auxilium
2183 1468 2215 1492 et

1243 1508 1511 1551 gubernationem
1530 1506 1672 1546 Spiritus
1691 1505 1797 1536 sancti
1816 1511 1847 1534 et
1866 1505 2030 1545 experitur
2048 1513 2085 1535 se
2103 1513 2123 1534 a
2139 1503 2213 1534 Deo

1241 1552 1356 1583 iuvari.
1402 1550 1445 1580 At
1468 1546 1707 1580 Themistocles
1736 1546 1877 1577 Graecia
1905 1545 2063 1586 expulsus
2092 1544 2213 1577 nullam

1242 1594 1356 1625 harum
1379 1591 1642 1624 consolationum
1665 1590 1770 1626 novit,
1797 1589 1858 1620 sed
1880 1589 2038 1629 tantisper
2060 1588 2135 1619 dum
2158 1587 2214 1618 ha-

1242 1638 1298 1668 bet
1316 1641 1482 1676 receptum
1501 1640 1531 1664 et
1550 1633 1692 1664 humana
1709 1631 1883 1672 praesidia,
1901 1629 1964 1662 felt
1980 1629 2111 1661 exilium
2128 1635 2214 1661 tran-

234 2418 280 2442 40»
298 2417 332 2440 De
362 2416 408 2438 noc
427 2414 548 2438 beneficio
567 2416 591 2436 et
611 2412 668 2441 hac]
704 2411 746 2435 Ed.
767 2411 807 2432 22.
827 2410 860 2434 nu
880 2409 927 2432 nac
945 2407 1044 2432 ricssima
1065 2407 1088 2430 ct
1108 2406 1155 2430 hac
1174 2417 1203 2420 —
1225 2395 1228 2444 ἲ
1249 2401 1312 2431 Dei
1343 2400 1407 2429 sint
1440 2397 1472 2427 hi
1506 2398 1569 2427 duo
1604 2396 1742 2436 gradus,
1777 2403 1888 2424 secum
1916 2392 2054 2433 quisque
2084 2389 2215 2429 cogitet.

302 2450 372 2473 Edita.
394 2454 432 2472 ¹-2-
452 2447 569 2471 ets-34..
590 2446 649 2476 01111-
672 2447 689 2468 1-
710 2445 731 2467 ‘2-
751 2445 785 2469 DQ
805 2444 903 2467 11601113
924 2444 947 2466 et
968 2442 997 2465 ‘1‘1
1017 2442 1064 2465 hac
1227 2462 1230 2488 3
1251 2444 1333 2473 Sunt.
1357 2442 1438 2471 enim
1458 2439 1667 2470 liberationes
1688 2447 1726 2467 ex
1746 2436 1879 2467 summis.
1898 2432 2004 2470 malis,
2028 2443 2047 2463 a
2066 2436 2217 2472 peccam,

236 2503 279 2531 Ἰ1)
299 2498 477 2529 minutantur]
498 2498 570 2522 Editx.
590 2496 679 2519 1-16.
704 2497 739 2520 18.
761 2495 796 2518 19.
817 2494 856 2517 25.
873 2493 1043 2518 remittuntur.
1228 2503 1231 2533 ι
1252 2486 1292 2516 ab
1320 2486 1366 2515 ira
1390 2483 1468 2520 Dei,
1499 2493 1517 2512 a
1546 2486 1651 2511 morte
1680 2485 1829 2514 aeterna,
1861 2477 1992 2507 donatio
2020 2473 2159 2505 iustitiae
2187 2480 2215 2503 et

235 2552 280 2581 42)
301 2551 385 2580 huius]
405 2550 446 2574 lid.
469 2551 487 2574 1.
506 2549 579 2573 huius
599 2553 657 2571 vere
678 2547 705 2576 ti.
726 2553 748 2569 8.
769 2546 842 2570 nnius
860 2550 936 2569 'serae
955 2545 989 2568 ut
1006 2543 1086 2567 habet
1103 2541 1145 2566 Ed.
1165 2540 1202 2569 3.)
1230 2545 1232 2547 ’
1254 2528 1338 2558 Vitae
1361 2532 1523 2562 8018111919,
1547 2523 1694 2554 defensio
1712 2522 1872 2552 fld'fel'b'us
1892 2516 2079 2554 Diabohlmae
2101 2516 2217 2556 gnber·

2312 328 2334 389 ³.

2314 618 2324 688 t

2315 689 2323 727 ξ’,

2316 729 2324 798 3
