2358 2933
231 123 291 154 451

231 213 422 255 Evangelio.
488 214 590 244 Porro
625 221 654 244 et
690 213 891 254 singulorum
928 216 1128 245 tentationes
1163 217 1203 246 de

231 255 391 287 electione
421 263 449 286 et
480 257 675 295 sciiptormn
701 257 814 286 eadem
839 257 879 286 de
903 266 938 286 re
962 257 1202 295 disputationes

230 299 347 338 partim
379 309 396 327 ει
428 299 553 327 ratione
583 299 730 328 oriuntur
760 299 830 328 sine
855 299 957 328 verbo
983 298 1202 338 Dei,par1im

229 338 357 379 alege.
404 339 559 368 llomincs
596 340 816 379 imaginantur
851 350 1004 370 caussam
1033 339 1203 370 electionis

230 392 306 411 esse
334 389 479 410 nostram
508 381 698 421 dignitatem
722 392 780 411 seu
804 382 935 418 merita,
959 382 1035 421 quia
1056 383 1100 412 ita
1125 383 1203 412 iudi-

230 431 302 453 cant
336 424 418 452 ratio
451 429 480 451 et
510 421 572 452 lex.
629 422 705 453 Ideo
735 424 765 453 in
796 423 881 453 hanc
910 424 1106 454 sententiam
1134 423 1203 455 sere

234 463 427 495 delabuntur
453 466 498 503 ³⁴)
550 463 751 494 scholastici
799 466 952 495 doctores
999 466 1203 496 recentiores

230 517 362 542 ornnes,
393 506 467 546 quia
499 513 621 536 tantum
651 507 768 537 docent
799 507 955 537 iustitiam
984 505 1078 547 legiS.
1136 509 1204 538 Sed

230 559 290 578 nos
307 549 544 578 meminerimus
564 549 605 578 ad
625 547 839 589 Evangelium
860 550 1099 589 respiciendum
1117 560 1202 581 esse.

315 615 387 646 Duo
416 622 522 645 autem
551 622 623 645 sunt
655 616 894 646 consideranda
920 617 952 646 in
985 617 1203 657 promissione

231 656 410 698 Evangelii.
435 656 600 687 videlicet:
638 658 725 698 quod
749 665 779 688 et
805 659 908 699 gratis
932 659 1087 698 promittit
1113 660 1202 689 iusti-

229 701 317 732 tiam.
341 706 370 729 et
397 699 483 739 quod
508 700 680 739 promissio
705 706 754 729 est
774 700 982 730 universalis.
1015 700 1097 730 Nam
1121 701 1204 731 haec

228 742 291 772 duo
315 748 466 772 exercent
494 740 654 772 humanos
683 743 820 772 animos.
874 742 1089 781 Disputamus
1120 741 1203 773 alias

228 784 268 814 de
293 784 460 824 dignitate,
485 794 545 813 nos
569 784 641 814 ideo
662 794 725 813 non
750 794 826 814 esse
846 782 982 821 electos,
1007 784 1082 824 quia
1100 785 1202 815 simus

227 826 359 865 indigni.
383 824 478 854 Alias
502 826 703 865 disputamus
723 827 763 856 de
782 824 1057 865 particularitate:
1082 825 1203 856 Etiam-

227 868 254 897 si
278 868 365 908 digni
389 877 555 903 essemus,
584 874 692 898 tamen
717 867 822 898 Deum
847 877 928 897 suos
952 868 1115 908 quosdam
1139 867 1203 899 ele-

228 910 329 950 gisse,
353 909 470 949 quibus
494 907 590 939 suerit
613 910 759 950 aequior.
805 909 946 950 Ideoque
968 920 1127 951 negamus
1147 920 1204 940 no-

227 952 277 981 bis
301 951 499 991 sperandam
520 961 595 981 esso
618 950 771 988 salutem,
795 952 870 992 quia
894 951 1041 982 sortasse
1065 962 1132 982 nou
1151 961 1204 982 su-

228 1004 297 1024 mus
313 994 358 1033 ⁸⁵)
389 993 420 1023 in
449 1003 488 1023 eo
519 1003 664 1024 numero.
719 993 867 1034 Utraque
899 994 1086 1034 imaginatio
1110 1004 1204 1034 repu-

228 1036 346 1066 dianda
381 1042 442 1071 est,
477 1041 506 1064 et
544 1045 744 1076 magnopere
777 1036 913 1075 prodest
946 1036 1110 1066 adversus
1145 1046 1203 1066 eas

227 1076 398 1118 diligenter
428 1078 552 1108 munire
581 1079 652 1117 pias
683 1083 819 1108 mentes.
876 1077 953 1108 Ideo
972 1088 1079 1118 neque
1102 1078 1203 1118 digni-

227 1125 327 1150 tatem
357 1125 504 1150 nostram
533 1120 701 1160 respicere
732 1121 908 1157 debemus,
941 1130 1047 1160 neque
1070 1130 1111 1150 ex
1136 1121 1204 1151 uni-

227 1161 348 1191 versali
371 1162 589 1202 promissione
612 1161 846 1202 particularem
869 1161 1021 1197 efiicere3
1055 1162 1115 1192 sed
1139 1163 1203 1192 sin-

226 1202 292 1244 guli
327 1214 388 1234 nos
423 1205 455 1234 in
486 1203 574 1234 illam
602 1203 821 1234 universalem
850 1203 1066 1235 includamus,
1121 1203 1203 1235 Cum

224 1246 323 1286 igitur
357 1246 397 1276 de
429 1245 590 1277 electione
617 1247 766 1287 angimur
795 1252 849 1276 aut
886 1247 1103 1286 disputamus,
1138 1257 1203 1276 non

225 1288 392 1319 ordiamur
415 1298 436 1319 a
457 1289 580 1318 nostris
599 1289 886 1329 supputationibus
910 1287 963 1319 vel
986 1299 1005 1318 a
1028 1288 1121 1329 lege,
1145 1289 1204 1319 sed

225 1343 244 1363 a
267 1331 486 1372 promissione
508 1329 692 1371 Evangelii.
733 1330 767 1361 Si
791 1331 864 1371 quis
885 1336 974 1361 extra
989 1329 1205 1372 Evangelium

226 1383 378 1405 caussam
401 1374 526 1413 quaerit
549 1371 731 1409 electionis,
754 1373 781 1402 is
805 1383 870 1403 non
894 1379 1004 1413 potest
1027 1383 1093 1403 non
1117 1383 1204 1403 erra-

227 1426 271 1446 re.
317 1415 394 1446 Ideo
418 1426 482 1445 non
507 1416 651 1445 sinamus
675 1425 736 1444 nos
761 1415 803 1444 ab
827 1414 1011 1455 Evangelio
1031 1413 1141 1452 avelli,
1163 1426 1203 1446 ac

226 1464 375 1489 caeteras
399 1458 648 1498 supputationes
671 1455 786 1497 procul
810 1457 1005 1487 reiiciamus.

313 1525 393 1555 Cum
416 1525 514 1566 igitur
536 1525 711 1564 promissio
735 1525 776 1554 sit
802 1524 956 1564 gratuita,
980 1529 1069 1554 recte
1092 1525 1203 1555 statui-

227 1574 289 1605 tur,
300 1568 347 1607 3⁶)
371 1567 628 1597 inisericordiam
653 1576 728 1596 esse
753 1575 906 1596 caussam
926 1565 1107 1596 electionis·
1138 1566 1203 1597 De-

227 1610 301 1639 inde
325 1620 397 1640 cum
420 1610 594 1649 promissio
618 1609 659 1638 sit
683 1607 897 1639 universalis:
923 1608 957 1639 Si
982 1609 1055 1649 quis
1076 1617 1116 1638 ex
1137 1609 1203 1639 uni·

229 1650 346 1683 versali
369 1650 597 1691 particularem
622 1649 698 1680 velit
723 1649 867 1687 efficere,
895 1651 923 1680 is
946 1651 1059 1681 reddet
1082 1649 1203 1690 simpli-

227 1697 307 1725 citer
337 1695 493 1724 incertam
524 1693 775 1733 promissionem
805 1699 836 1722 et
867 1691 958 1723 tollet
983 1692 1090 1723 fidem.
1136 1692 1202 1723 Iam

227 1748 299 1768 cum
323 1736 528 1766 statuendum
551 1736 593 1765 sit
616 1736 866 1775 promissionem
885 1744 964 1765 vere
982 1733 1202 1765 universalem

227 1788 313 1815 esse,
343 1779 429 1818 quod
452 1778 494 1807 ad
517 1776 717 1807 voluntatem
738 1776 802 1807 Dei
825 1778 956 1812 attinet3
997 1778 1083 1807 sicut
1104 1787 1123 1807 a
1146 1788 1202 1817 po-

227 1822 365 1851 steriore
395 1821 426 1850 in
453 1819 682 1850 iustificatione
707 1820 843 1850 dicimus
867 1818 1007 1859 aliquam
1031 1820 1063 1849 in
1085 1820 1203 1859 accipi-

228 1870 302 1893 ente
325 1873 476 1892 caussam
504 1871 596 1898 esse,
626 1861 779 1892 videlicet
810 1871 875 1891 non
906 1862 1114 1902 dignitatem,
1144 1861 1204 1891 sed

228 1906 302 1946 quia
330 1905 581 1944 promissionem
610 1903 839 1944 apprehendit,
869 1913 941 1934 cum
969 1913 1033 1943 qua
1062 1903 1203 1943 Spiritus

227 1952 363 1977 sanctus
395 1953 443 1976 est
483 1945 616 1982 efficax,
650 1946 920 1986 quemadmodum
950 1944 1073 1976 Paulus
1101 1946 1203 1986 inquit

229 1989 324 2026 {Rom
361 1989 411 2025 10,
438 1988 517 2025 l7.1:
540 1988 638 2018 Fides
663 1998 702 2018 ex
726 1988 837 2018 auditu
861 1994 934 2018 est:
958 1989 1002 2018 ita
1025 1993 1055 2018 et
1080 1988 1120 2019 de
1139 1987 1203 2018 ele-

228 2032 335 2061 ctione
360 2042 379 2060 a
402 2031 585 2070 posteriore
608 2031 799 2067 iudicemus,
823 2036 977 2066 videiicetffl)
998 2030 1085 2060 haud
1106 2031 1203 2060 dubie

229 2071 352 2103 electos
376 2082 451 2102 esse
476 2082 546 2109 eos,
571 2073 623 2113 qui
646 2073 904 2103 misericordiam
934 2072 997 2102 fide
1020 2072 1202 2113 apprehen-

230 2116 326 2150 dunt,
360 2124 422 2144 nec
456 2115 609 2145 abiiciunt
646 2125 717 2145 eam
752 2114 900 2145 fiduciam
935 2115 975 2145 ad
1011 2121 1201 2145 extremuni.

228 2157 318 2187 Ilaec
341 2157 446 2186 omnia
467 2167 506 2186 ex
529 2156 594 2187 hoc
617 2155 707 2187 fonte
731 2157 887 2193 oriuntur,
912 2158 998 2197 quod
1025 2157 1065 2187 de
1088 2156 1201 2187 volun-

229 2205 294 2228 tate
317 2197 378 2228 Dei
409 2209 472 2228 non
498 2204 546 2229 est
570 2199 777 2230 iudicandum
800 2205 891 2229 extra
920 2200 1055 2230 verbum
1078 2205 1109 2229 et.
1132 2200 1202 2229 sine

230 2241 350 2275 verbm
385 2241 472 2280 quod
497 2247 586 2271 certe
610 2240 731 2272 faciunt
754 2239 817 2278 illi,
847 2242 899 2282 qui
924 2248 1085 2282 quaerunt
1109 2251 1202 2272 caus-

229 2385 273 2415 34)
294 2384 446 2409 delabuntur
464 2384 535 2408 Editt.
561 2385 597 2406 12.
619 2384 657 2407 13.
679 2385 772 2414 typoth.
790 2391 904 2410 errrore:
923 2386 1077 2411 dalabuntur

229 2436 274 2463 35)
295 2434 393 2465 sumus]
415 2434 486 2458 Editt.
507 2434 530 2455 7.
552 2436 573 2456 8.
598 2435 702 2457 11ἡι4.
723 2434 835 2463 etopp.:
855 2434 936 2459 simus

229 2486 274 2515 36)
294 2485 433 2514 statuitur]
452 2484 524 2508 Editt.
545 2484 568 2506 8.
591 2484 696 2506 11⁴13.
716 2486 741 2508 et
760 2484 833 2514 opu:
853 2485 996 2514 statuimus,

229 2535 274 2564 37)
293 2535 408 2559 videlieet
427 2533 539 2558 addunt
558 2533 627 2559 Editt.
648 2534 670 2556 7.
691 2535 713 2556 8.
735 2535 841 2558 11-14.
867 2537 893 2559 et
910 2535 970 2565 opp.

857 123 966 154 PIIIL.
990 123 1091 154 MEL.
1115 122 1300 155 SCRIPTA
1321 124 1594 158 DOGMATIGA.

2158 130 2222 162 452

1247 227 1317 247 sam
1351 217 1519 249 electionis
1553 227 1595 249 aut
1625 224 1716 249 totiunt
1747 230 1863 250 caussam
1891 227 2030 257 electionis,
2048 226 2086 257 ³⁸)
2109 228 2142 253 et
2173 224 2219 254 in-

1247 260 1338 289 terim
1369 270 1433 290 non
1465 261 1627 291 deducunt
1657 261 1877 292 conscientias
1905 263 1947 292 ad
1970 263 2220 303 promissionem

1247 300 1428 342 Evangelii.

1333 343 1402 374 Nec
1425 354 1535 374 moror
1559 345 1655 374 etiam
1678 344 1706 373 si
1729 345 1802 385 quis
1822 344 1874 375 hic
1896 345 1961 377 alia
1984 348 2143 387 quaedam
2163 349 2219 379 ob-

1247 386 1396 416 scuriora
1426 385 1503 416 velit
1533 395 1708 426 quaerere3
1743 396 1827 426 quae
1850 389 1975 419 etiamsi
1999 391 2076 430 quid
2098 389 2220 420 habent

1248 428 1327 463 veri,
1361 433 1467 457 tamen
1502 427 1623 459 inutilia
1659 434 1690 458 et
1724 427 1881 468 perplexa
1914 437 2001 469 sunt,
2035 438 2066 462 et
2097 437 2220 463 tantum

1247 470 1438 508 perturbant
1462 471 1693 507 conscicntiaS,
1717 475 1748 501 et
1770 472 1937 503 abducunt
1960 483 2016 504 eas
2038 484 2058 504 a
2082 483 2220 514 conspe-

1248 516 1302 541 ctu
1325 510 1506 552 Evangelii.
1552 512 1622 542 Nec
1652 522 1731 543 vero
1762 512 1830 543 ulla
1859 516 1994 546 tentatio
2021 517 2220 556 pertinacius

1247 558 1341 593 urget
1365 555 1491 584 animos
1514 564 1553 584 ac
1572 555 1676 596 magis
1699 555 1893 586 adversatur
1916 557 2002 595 fidei,
2026 568 2122 598 quam
2143 559 2220 589 ima-

1247 595 1368 635 ginatio
1391 594 1456 633 illa,
1480 606 1564 636 quae
1587 595 1687 627 esticit
1705 598 1956 637 promissionem
1978 599 2219 639 particularem;

1247 636 1324 667 Ideo
1356 638 1549 668 medendum
1579 644 1629 668 est
1657 638 1866 670 imbecillitati
1888 642 2068 673 animorum
2092 648 2220 673 nostro-

1248 689 1327 716 rum,
1358 690 1421 709 non
1446 686 1495 710 est
1520 679 1743 712 confirmanda
1766 680 1953 713 diffidentia.
2000 683 2142 726 Colligat
2163 684 2220 725 igi-

1248 727 1299 751 tur
1322 722 1383 751 sibi
1407 722 1545 762 quisque
1567 723 1762 761 testimonia,
1786 734 1870 764 quae
1890 726 2067 757 ostendunt
2080 727 2220 767 ›promis-

1246 763 1372 793 sionem
1396 773 1470 794 esse
1493 763 1721 796 universalem.
1769 766 1892 800 Quales
1914 774 1990 798 sunt
2008 768 2070 799 hae
2089 774 2220 800 senten—

1247 805 1321 835 tiae.
1366 804 1504 836 Roman.
1529 805 1549 836 3
1573 807 1634 842 [νε.
1658 806 1722 845 22.)
1747 806 1871 839 Iustitia
1889 809 1950 840 Dei
1973 820 2032 850 per
2055 810 2151 842 fidem
2174 810 2220 841 le·-

1247 857 1286 878 su
1310 846 1443 884 Clu-isti,
1467 858 1550 888 qnae
1575 853 1624 878 est
1648 849 1679 878 in
1704 859 1817 880 omnes
1840 857 1871 881 et
1894 861 1994 892 super
2017 861 2141 883 omnes.
2171 852 2220 883 Io-

1246 888 1362 919 hannis
1375 889 1405 919 3.
1420 891 1482 926 [vs.
1498 890 1560 927 15.)
1584 889 1627 920 Ut
1641 891 1756 928 omnis,
1779 892 1832 932 qui
1857 894 1960 924 credit
1981 895 2013 924 in
2025 895 2142 935 ipsum,
2154 904 2220 926 non

1246 937 1370 970 pereat,
1393 932 1452 962 sed
1475 931 1595 962 habeat
1618 933 1716 963 w'tam
1739 939 1915 964 aeternam.
1960 934 2054 966 Rom.
2080 935 2130 967 10.
2155 939 2219 975 [νει

1249 972 1311 1011 12.]
1346 973 1434 1004 Idem
1463 973 1621 1005 Dominus
1656 976 1797 1006 omnium
1825 976 1916 1007 dives
1945 977 1977 1007 in
2006 987 2138 1015 omnes,
2166 977 2221 1018 qui

1246 1015 1402 1046 invocant
1436 1025 1509 1046 eum
1543 1022 1603 1047 etc.
1639 1017 1829 1048 Huiusmodi
1861 1020 2043 1050 sententiae
2066 1019 2221 1051 suavissi-

1246 1067 1331 1087 mam
1356 1056 1614 1089 consolationem
1637 1058 1801 1098 adferunt,
1824 1062 2014 1101 praesertim
2034 1072 2106 1093 cum
2126 1062 2221 1093 etiam

1246 1097 1385 1130 alteram
1424 1099 1618 1140 particulam
1657 1102 1753 1132 nobis
1793 1103 2016 1142 proponimus,
2057 1103 2219 1142 videlicet,

1247 1142 1335 1182 quod
1353 1142 1396 1172 sit
1419 1143 1594 1183 gratuitum
1617 1143 1820 1174 beneficium.
1850 1144 1922 1175 Huc
1943 1146 2112 1185 pertinent
2123 1146 2220 1177 etiam

1246 1183 1309 1213 hae
1331 1185 1512 1214 sententiae
1535 1185 1577 1221 11.
1601 1184 1680 1216 Tim.
1704 1186 1735 1223 2,
1759 1185 1801 1224 4.]
1825 1185 1917 1217 Deus
1939 1186 2010 1218 vult
2028 1197 2141 1218 omnes
2162 1187 2220 1218 ho-

1247 1226 1350 1256 mines
1384 1225 1499 1257 salvos
1531 1225 1661 1263 facere3
1695 1228 1770 1258 item
1806 1227 1915 1266 [Rorn‚
1948 1229 1980 1267 2,
2006 1229 2083 1268 111:
2123 1226 2221 1270 Apud

1247 1268 1353 1299 Deum
1379 1279 1445 1298 non
1476 1274 1527 1299 est
1555 1272 1798 1310 προςωποληψίιι.
1856 1270 1948 1301 Haec
1971 1278 2046 1302 sunt
2070 1272 2220 1302 conside-‘'-

1246 1311 1360 1348 randa,
1396 1320 1436 1340 ne
1468 1310 1697 1342 confirmemus
1727 1311 1908 1343 naturalem
1943 1311 2154 1347 diffidentiam
2188 1318 2221 1344 et

1246 1353 1318 1383 Deo
1355 1353 1534 1384 tribuamus
1568 1357 1826 1395 προςωποληψίαν.
1883 1354 2059 1386 Praeterea
2091 1361 2124 1386 et
2155 1355 2221 1386 hoc

1247 1395 1569 1427 animadvertendum
1592 1401 1658 1426 est:
1681 1394 1799 1426 malum
1824 1406 1865 1427 ex
1889 1397 1985 1427 nobis
2008 1407 2095 1435 esse,
2118 1407 2220 1439 quare

1247 1437 1430 1468 cavendum
1465 1443 1526 1475 est,
1561 1447 1602 1468 ne
1635 1436 1784 1469 volentes
1818 1437 2046 1480 indulgeamus
2079 1438 2220 1471 naturali

1247 1477 1446 1510 diffidentiae
1477 1490 1516 1509 ac
1539 1489 1758 1521 repugnemus
1780 1482 2001 1520 promissioni,
2031 1487 2086 1513 aut
2115 1482 2221 1512 disce-

1247 1522 1360 1552 dentes
1385 1532 1405 1552 a
1433 1522 1650 1562 promissione
1678 1523 1802 1553 interea
1831 1533 2027 1564 quaeramus
2049 1522 2132 1554 alias
2155 1522 2217 1554 ele·

1247 1564 1364 1594 ctionis
1393 1573 1531 1594 caussas
1554 1564 1625 1595 sine
1647 1565 1750 1596 verbo
1772 1563 1846 1595 Dei.
1891 1565 2035 1606 Ideoque
2053 1571 2086 1596 et
2106 1565 2219 1607 Augu-

1246 1606 1351 1637 stinus
1375 1605 1551 1647 quamlibet
1574 1607 1674 1637 durus
1698 1613 1764 1643 est,
1797 1613 1904 1637 tamen
1935 1608 1976 1638 de
1998 1607 2220 1648 praedestina-

1245 1649 1334 1679 tione
1357 1654 1389 1679 et
1408 1649 1514 1690 gratia
1535 1649 1584 1679 sic
1606 1649 1753 1689 scripsit:
1777 1648 1856 1686 Eos,
1879 1650 1932 1689 qui
1953 1650 2134 1680 vocationis
2153 1660 2220 1681 mu·

1246 1700 1307 1720 nus
1327 1700 1478 1731 congrua
1500 1691 1620 1730 pietate
1639 1691 1856 1730 susceperint,
1879 1697 1921 1728 et,
1945 1697 2098 1732 quantum
2111 1692 2143 1722 in
2161 1691 2219 1723 ho-

1246 1733 1330 1762 mine
1355 1738 1421 1770 est,
1449 1732 1512 1763 Dei
1542 1734 1574 1763 in
1603 1743 1640 1763 se
1670 1734 1758 1763 bona
1787 1739 1977 1771 servantes,
2006 1734 2161 1764 adiuvant
2175 1735 2220 1772 3⁹)

1246 1780 1308 1805 ete.
1355 1774 1466 1809 Quare
1494 1776 1589 1805 etiam
1619 1775 1646 1805 si
1677 1775 1754 1816 quid
1782 1775 1813 1805 in
1836 1774 1900 1805 hac
1923 1785 2043 1806 caussa
2065 1774 2120 1806 alii
2143 1776 2220 1807 sub-

1246 1815 1331 1847 tilius
1357 1817 1540 1857 disputant,
1569 1817 1644 1847 mihi
1672 1822 1779 1847 tamen
1808 1818 1890 1847 satis
1914 1823 1966 1848 est
1987 1816 2146 1858 colligere
2169 1827 2219 1855 ea,

1246 1869 1330 1899 quae
1355 1865 1478 1889 certum
1502 1865 1552 1889 est
1574 1859 1734 1900 prodesse
1758 1860 1978 1890 conscientiis.
2013 1858 2112 1890 Certe
2135 1860 2220 1891 enim

1247 1902 1341 1932 debet
1373 1901 1577 1932 conscientia
1603 1902 1636 1931 in
1664 1902 1830 1942 praesenti
1865 1902 2041 1933 certamine
2070 1902 2219 1933 revocari

1246 1943 1287 1973 ad
1320 1944 1590 1983 promissionem,
1625 1948 1657 1973 et
1690 1943 1755 1973 hoc
1787 1945 1962 1983 praecipue
1997 1944 2218 1982 considerare,

1247 1986 1333 2025 quod
1356 1986 1530 2025 promissio
1554 1991 1585 2015 et.
1608 1985 1749 2026 gratuita
1772 1991 1804 2015 et
1825 1984 2022 2016 universalis
2044 1991 2104 2016 est.

1330 2027 1446 2068 Neque
1480 2027 1579 2064 haec,
1613 2037 1698 2067 quae
1731 2027 1812 2063 dixi,
1855 2028 2074 2058 adversantur
2107 2028 2218 2059 verbis

1245 2068 1366 2100 Christi
1392 2069 1473 2108 [loh.
1487 2069 1517 2106 6,
1541 2070 1626 2107 444:
1650 2069 1755 2098 Nemo
1778 2070 1866 2100 venit
1889 2070 1930 2099 ad
1953 2079 2016 2107 me,
2039 2070 2101 2100 nisi
2123 2079 2219 2110 quem

1245 2111 1342 2142 Pater
1367 2112 1511 2141 traxerit.
1556 2111 1627 2148 Nos
1651 2111 1735 2141 enim
1759 2121 1778 2141 a
1802 2112 1903 2142 verbo
1928 2112 2027 2142 ordiri
2051 2112 2217 2143 debemus.

1244 2154 1357 2194 Itaque
1381 2164 1453 2183 cum
1477 2155 1610 2184 verbum
1633 2152 1916 2194 apprehendimus,
1940 2152 2036 2184 simul
2053 2153 2146 2185 Deus
2166 2159 2219 2185 vest

1245 2195 1363 2226 efficax
1396 2205 1455 2236 per
1487 2197 1634 2226 verbum.
1690 2195 1783 2225 quta
1815 2195 1895 2227 illud
1930 2195 2036 2234 [Rom.
2073 2197 2102 2234 1,
2138 2196 2216 2234 16.]:

1244 2237 1458 2278 Evangelium
1493 2244 1542 2268 est
1577 2238 1722 2278 potentia
1755 2245 1797 2269 Dei
1808 2240 1851 2277 ⁴⁰)
1886 2239 1926 2269 ad
1960 2238 2100 2269 salutem
2131 2238 2217 2269 omni

1245 2365 1290 2395 38)
1310 2365 1461 2423 aptotoilunt
1481 2371 1583 2389 causam
1604 2365 1744 2395 electionis,
1763 2364 1877 2389 addunt
1895 2365 1967 2390 Editt.
1986 2365 2008 2388 7.
2029 2366 2051 2389 8.
2074 2366 2102 2388 ιι
2124 2379 2155 2382 -
2176 2365 2214 2389 14.

1313 2405 1326 2422 e
1377 2405 1415 2428 pp.

1245 2448 1290 2476 39)
1309 2449 1438 2479 adiuvant]
1459 2450 1495 2473 sic
1513 2449 1584 2474 Editt.
1606 2451 1627 2472 7.
1647 2451 1669 2472 Β.
1692 2450 1716 2472 11
1730 2462 1760 2465 —
1774 2450 1810 2472 14.
1833 2452 1857 2473 et
1876 2449 2033 2479 opp.;t·:ditt.
2055 2450 2074 2473 ι.
2096 2450 2118 2474 2.
2138 2450 2214 2473 4-6.

1314 2482 1337 2504 9.
1357 2484 1404 2509 ιη).
1423 2488 1524 2508 errore:
1542 2483 1646 2508 adiuvat

1245 2531 1290 2561 40)
1309 2531 1352 2556 Dei
1372 2530 1484 2554 addunt
1503 2530 1573 2555 Editt.
1594 2534 1617 2555 7.
1631 2535 1653 2555 8.
1677 2533 1782 2558 11-14,
1801 2535 1825 2557 et
1844 2534 1902 2562 Opp.
