2358 2933
74 158 116 189 57
560 154 584 184 1.
607 152 709 185 LOCI
730 151 1005 184 THEOLOGICI:
1028 153 1070 184 A.

205 249 291 285 Quid
313 247 388 278 lex?
1070 281 1071 288 ἵ

205 292 290 326 Quid
312 288 552 330 Evangelium?
1070 301 1071 330 ᾖ

119 351 312 382 Exordium:
335 349 478 379 Primum
501 348 630 389 quidem
653 348 775 388 gratias
799 357 863 387 ago
886 346 960 377 Deo
975 356 1048 377 meo

165 392 317 424 Secundo
347 390 442 421 locos
472 390 570 421 habet
606 389 855 420 benevolentiae
885 395 997 429 aptos,
1030 400 1050 419 a

76 435 242 477 principiO.
287 434 414 464 Deinde
437 434 583 473 sequitur
605 433 757 463 attentio:
779 432 854 462 Non
869 432 954 462 enim
977 442 1049 462 em-
1071 452 1073 472 ‘r

76 479 189 509 besco.
212 475 429 517 Evangelium
452 485 505 505 res
528 475 657 505 minime
681 475 833 514 pudenda
855 481 917 511 est,
941 480 973 505 at
996 484 1050 504 res

77 520 229 560 pudenda
259 525 309 549 est
338 517 409 555 lex,
439 527 523 558 quae
551 527 619 547 non
647 516 762 551 efficit,
786 517 874 558 quod
903 518 1049 557 imperat.
1072 551 1075 558 x

76 560 293 602 Evangelium
315 570 369 590 res
392 560 520 590 minime
542 560 706 599 pudenda,
729 570 844 600 nempe
868 558 987 590 efficax
1009 559 1051 589 ad

76 604 349 640 iustificationem,
374 603 449 642 quia
470 600 686 642 Evangelium
709 608 759 632 651
782 604 885 632 w'rtus
908 601 988 637 Dei,
1020 607 1052 632 et
1073 599 1074 603 ’

78 652 147 683 est,
171 655 235 686 quo
258 645 350 675 Deus
374 644 538 674 iustificat.
1073 649 1075 674 ς

120 705 282 734 Narratio.
307 702 486 733 Revelatur
508 703 593 733 enim
614 703 663 733 ira
686 702 747 732 Dei
770 702 811 732 116
835 702 929 733 60610
954 712 1052 743 super
1074 703 1075 724 l

78 757 206 778 omnem
228 745 435 786 impietatem.

121 804 302 836 Consilium
331 804 528 834 narrationis
559 810 625 834 est:
664 804 929 844 quandoquidem
963 804 1077 837 vole—i

77 848 133 878 bat
155 846 279 878 Paulus
301 847 528 887 praescribere
549 845 674 876 fontem
703 851 735 876 et
758 846 936 877 anchoram
965 848 1054 877 iusti—

77 891 142 920 tiae
169 896 234 920 tam
257 889 410 929 gentibus
433 899 530 928 quam
553 887 693 925 ludaeis,
716 895 805 919 recte
832 889 907 919 inde
937 890 1055 929 coepit.

79 938 111 962 et
134 932 286 973 gentibus
315 936 346 960 et
369 930 497 960 ludaeis
526 929 634 971 legem
653 929 767 967 fuisse,
785 930 849 960 illis
863 931 1055 969 naturalem,

77 973 129 1004 his
153 974 249 1005 etiam
272 973 430 1009 divinam,
461 973 520 1002 sed
541 982 649 1012 neque
673 974 841 1013 gentibus.
871 984 978 1014 neque
1007 974 1057 1004 lu-

79 1016 170 1047 daeis
192 1013 357 1056 profuisse
380 1014 488 1055 legem
499 1015 541 1044 ad
554 1015 784 1054 opprimendos
807 1015 956 1053 affectus,
980 1017 1056 1057 quin

79 1068 193 1089 omnes
216 1057 380 1087 senserint
403 1062 624 1097 repugnantes
647 1056 713 1097 legi
735 1056 883 1095 affectus,
913 1068 978 1088 non
1001 1059 1057 1089 ad-

78 1101 172 1141 sequi
193 1109 242 1136 56,
266 1099 355 1139 quod
377 1098 432 1128 lex
453 1099 657 1138 praescribit.

121 1158 254 1189 Summe
277 1167 357 1189 vero
379 1157 586 1187 Narrationis
611 1163 739 1188 constat
754 1157 805 1188 his
828 1159 1018 1190 axiomatis:

209 1200 334 1231 Gentes
358 1199 504 1230 habuere
526 1199 635 1241 1636111
658 1206 805 1231 naturae.

208 1243 332 1274 Gentes
356 1242 417 1272 etsi
440 1241 547 1283 legem
570 1248 707 1273 naturae
736 1242 926 1280 habuerint,
949 1249 1057 1274 tamen

257 1289 448 1325 peccarunt..

208 1327 319 1358 Iudaei
340 1326 526 1357 habuerunt
547 1326 656 1367 legem
679 1327 830 1358 divinam.

210 1369 330 1406 Iudaei,
354 1369 415 1399 etsi
436 1368 545 1410 legem
568 1370 709 1400 divinam
723 1369 924 1407 habuerunt2
949 1376 1057 1400 tamen
1079 1377 1081 1385 ’

255 1416 436 1452 peccarunt
448 1413 500 1449 ¹3).

124 1469 247 1501 Omnes
269 1471 380 1511 itaque
402 1476 593 1511 peccarunt,
616 1471 648 1501 id
672 1477 733 1508 est,
756 1477 788 1501 et
813 1477 929 1513 gentes
953 1477 984 1502 et
1007 1471 1058 1503 Iu-

83 1513 167 1550 daei,
188 1523 251 1543 nec
273 1518 350 1544 sunt
372 1513 472 1544 adiuti
493 1512 581 1554 lege,
604 1524 669 1554 quo
692 1514 798 1544 minus
821 1520 1006 1554 peccarent.

125 1572 251 1602 Iustitia
272 1582 353 1602 vero
378 1577 429 1602 est
451 1581 510 1611 per
533 1571 710 1610 Christum,
742 1583 806 1603 nec
827 1573 905 1603 ullis
929 1584 1058 1614 compa-

81 1619 173 1644 ratur
195 1614 360 1653 operibus.
405 1613 498 1644 Hanc
520 1616 739 1645 narrationem
763 1615 886 1645 Paulus
915 1617 1059 1646 extendit

81 1656 123 1686 ad
154 1660 250 1695 caput
279 1665 385 1695 usque
416 1661 585 1695 quartum,
615 1662 646 1686 et
669 1658 784 1687 miscet
814 1658 842 1687 ei
866 1657 990 1698 aliquot
1014 1659 1060 1688 di-

82 1698 284 1739 gressiones,
309 1707 391 1737 quas
414 1698 476 1727 nisi
501 1699 573 1738 quis
597 1699 763 1736 observet,
786 1709 852 1729 non
875 1699 973 1730 facile
1001 1711 1060 1740 pu-

80 1746 145 1771 tem
169 1740 402 1770 adsecuturum
426 1740 657 1780 disputationis
682 1740 782 1771 filum.

123 1798 233 1829 Prima
247 1799 409 1839 digressio
433 1805 483 1829 est
506 1810 526 1830 a
550 1799 708 1840 principio
722 1799 747 1830 C
750 1810 801 1840 ap.
814 1801 962 1838 5661111111,
985 1811 1060 1841 pro-

80 1847 154 1882 pter
176 1841 265 1882 quod
287 1840 486 1872 excusabilis
509 1847 559 1872 est
594 1848 656 1873 etc.
688 1852 794 1882 usque
823 1843 864 1873 ad
896 1844 1061 1874 dimidium

81 1884 151 1914 eius
180 1883 311 1924 capitis:
346 1883 434 1914 Eece
461 1890 569 1915 autem
602 1891 637 1916 tu
671 1885 810 1916 Iudaeus
851 1886 1060 1927 cognomina-

81 1926 127 1956 ris
151 1931 211 1956 616.

125 1985 278 2017 Secunda
306 1985 468 2026 digressio
498 1996 518 2015 a
546 1986 703 2027 principio
728 1985 833 2027 Capit.
847 1988 930 2017 tertii
954 1997 1060 2027 usque

84 2028 127 2059 ad
149 2027 238 2058 hunc
260 2026 386 2058 locum:
411 2028 535 2058 causati
558 2039 671 2060 sumus
703 2028 842 2060 Iudaeos
865 2036 897 2060 et
910 2029 1058 2061 Graecos

83 2080 197 2101 omnes
221 2070 282 2100 sub
305 2075 443 2110 peccato
467 2080 553 2101 esse.

125 2120 334 2159 Confirmatio,
358 2131 442 2161 quae
464 2121 496 2151 in
520 2122 626 2162 capite
648 2128 765 2163 quarto
782 2129 843 2161 est,
865 2129 1058 2165 argumenta

80 2161 180 2194 habet
204 2173 273 2193 sex.

124 2213 294 2244 Abraham
316 2213 381 2244 fide
403 2213 596 2245 iustificatus
619 2221 686 2253 est,
708 2226 774 2246 non
797 2217 968 2257 operibus:
996 2218 1055 2258 igi-

81 2261 135 2329 Xllr
172 2266 234 2328 {ec
272 2266 334 2286 nos
367 2256 580 2288 iustificamur
612 2258 674 2288 nisi
713 2257 798 2295 fide,
843 2269 960 2301 nempe
997 2260 1055 2291 filii

137 2308 174 2328 ra
199 2308 249 2328 ae,

124 2348 232 2379 David
262 2349 356 2386 dicit,
384 2350 615 2381 beatitudinem
637 2362 695 2391 per
717 2362 782 2383 non
810 2354 1054 2394 imputationem

82 2392 208 2432 peccati
231 2401 323 2422 esse:
346 2401 426 2434 ergo
449 2402 514 2423 non
539 2398 588 2423 est
611 2403 652 2424 ex
671 2396 835 2435 operibus.

83 2544 128 2573 13)
150 2543 238 2568 Iudaei
255 2544 599 2576 habuerunt—peccarunt]
619 2547 655 2572 sic
671 2547 714 2572 Ed.
734 2553 785 2578 pn:
804 2549 912 2574 aStrob.
931 2552 957 2574 et
972 2550 1052 2575 Fried.

151 2577 215 2602 haec
232 2578 301 2603 male
321 2579 415 2604 omissa
433 2582 499 2604 sunt.

1094 151 1250 184 EORUM
1272 150 1577 183 ADUMBRATIO.
2024 146 2066 178 58

1134 245 1302 276 Abraham
1334 245 1527 276 iustificatus
1569 251 1619 275 est
1659 249 1734 274 ante
1766 241 2066 272 circumcisionem:

1091 298 1171 329 ergo
1195 287 1388 319 iustificatus
1411 298 1478 318 non
1501 294 1551 318 est
1574 298 1614 318 ex
1638 286 1802 327 operibus.
1822 286 1861 321 ¹⁴)

1134 330 1199 360 Per
1221 330 1329 371 1636111
1351 341 1417 361 11011
1440 336 1489 361 est
1511 330 1704 371 promissio,
1733 334 1764 358 et
1786 326 1975 358 iustificatio
2006 323 2067 355 fuit

1091 379 1167 403 ante
1190 372 1298 414 legem
1320 372 1515 404 Mosaicam:
1540 383 1620 414 ergo
1643 370 1829 403 iustificatio
1855 379 1922 399 non
1953 373 2003 398 est
2030 377 2071 397 ex

1092 414 1177 456 legis
1201 416 1365 455 operibus.
2049 451 2056 458 ¹

1135 458 1170 488 Si
1194 468 1234 487 ex
1256 457 1332 499 lege
1344 457 1530 488 haereditas
1542 464 1602 494 651,
1622 458 1650 487 51
1681 455 1801 487 sufficit
1831 454 1886 485 lex
1915 453 1958 484 ad
1980 452 2072 482 iusti-

1092 499 1292 536 ficationem‚
1326 499 1448 530 fmstra
1478 506 1507 531 et
1538 500 1707 541 promissio
1738 497 1871 533 Christi,
1908 502 1939 527 et
1969 496 1997 526 si
2033 504 2073 525 ex

1096 543 1192 573 nobis
1217 549 1284 579 est,
1308 552 1373 572 11011
1398 553 1532 583 egemus
1557 542 1700 573 Christo.

1137 585 1207 615 Lex
1228 586 1309 615 iram
1333 592 1501 624 operatur:
1526 595 1605 626 ergo
1629 595 1695 615 non
1719 584 1888 620 conciliat3
1919 584 1973 614 lex
1996 582 2073 614 facit

1073 642 1074 647 ¹
1095 628 1204 658 odium
1227 627 1300 657 Dei.
1324 637 1404 668 ergo
1429 638 1494 657 non
1517 637 1672 658 amorem.

1137 670 1219 699 Post
1263 669 1346 700 haec
1386 670 1418 699 in
1453 676 1568 710 quarto
1604 670 1710 709 capite
1750 670 1897 709 sequitur
1938 667 2074 707 amplifi-

1097 712 1193 747 catio„
1218 722 1281 752 qua
1304 713 1346 742 ad
1370 719 1485 753 gentes
1511 723 1643 742 causam
1674 712 1856 752 detorquet.
1909 710 2074 751 Principio

1096 755 1198 795 quinti
1222 755 1336 795 capitis
1360 761 1410 785 est
1434 755 1615 785 exhortatio
1641 754 1682 784 ad
1706 753 1870 784 fidendum
1887 752 2031 784 Christo.

1140 797 1219 827 Post
1242 798 1274 827 in
1304 798 1419 828 eodem
1443 799 1566 838 capiter
1596 797 1652 828 uhi
1676 797 1768 833 dicit5
1799 801 1969 836 praeterea
1992 796 2075 826 516111

1097 850 1155 880 per
1177 849 1277 870 unum
1299 839 1463 871 hominem
1492 846 1663 880 peccatum
1764 839 1810 869 lbi
1833 838 1943 869 locum
1967 839 2074 878 auspi-

1099 888 1191 912 catur
1214 883 1397 913 seiunctum
1420 893 1556 923 prorsus
1580 893 1599 913 a
1622 882 1864 923 superioribus,
1900 892 1964 921 quo
1989 891 2075 911 com-

1098 931 1191 964 parat
1214 931 1396 965 peccatum,
1422 926 1578 966 gratiam,
1607 924 1732 967 legem,
1763 931 1792 955 et
1818 930 1867 955 est
1896 924 2078 954 didacticus

1099 967 1205 997 106115.
1229 977 1313 1007 quo.
1337 968 1431 1007 quid,
1455 974 1486 998 et
1508 968 1595 999 unde
1619 974 1808 1008 peccatum‚
1838 967 1944 1008 gratia
1969 972 2001 997 et
2024 965 2078 997 lex

1100 1010 1152 1042 511.
1176 1009 1281 1039 110661.

1143 1068 1277 1100 Summa
1301 1074 1350 1098 651
1374 1068 1474 1099 haec:

1229 1128 1294 1159 Per
1316 1128 1424 1158 Adam
1447 1135 1496 1159 est
1520 1135 1701 1169 peccatum.

1231 1171 1296 1201 Per
1318 1177 1489 1211 peccatum
1513 1181 1612 1201 mors.

1230 1213 1408 1244 Peccatum
1432 1215 1528 1244 etiam
1556 1220 1631 1244 ante
1662 1214 1768 1256 legem
1792 1213 1976 1244 Mosaicam
1999 1220 2078 1244 erat.

1231 1256 1298 1287 Sed
1322 1266 1387 1286 non
1412 1258 1686 1297 cognoscebatur.

1231 1298 1297 1329 Per
1321 1297 1487 1329 Christum
1512 1306 1560 1329 est
1585 1300 1699 1340 gratia.

1232 1340 1297 1371 Per
1319 1343 1457 1381 gratiam
1480 1343 1556 1372 vita.

1231 1383 1296 1414 Per
1318 1382 1427 1425 legem
1449 1385 1593 1415 abundat
1615 1390 1796 1425 peccatum.

1232 1425 1274 1456 Ut
1297 1433 1434 1467 peccato
1457 1428 1569 1469 agnito
1593 1427 1837 1468 superabundet
1861 1432 1891 1458 et
1915 1427 2029 1468 gratia.

1231 1468 1364 1510 Ergone
1387 1469 1441 1500 lex
1464 1476 1514 1501 est
1537 1480 1637 1501 causa
1659 1470 1807 1510 peccati?

1234 1510 1402 1552 Respond.
1426 1523 1502 1543 non.

1232 1553 1302 1585 Lex
1325 1554 1412 1586 bona
1435 1561 1495 1587 est.

1233 1596 1303 1627 Nos
1327 1597 1414 1628 mali.

1232 1638 1281 1670 Re
1304 1641 1390 1671 bona
1423 1640 1508 1672 male
1531 1641 1665 1678 utimur,
1699 1647 1733 1672 ut
1756 1640 1885 1673 frenum
1916 1646 1966 1671 est
1995 1650 2078 1681 equo

1344 1693 1446 1714 causa
1479 1684 1669 1720 saew'endi,
1699 1694 1758 1725 per
1797 1694 1834 1715 se
1868 1684 1974 1723 ipsum
2013 1692 2079 1713 non

1347 1726 1461 1756 saevit.

1146 1781 1236 1813 Haec
1258 1793 1278 1813 a
1301 1783 1365 1814 fine
1389 1784 1489 1824 quinti
1514 1785 1628 1825 capitis
1651 1795 1756 1825 usque
1775 1786 1817 1816 ad
1830 1785 1938 1816 locum
1951 1785 2078 1825 septimi

1104 1829 1299 1856 tractantur:
1324 1827 1445 1857 scimus
1458 1833 1577 1864 autem,
1601 1828 1689 1867 quod
1704 1827 1758 1857 lex
1772 1827 1950 1868 spiritualis
1970 1833 2001 1858 et
2014 1837 2077 1868 ego

1105 1867 1247 1897 carnalis
1260 1878 1341 1899 sum.
1362 1869 1478 1899 Totum
1490 1879 1570 1900 vero
1583 1876 1710 1900 sextum
1724 1876 1819 1910 caput
1834 1880 1907 1901 cum
1918 1870 2077 1910 plincipio

1104 1910 1242 1949 septimi,
1265 1921 1370 1952 usque
1384 1912 1425 1942 ad
1441 1911 1549 1942 locum
1564 1916 1625 1949 [vs.
1640 1913 1699 1950 7.:]
1714 1913 1791 1953 quid
1810 1923 1890 1954 ergo
1911 1912 2078 1944 dicemus?

1103 1951 1158 1982 lex
1179 1959 1350 1992 peccatum
1374 1960 1423 1984 est
1432 1954 1446 1984 ¹?
1469 1955 1631 1995 digressio
1655 1961 1722 1992 est,
1749 1961 1781 1986 et
1808 1956 1950 1986 continet
1973 1965 2077 1986 mora-

1103 1993 1167 2025 lem
1191 1995 1442 2035 disputationem
1466 2003 1497 2027 et
1520 1998 1694 2029 discrimen
1717 1998 1810 2039 regni
1832 1998 1971 2038 peccati,
1993 1997 2078 2040 16315

1103 2042 1135 2067 61
1157 2039 1291 2079 gratiae.

1187 2080 1263 2111 Non
1285 2091 1361 2112 esse
1383 2092 1444 2112 nos
1468 2083 1529 2113 sub
1553 2082 1646 2124 lege.
1675 2083 1734 2114 sed
1764 2083 1825 2114 sub
1849 2083 1971 2124 gratia:
1995 2087 2027 2113 et
2049 2084 2077 2113 is

1100 2121 1195 2154 106115
1218 2124 1341 2154 arbitrii
1364 2124 1548 2156 libertatem
1571 2125 1666 2156 tollit.

1142 2165 1174 2195 A
1197 2167 1322 2206 septimi
1346 2173 1440 2207 parte
1454 2171 1516 2205 [vs-
1533 2168 1612 2206 144:
1636 2168 1769 2204 scimus,
1794 2168 1884 2208 quod
1907 2166 1961 2198 lex
1984 2168 2076 2207 spiri—

1099 2207 1196 2238 tualis
1210 2214 1271 2245 651,
1293 2219 1399 2250 usque
1411 2211 1453 2240 ad
1465 2216 1590 2250 partem
1603 2211 1710 2241 octavi
1736 2213 1798 2248 [vs.
1814 2209 1896 2248 1212
1920 2220 2000 2251 ergo
2013 2209 2077 2242 fra-

1099 2255 1166 2282 tres
1191 2251 1356 2282 debitores
1379 2263 1492 2283 sumus
1515 2263 1581 2283 non
1604 2253 1705 2284 carni.

1143 2294 1266 2324 Tantas
1289 2295 1376 2326 vires
1400 2305 1475 2326 esse
1497 2302 1646 2336 peccato,

1143 2337 1187 2367 Ut
1210 2337 1306 2367 etiam
1328 2338 1361 2368 in
1384 2347 1421 2368 se
1442 2338 1514 2378 ipso
1538 2337 1643 2369 Paulo

1139 2379 1248 2410 adhuc
1270 2378 1336 2420 legi
1358 2386 1528 2421 repugnet.
1553 2381 1619 2411 Sed
1643 2381 1782 2412 subinde
1799 2384 1988 2424 expugnari.
2013 2383 2073 2415 Ce-

1096 2427 1201 2453 terum
1235 2422 1276 2452 ab
1306 2422 1565 2463 impossibilitate
1593 2423 1766 2455 liberatum
1795 2434 1888 2462 6556,
1925 2432 1957 2456 61
1978 2432 2074 2458 antea

1099 2550 1142 2580 14)
1165 2550 1293 2575 Abraham
1318 2550 1468 2575 iustificatus
1493 2565 1526 2569 —
1549 2552 1687 2582 operibus]
1715 2553 1751 2577 sic
1769 2552 1811 2578 Ed.
1829 2559 1877 2583 pr.;
1905 2559 1920 2577 a
1940 2553 2020 2578 Strob.
2048 2557 2072 2578 et

1164 2584 1244 2609 Fried.
1263 2584 1327 2609 haec
1345 2585 1441 2610 omissa
1459 2588 1525 2610 sunt.
