2358 2933
87 122 150 155 805

87 221 155 245 tum
174 213 215 244 de
236 211 445 243 inchoatione
464 211 711 247 concionantur,
734 209 795 239 sed
817 208 858 239 de
880 212 951 238 tota
974 212 1005 238 et
1016 207 1064 237 in-

88 263 183 297 tegra
203 254 440 286 instauratione
461 258 609 284 naturae.
649 251 765 292 Fitque
786 252 829 281 ita
851 249 977 280 illustre
1000 249 1064 279 dis-

88 299 210 329 crimen
237 297 314 327 novi
343 301 376 326 et
404 295 527 326 veteris
553 294 768 330 Testamenti,
799 303 872 324 cum
898 290 955 322 illa
977 301 1065 322 nova

89 339 245 378 coelestis
258 343 290 368 et
311 338 440 378 integre
461 336 599 368 liberata
621 342 738 367 natura
760 336 802 366 ab
827 334 977 365 omnibus
998 344 1065 364 ma-

88 381 130 413 lis
157 379 325 412 confertur
356 380 398 410 ad
427 384 573 410 veterem
603 384 753 409 naturam
776 377 958 409 subiectam
981 375 1065 417 Legi

89 429 121 454 et
143 423 250 453 morti.

173 464 245 496 Huc
268 465 364 495 etiam
387 463 625 504 appellationes
648 460 846 492 reserantur:
870 460 992 497 Vetus,
1016 460 1065 490 sic

89 508 208 538 dicitur
225 511 256 537 et
275 512 410 546 propter
422 511 551 546 tempus
563 510 594 535 et
611 510 746 545 propter
765 504 965 540 subiectum,
990 503 1065 543 quia

90 549 189 590 Legis
206 547 427 590 promulgatio
444 554 590 587 tempore
613 546 776 576 antecedit
793 545 1064 576 instaurationem

89 597 226 622 naturae
246 589 434 621 inchoatam
451 594 647 630 resurgente
666 587 798 619 Christo
816 594 848 618 et
866 586 1066 627 completan-

90 634 174 671 dam,
183 638 330 663 cumtota
336 631 488 662 Ecclesia
497 631 696 662 resuscitata
703 631 873 661 ornabitur
880 640 940 661 sua
948 628 1064 670 gloria.

89 675 218 706 Deinde
228 680 362 715 propter
374 674 557 704 subiectum
571 673 687 703 dicitur
698 673 816 710 Vetus,
829 673 905 714 quia
917 671 1000 702 haec
1012 681 1066 702 ve-

89 724 142 748 tus
160 722 278 747 natura
293 716 449 756 premitur
467 715 586 746 iudicio
600 715 700 756 Legis
719 721 750 746 et
762 715 948 746 coercenda
960 719 1010 745 est
1023 714 1068 744 di-

89 758 226 799 sciplina
248 758 360 799 Legis.
407 758 456 788 Ac
484 763 521 788 ut
550 762 699 788 vetustas
728 765 869 788 naturae
896 762 1005 788 manet
1034 757 1067 786 in

89 800 151 832 hac
173 801 250 837 vita,
274 801 321 830 sic
344 805 453 830 manet
476 799 546 831 Lex
570 805 602 830 et
624 799 688 830 hoc
712 800 829 840 ingens
853 809 956 840 opus,
981 798 1068 840 quod

88 842 158 873 Lex
179 843 211 873 in
235 841 518 873 maledictionibus
542 843 721 879 denuntiat,
751 843 784 872 id
807 848 868 880 est,
891 847 1000 873 manet
1021 843 1070 872 ira

90 885 153 917 Dei
175 890 325 922 aeterna,
360 885 424 915 nisi
454 894 494 914 ex
517 883 699 925 Evangelio
728 883 824 915 fuerit
851 890 989 925 accepta
1019 893 1069 914 re-

89 928 214 958 missio.
271 926 400 957 Deinde
433 932 564 957 manent
602 932 634 956 et
666 928 818 968 ingentes
854 926 1069 963 calamitates,

90 979 173 1010 quae
196 974 272 999 sunt
294 978 431 1008 poenae,
455 969 572 1009 quibus
584 968 676 1000 Deus
700 970 842 1000 omnium
864 975 1001 1010 peccata
1016 978 1069 998 ex-

88 1017 139 1042 tra
156 1010 339 1042 Ecclesiam
362 1016 393 1041 et
414 1011 447 1040 in
460 1009 614 1041 Ecclesia
635 1012 737 1050 punit,
762 1017 958 1052 grassantur
971 1010 1069 1047 bella,

90 1054 206 1091 morbi,
229 1053 369 1092 inopiae,
393 1053 614 1090 vastationes,
640 1052 756 1090 exilia,
781 1054 934 1091 iniuriae,
959 1054 1070 1083 deser-

91 1097 217 1134 tiones,
241 1095 417 1135 perfidiae,
441 1095 674 1126 distractiones
705 1096 900 1133 amicorum,
931 1096 1070 1136 denique

91 1137 224 1169 dolores
244 1137 509 1168 innumerabiles.
546 1137 614 1168 Has
638 1147 811 1168 aerumnas
836 1139 980 1169 sciamus
1004 1148 1070 1167 non

92 1190 172 1212 casu
204 1180 374 1217 accidere,
408 1180 468 1210 sed
495 1185 686 1220 perpetuam
716 1190 832 1210 vocem
856 1179 959 1221 Legis
983 1189 1070 1217 esse,

91 1233 175 1264 quae
208 1222 292 1252 hanc
324 1222 477 1252 miseram
505 1227 654 1252 naturam
683 1221 836 1252 admonet
864 1223 905 1252 de
934 1223 982 1252 ira
1006 1221 1069 1252 Dei

90 1271 223 1296 aeterna
246 1269 278 1294 et
300 1263 407 1294 frenat
437 1273 476 1293 ac
500 1266 648 1299 coercet3
682 1263 752 1293 Nec
780 1268 933 1304 putemus
964 1263 1071 1294 deleta

90 1306 203 1348 politia
225 1305 374 1336 Mosaica
403 1311 580 1345 propterea
611 1305 751 1335 desiisse
779 1306 930 1337 iudicium
953 1305 1016 1336 Dei
1040 1312 1071 1336 et

90 1348 338 1380 maledictiones
361 1347 523 1378 adversus
545 1353 694 1387 peccata.
740 1347 918 1379 inchoatur
941 1349 1071 1389 quidem

91 1391 274 1423 benedictio
298 1396 330 1421 et
353 1389 503 1420 liberatio
523 1391 554 1420 in
577 1391 627 1427 iis,
651 1390 705 1430 qui
726 1390 1071 1432 creduntEvangeliO,

93 1440 125 1466 et
147 1435 196 1464 ira
219 1433 282 1464 Dei
305 1438 442 1463 aeterna
471 1432 663 1468 remittitur3
697 1433 756 1463 sed
786 1434 892 1464 donec
921 1438 1071 1463 vetustas

93 1482 268 1515 corruptae
308 1480 444 1505 naturae
478 1480 607 1511 manet,
648 1473 744 1505 simul
778 1482 910 1506 manent
943 1474 1072 1516 aliquae

91 1528 230 1561 poenae.

176 1561 261 1591 Nam
282 1569 347 1590 vox
370 1558 471 1599 Legis
500 1557 632 1589 moralis
662 1564 693 1589 et
722 1558 969 1590 maledictiones
998 1560 1072 1590 ideo

92 1602 258 1635 revelatae
282 1607 369 1639 sunt,
391 1611 458 1631 non
483 1601 570 1641 quod
593 1601 635 1631 ad
657 1600 748 1631 illum
769 1601 925 1642 populum
949 1608 1073 1632 tantum

92 1647 308 1687 pertinerent,
344 1643 404 1674 sed
436 1648 471 1674 ut
502 1641 619 1674 alicubi
650 1649 777 1674 extaret
800 1644 1018 1675 testimonium
1042 1650 1074 1675 et

93 1689 246 1720 iudicium
264 1686 327 1717 Dei
350 1686 511 1716 adversus
534 1691 706 1726 peccatum
729 1687 761 1716 in
779 1692 848 1717 toto
873 1697 993 1728 genere
1016 1686 1073 1717 hu-

93 1740 202 1762 mano·
246 1729 374 1760 Dicitur
397 1738 476 1768 ergo
501 1733 596 1758 vetus
619 1727 863 1759 Testamentum
895 1728 958 1760 hoc
978 1739 1074 1767 onuS,

95 1773 171 1814 quia
198 1772 316 1813 premit
337 1776 438 1801 totam
464 1776 607 1801 veterem
630 1776 780 1801 naturam
809 1781 875 1801 non
905 1770 1012 1802 solum
1041 1773 1073 1802 in

94 1815 212 1855 impiis,
236 1814 295 1844 sed
317 1814 413 1844 etiam
435 1813 468 1842 in
492 1813 615 1843 sanctis
640 1819 715 1843 ante
737 1814 898 1854 integram
909 1813 1075 1844 liberatio-

95 1867 179 1889 nem.
225 1856 293 1887 Sed
314 1855 367 1886 his
390 1853 585 1892 consolatio,
609 1854 763 1886 auxilium
787 1860 817 1885 et
830 1857 988 1897 mitigatio
1001 1866 1075 1896 pro-

94 1901 226 1941 ponitur
236 1899 268 1929 in
281 1896 473 1939 Evangelio,
498 1903 529 1927 et
554 1903 690 1928 eatenus
715 1897 901 1929 maledictio
914 1899 1075 1939 abrogata

97 1947 158 1973 est.
203 1941 247 1971 At
265 1941 352 1981 impii
374 1945 511 1981 pereunt
535 1940 624 1971 iuxta
646 1939 896 1971 maledictiones
912 1942 982 1971 sine
996 1940 1075 1972 libe-

96 1985 239 2020 ratione,
266 1989 301 2014 ut
330 1982 421 2014 multi
444 1982 718 2022 praestantissimi
741 1982 890 2014 homines
913 1982 1075 2014 horribili—

97 2033 147 2057 ter
168 2027 335 2066 perierunt
359 2025 510 2065 oppressi
533 2023 630 2055 simul
651 2026 882 2064 praesentibus
912 2025 1076 2057 calamita-

97 2069 185 2099 tibus
208 2074 241 2098 et
264 2073 397 2097 aeterna
425 2068 493 2103 ira,
527 2072 562 2098 ut
592 2066 688 2105 Saul,
721 2067 914 2108 Pompeius,
941 2068 1076 2107 Caesar,

98 2110 254 2147 Crassus,
279 2108 374 2146 Cato,
398 2114 429 2139 et
453 2114 529 2139 sunt
550 2109 583 2139 in
607 2116 788 2150 conspectu
812 2112 1001 2151 quotidiana
1023 2121 1077 2142 ex-

97 2151 205 2193 empla
240 2151 453 2193 congruentia
488 2161 561 2181 cum
595 2153 751 2183 universa
784 2155 894 2184 nmndi
928 2153 1076 2185 historia.

98 2194 182 2226 Cum
206 2194 291 2225 enim
313 2199 431 2224 natura
456 2192 620 2225 hominum
640 2194 681 2225 sit
704 2205 773 2233 rea,
797 2197 956 2236 premitur
978 2195 1079 2227 male-

99 2237 296 2268 dictionibus
318 2236 428 2277 Legis.

183 2278 234 2309 Ex
257 2278 320 2316 his,
355 2288 440 2319 quae
473 2279 643 2316 recensui,
673 2280 754 2310 satis
788 2280 923 2323 intelligi
957 2287 1077 2322 potest,

99 2321 265 2362 quomodo
300 2321 460 2362 quadrent
494 2319 732 2361 appellationes
769 2325 892 2354 veteris
928 2330 960 2355 et
1001 2325 1078 2354 novi

98 2363 308 2401 Testamenti,
332 2364 360 2394 si
383 2369 512 2403 tempus
537 2362 761 2405 promulgatae
773 2364 873 2406 Legis
898 2371 929 2397 et
952 2367 1078 2407 integra

99 2406 291 2436 instauratio
316 2404 525 2441 conferatur3
555 2405 654 2444 Item,
676 2406 705 2436 si
729 2408 911 2448 cogitemus
934 2414 1080 2440 veterem

99 2453 246 2478 naturam
269 2449 372 2489 premi
395 2454 426 2479 et
450 2448 598 2479 coerceri
627 2454 703 2479 ante
731 2449 889 2490 integram
918 2451 1079 2482 instaura-

100 2490 232 2520 tionem.
278 2490 377 2532 quue
406 2500 479 2520 cum
508 2491 708 2532 cogitamus,
740 2490 861 2532 singuli
883 2502 963 2523 suas
987 2492 1100 2524 aevu-¹

100 2542 192 2562 mnas
217 2533 324 2564 sciant
347 2542 421 2564 esse
439 2533 540 2575 Legis
564 2535 768 2570 concionem,
792 2544 855 2574 qua
879 2535 920 2565 de
942 2535 992 2566 ira
1014 2535 1078 2566 Dei
1098 2547 1100 2559 ¹

559 118 583 148 1.
606 116 708 149 Locl
730 113 1011 148 THEOLOGICI:
1029 113 1073 146 D.
1096 113 1257 145 TERTIA
1278 112 1434 145 EORUM
1458 111 1614 143 AETAS.

2018 111 2082 142 806

1105 207 1334 244 admonemur,
1356 211 1392 237 ut
1415 214 1612 246 quaeramus
1635 203 1810 240 Messiam,
1841 202 1948 233 sciant
1968 201 2082 232 frenos

1105 249 1202 279 nobis
1225 249 1322 285 iniici,
1345 253 1382 278 ut
1403 247 1487 278 haec
1506 252 1656 278 vetustas
1679 252 1816 277 naturae
1840 247 2044 276 coerceatur.

1191 290 1320 321 Novum
1342 289 1583 320 Testamentum
1613 294 1664 320 est
1692 287 1891 329 praedicatio
1920 286 2083 317 remissio-

1106 333 1157 363 nis
1179 338 1391 372 peccatorum
1413 337 1445 362 et
1468 333 1601 362 donatio
1624 332 1711 362 vitae
1733 335 1887 361 aeternae
1915 339 1955 360 ac
1977 337 2084 359 novae

1106 375 1263 412 iustitiae,
1298 372 1408 405 deleto
1441 379 1578 414 peccato
1614 380 1645 404 et
1676 372 1783 403 deleta
1817 377 1921 403 morte
1950 377 2085 411 propter

1107 416 1273 448 Christum
1301 416 1526 447 Mediatorem.
1581 415 1729 456 Cumque
1750 415 1935 445 nominatur
1965 422 2086 444 novum

1107 459 1363 496 Testamentum,
1386 457 1807 499 inchoatumintelligamus
1830 457 1862 487 in
1886 455 1972 486 omni
1994 464 2087 496 prae-

1108 502 1271 532 dicatione
1293 500 1477 541 Evangelii,
1501 501 1577 530 inde
1598 510 1705 540 usque
1728 500 1768 530 ab
1792 499 1881 529 initio
1905 498 2000 528 datae
2012 507 2086 537 pro-

1107 544 1287 581 missionis,
1311 549 1343 573 et
1366 541 1524 583 compleri
1547 541 1766 582 intelligamus
1790 542 1821 571 in
1843 547 1912 571 tota
1922 538 2087 576 Ecclesia,

1109 596 1183 617 cum
1206 595 1247 616 ex
1270 590 1376 616 morte
1394 586 1593 615 resuscitata
1615 585 1727 615 induet
1749 590 1915 614 aeternam
1939 580 2087 623 gloriam.

1193 627 1236 658 Et
1271 626 1367 658 huius
1401 628 1543 668 ingentis
1569 626 1696 668 gloriae
1720 624 1902 666 exemplum
1924 626 1958 655 in
1981 624 2089 665 capite

1109 675 1141 701 et
1162 669 1285 711 aliquot
1307 670 1461 700 membris
1484 670 1636 700 viderunt
1659 667 1824 709 Apostoli,
1847 678 1920 699 cum
1939 667 2089 698 viderunt

1109 713 1342 743 resuscitatum
1377 718 1408 742 et
1442 712 1677 742 ascendentem
1701 710 1878 742 Chiistum.
1924 709 1973 740 lbi
2005 709 2090 740 enim

1109 755 1260 786 viderunt
1283 755 1410 796 integre
1432 755 1464 784 in
1484 753 1548 784 illis
1571 753 1728 784 abolitam
1752 763 1827 784 esse
1846 750 2088 787 mortalitatem,

1110 798 1261 829 viderunt
1276 807 1396 827 novam
1409 802 1561 827 naturam
1576 795 1757 838 fulgentem
1770 794 1844 826 luce
1859 794 1979 831 divina,
2003 803 2091 824 nova

1111 840 1232 870 iustitia
1255 845 1286 870 et
1309 840 1385 870 vita.
1431 838 1488 869 Sic
1519 840 1559 869 de
1588 849 1676 869 novo
1700 838 1911 868 Testamento
1936 836 2089 867 Ieremias

1111 881 1242 913 locutus
1266 888 1326 920 est,
1350 880 1574 921 complectens
1598 892 1663 911 non
1676 886 1800 912 tantum
1812 879 2090 921 praedicationem

1110 923 1282 965 Evangelii
1306 929 1381 954 ante
1399 925 1686 961 resurrectionem,
1710 923 1768 954 sed
1792 924 1953 964 integrum
1969 920 2090 953 benefi-

1113 968 1214 1004 cium,
1239 977 1310 1006 cap.
1335 966 1386 997 31.
1424 970 1506 1004 [vss.
1531 966 1572 997 33
1596 970 1660 1008 sq.]
1708 966 1805 997 Dabo
1842 964 1965 1006 Legem
1979 966 2023 1001 ⁴²)
2059 964 2090 994 in

1113 1010 1214 1040 corda
1237 1019 1361 1047 eorum,
1385 1014 1418 1038 et
1441 1019 1498 1040 ero
1522 1010 1569 1039 eis
1592 1011 1624 1040 in
1647 1009 1766 1048 Deum,
1789 1014 1819 1039 et
1843 1013 1937 1039 erunt
1959 1006 2037 1038 mihi
2059 1006 2090 1036 in

1113 1050 1281 1092 populum,
1305 1057 1336 1082 et
1359 1061 1425 1082 non
1449 1052 1579 1082 docebit
1600 1051 1688 1083 ultra
1711 1053 1761 1083 vir
1782 1052 1964 1093 proximum
1996 1059 2092 1081 suum

1114 1095 1240 1131 dicens,
1264 1093 1439 1134 Cognosce
1462 1093 1647 1125 Dominum.
1695 1095 1817 1125 Omnes
1852 1096 1937 1126 enim
1969 1104 2092 1138 cogno-

1114 1142 1208 1167 scent
1238 1146 1306 1172 me3
1339 1137 1415 1176 quia
1438 1146 1495 1167 ero
1519 1137 1679 1177 propitius
1708 1138 1868 1178 iniquitati
1900 1147 2028 1176 eorum,
2063 1145 2094 1169 et

1114 1179 1241 1218 peccati
1264 1188 1377 1209 eorum
1400 1188 1466 1208 non
1490 1179 1692 1210 recordabor
1716 1178 1866 1220 amplius.
1911 1179 2094 1222 Pugnantia

1114 1220 1167 1251 hic
1191 1220 1254 1250 dici
1277 1221 1444 1251 videntur:
1467 1220 1612 1251 Primum
1637 1223 1721 1253 enim
1751 1222 1863 1262 inquit,
1886 1221 2014 1253 Feriam
2037 1231 2094 1252 no-

1115 1273 1191 1293 vum
1213 1268 1361 1302 pactum3
1395 1262 1439 1293 At
1467 1273 1547 1293 vero
1577 1270 1675 1303 pacta
1704 1263 1785 1294 fiunt
1807 1265 1907 1295 verbo
1930 1264 2040 1304 aliquo
2064 1270 2095 1295 et

1114 1305 1292 1335 ministerio
1316 1304 1436 1343 vocali,
1460 1315 1519 1345 per
1548 1307 1635 1346 quod
1658 1306 1753 1337 Deus
1777 1316 1870 1337 suam
1893 1305 2095 1338 voluntatem

1115 1346 1272 1384 declarat,
1296 1353 1327 1377 et
1348 1357 1450 1387 saepe
1472 1347 1554 1378 alias
1579 1348 1696 1380 dicitur
1717 1350 1749 1379 in
1772 1359 1860 1380 novo
1883 1348 2095 1380 Testamento

1115 1391 1366 1431 propagandum
1376 1400 1452 1420 esse
1461 1400 1582 1421 novum
1591 1392 1740 1428 verbum,
1747 1397 1782 1421 ut
1790 1391 1853 1422 les.
1862 1391 1964 1429 61.⁴³)
1974 1391 2094 1429 [vs.1.]:

1116 1432 1256 1471 Spiritus
1269 1432 1400 1462 Domini
1424 1442 1525 1473 super
1547 1442 1598 1463 me
1622 1434 1663 1463 ad
1686 1434 1941 1464 annuntiandum
1964 1432 2095 1464 afflictis

1115 1475 1198 1505 misit
1222 1484 1282 1504 me.
1318 1474 1440 1505 Postea
1463 1484 1544 1505 vero
1568 1475 1679 1516 inquit,
1703 1475 1777 1506 Non
1803 1476 1931 1506 docebit
1948 1475 2033 1506 ultra
2047 1477 2096 1506 vir

1114 1518 1297 1558 proximum
1321 1526 1424 1547 suum.
1470 1517 1531 1547 Hic
1554 1518 1669 1558 inquit,
1691 1518 1903 1549 ministerium
1922 1518 2015 1549 vocis
2038 1517 2095 1548 hu-

1114 1569 1231 1590 manae
1255 1559 1431 1590 desiturum
1455 1569 1540 1590 esse.
1588 1559 1679 1592 Haec
1708 1566 1892 1603 congruunt
1920 1565 2009 1591 recte
2032 1560 2095 1591 dis-

1114 1603 1245 1633 tributa.

1201 1643 1379 1674 lnchoatur
1413 1645 1497 1675 enim
1532 1656 1653 1676 novum
1688 1646 1930 1679 Testamentum
1969 1649 2000 1679 in
2035 1648 2095 1679 hac

1116 1686 1246 1717 mortali
1270 1687 1335 1716 vita
1357 1697 1416 1726 per
1429 1687 1644 1719 ministerium
1656 1690 1896 1729 praedicandae
1909 1691 2097 1731 promissio-

1117 1730 1167 1759 nis
1191 1729 1277 1758 omni
1301 1734 1466 1769 tempore3
1502 1730 1568 1760 Sed
1600 1730 1781 1771 completur
1804 1733 1931 1773 integre
1955 1732 2096 1764 exhibita

1116 1771 1202 1802 luce.
1226 1771 1350 1801 iustitia
1373 1778 1403 1801 et
1427 1772 1494 1802 vita
1517 1778 1663 1810 aeterna,
1685 1775 1717 1804 in
1741 1784 1805 1815 qua
1816 1776 2029 1806 ministerium
2042 1777 2096 1806 do-

1118 1814 1213 1844 cendi
1236 1813 1423 1844 mandatum
1436 1813 1622 1846 hominibus
1647 1817 1801 1853 cessabit,
1821 1824 1851 1847 et
1878 1827 1989 1848 coram
2011 1816 2098 1849 frue—

1118 1867 1188 1887 mur
1216 1861 1350 1886 aeterno
1381 1863 1560 1896 conspectu
1583 1857 1656 1888 Dei.
1702 1859 1831 1889 Interim
1855 1870 1934 1890 vero
1964 1861 2024 1891 etsi
2048 1867 2097 1891 est

1118 1898 1306 1929 inchoatum
1339 1909 1457 1929 novum
1487 1899 1729 1931 Testamentum
1752 1901 1783 1931 in
1808 1902 1947 1939 renatis,
1979 1908 2096 1940 tamen,

1119 1942 1193 1982 quia
1217 1946 1366 1971 vetustas
1390 1942 1499 1972 carnis
1522 1948 1649 1980 manet,
1673 1953 1767 1980 caro,
1796 1950 1831 1975 ut
1854 1953 1952 1983 supra
1977 1945 2097 1976 dictum

1120 1989 1182 2021 est,
1204 1981 1405 2014 horribiliter
1427 1985 1585 2024 premitur
1603 1983 1887 2017 maledictionibus
1900 1986 2011 2028 Legis,
2034 1986 2098 2018 hoc

1120 2032 1182 2063 est,
1207 2025 1447 2057 calamitatibus
1472 2027 1576 2057 omnis
1600 2028 1742 2068 generis,
1765 2034 1799 2059 ut
1823 2035 2026 2069 agnoscatur
2050 2030 2096 2059 ira

1119 2068 1182 2099 Dei
1206 2069 1366 2100 adversus
1389 2075 1561 2109 peccatum
1585 2076 1617 2100 et
1630 2076 1806 2110 quaeratur
1818 2071 1990 2109 Mediator,
2009 2071 2097 2107 Item,

1119 2117 1154 2142 ut
1176 2117 1349 2151 peccatum
1374 2114 1567 2142 coerceatur
1585 2118 1618 2143 et
1642 2113 1804 2152 puniatur.
1850 2113 1938 2150 Ideo,
1950 2120 1986 2144 ut
1999 2123 2097 2154 supra

1121 2164 1221 2195 saepe
1245 2154 1365 2185 dictum
1388 2160 1449 2192 est,
1473 2155 1612 2185 maxime
1629 2154 1782 2185 Ecclesia
1803 2156 1990 2196 ingentibus
2013 2154 2100 2186 cala-

1120 2197 1285 2227 mitatibus
1309 2206 1470 2237 oppressa
1495 2202 1562 2234 est,
1593 2198 1667 2238 quia
1690 2198 1868 2238 praecipue
1892 2199 1924 2229 in
1947 2197 2099 2229 Ecclesia

1120 2239 1212 2270 Deus
1236 2240 1316 2270 iram
1347 2249 1439 2270 suam
1470 2240 1630 2270 adversus
1653 2245 1826 2280 peccatum
1849 2239 1919 2271 vult
1942 2240 2098 2280 conspici,

1122 2283 1180 2313 sed
1203 2282 1390 2321 ta11dem44)
1409 2280 1562 2312 Ecclesia
1586 2291 1724 2322 prorsus
1748 2287 1780 2312 et
1797 2288 1968 2323 peccatum
1992 2288 2098 2318 exuet,

1121 2410 1167 2440 42)
1187 2409 1283 2439 legem]
1302 2409 1374 2434 Editt.
1395 2410 1416 2434 l.
1434 2409 1459 2432 3.
1478 2410 1562 2439 legem
1581 2415 1666 2435 meam

1121 2460 1167 2491 43)
1188 2459 1238 2491 er]
1270 2460 1341 2485 Editt.
1361 2460 1451 2485 1—16.
1482 2460 1562 2484 male:
1582 2460 1620 2491 6.;
1650 2460 1722 2485 Editt.
1741 2460 1780 2485 22.
1799 2460 1840 2482 24.
1862 2460 1901 2483 28.
1923 2460 1962 2483 ¹29.
1983 2460 2098 2484 ‘ar-³³..

1191 2495 1250 2524 Opp,
1273 2495 1294 2517 l.
1316 2493 1353 2518 2.:
1372 2495 1427 2525 51.;
1447 2494 1518 2524 corp.
1539 2494 1561 2519 2.
1581 2495 1619 2518 4.:
1641 2495 1662 2518 1.

1121 2544 1168 2575 44)
1188 2544 1238 2569 Sed
1258 2544 1374 2576 tandem]
1393 2545 1467 2569 Editt.
1489 2544 1578 2568 1-12.
1598 2544 1647 2568 Sed
1666 2546 1754 2569 tamen
1774 2543 1876 2568 tandem

1844 2593 1872 2617 51
1885 2592 1898 2606 ⁸
