2358 2933
139 128 220 161 1101

372 305 616 337 BARNABAE
639 303 811 336 DICTUM
837 305 883 345 ⁵⁵)

141 378 275 409 citatum
299 386 318 407 a
341 374 510 407 Clemente
538 374 685 406 secundo
714 372 799 404 libro
827 372 1119 410 collectaneorum,

492 426 614 468 pagina
638 424 767 466 161.⁵⁶)

141 523 326 563 Antequam
351 520 559 551 crederemus
573 518 658 556 Deo,
684 517 881 549 domicilium
907 517 1120 558 corruptibile

141 572 173 596 et
195 563 313 606 fragile
332 564 442 594 cordis
466 563 571 594 nostri
594 571 673 592 vere
692 567 762 591 erat
785 560 938 601 templum
958 571 1055 591 manu
1074 560 1120 592 fa-

142 614 240 645 ctum,
264 607 396 648 quando
421 612 491 637 erat
513 604 645 645 plenum
668 603 872 642 idololatria,
904 610 935 635 et
960 610 1029 634 erat
1064 605 1120 634 do-

141 661 214 682 mus
237 650 463 684 Daemonum3
483 648 549 679 Sed
573 648 739 685 attendite,
763 654 797 678 ut
820 647 976 688 templum
988 647 1120 677 Domini

141 692 288 736 gloriose
307 692 508 723 aedificetur.
554 690 748 725 Quomodo?
782 691 985 731 Accipiendo
1009 691 1120 720 remis-

140 737 270 768 sionem
304 736 516 775 peccatorum
553 739 585 764 et
607 734 773 774 sperando
797 734 829 764 in
852 744 972 764 nomen
997 733 1121 764 Christi

141 779 258 810 fiamus
292 778 370 808 novi
394 782 425 808 et
448 777 555 807 denuo
577 777 696 814 creati,
726 786 764 807 eo
789 777 875 817 quod
899 777 931 807 in
955 774 1120 807 domicilio

141 827 257 853 nostro
280 830 360 851 vere
382 820 475 851 Deus
498 819 625 850 habitat
653 820 685 850 in
708 820 814 850 nobis.
831 821 876 859 ⁵7)
923 818 1121 854 Quomodo?

143 864 283 900 Quando
307 862 509 903 habitant-⁵5)
535 864 566 893 in
585 863 682 893 nobis
707 873 815 893 sermo
840 862 913 893 fidei
929 863 1044 903 ipsius,
1064 872 1121 892 vo-

145 908 230 938 catio
264 906 492 946 promissionis
516 906 637 947 ipsius,
671 906 831 946 sapientia
854 905 1120 937 iustificationum

142 956 176 980 et
198 949 352 981 mandata
376 950 557 980 doctrinae.

430 1078 491 1110 DE
515 1077 761 1110 murrinos.
784 1079 830 1117 5⁹)

185 1171 187 1173 ·
229 1156 338 1197 Supra
357 1157 478 1187 dietum
502 1162 552 1187 est
576 1157 616 1187 de
639 1156 770 1186 Notitiis
795 1161 825 1185 et
848 1154 1042 1185 Virtutibus.
1083 1152 1124 1183 Et

144 1199 221 1240 quid
255 1200 321 1230 sint
350 1200 482 1230 notitiae
516 1198 676 1237 actuales,
709 1204 876 1238 utcunque
911 1197 976 1228 dici
999 1202 1122 1237 potest.

145 1242 197 1273 De
215 1241 382 1273 habitibus
405 1252 526 1283 magna
549 1242 658 1283 caligo
684 1247 745 1271 est.

230 1285 355 1315 Notitia
389 1284 529 1315 actualis
564 1285 596 1314 in
631 1290 726 1324 parte
762 1287 1006 1322 cognoscente,
1040 1291 1125 1321 quae

144 1328 283 1356 cerebro
306 1327 418 1362 utitur,
442 1333 492 1355 est
515 1325 667 1355 formatio
680 1325 869 1365 imaginum,
894 1333 978 1364 quae
1002 1323 1038 1353 fit
1062 1324 1125 1363 spi-

142 1369 260 1399 ritibus
284 1366 374 1399 velut
397 1367 551 1409 σφραγῖδα
571 1368 830 1407 imprimentibus
852 1367 1003 1404 cerebro,
1024 1371 1056 1395 et
1076 1375 1126 1395 ee-

143 1412 230 1441 rebri
254 1416 345 1441 motu
369 1413 484 1442 ceu0‘0)
516 1409 628 1450 lingua
655 1408 818 1439 formante
842 1418 1037 1439 sermonem.
1082 1407 1126 1437 Ut

123 1464 217 1484 ·cum
241 1454 370 1494 cogitas
394 1453 552 1489 amicum,
588 1452 712 1483 formas
736 1453 767 1482 in
793 1452 931 1481 cerebro
956 1451 1026 1481 eius
1050 1451 1127 1480 ima-

143 1496 263 1537 ginem.

229 1538 416 1569 Mirandum
452 1548 535 1579 opus
565 1538 628 1568 Dei
663 1544 714 1568 est
749 1538 780 1567 in
815 1536 980 1567 hominum
1010 1543 1128 1566 natura

143 1582 193 1613 sic
218 1582 385 1612 conditum
409 1580 568 1622 singulari
593 1579 741 1611 consilio.
787 1580 829 1610 Et
853 1577 1126 1610 commonefactio

145 1630 197 1655 est
231 1625 272 1655 de
296 1624 384 1662 Deo,
421 1624 508 1665 quod
542 1623 636 1654 Deus
673 1624 713 1654 sit
748 1624 894 1654 essentia
927 1620 1126 1662 intelligens.

144 1666 273 1698 Deinde
297 1673 373 1697 sunt
397 1666 481 1698 aliae
505 1666 627 1697 multae
651 1665 988 1697 commonesactiones
1012 1666 1042 1695 in
1057 1670 1126 1695 toto

144 1711 259 1741 ordine
272 1710 481 1748 Notitiaruin,
505 1710 733 1748 Numerorum,
755 1709 1040 1744 Ratiocinationis,
1064 1707 1126 1738 Le-

145 1764 240 1795 gum,
276 1763 361 1794 quae
386 1753 591 1794 distinguunt
614 1752 755 1783 honesta
786 1758 815 1783 et
840 1752 956 1792 turpia.
984 1753 1026 1786 ⁰¹)
1075 1750 1127 1781 Dc

145 1796 196 1828 his
242 1796 341 1827 tantis
378 1796 548 1827 beneficiis
583 1795 645 1827 Dei
680 1805 781 1837 saepe
816 1795 1028 1836 cogitandum
1063 1800 1127 1831 est,

146 1934 192 1965 55)
213 1935 270 1960 Hoc
287 1934 402 1964 dimum,
423 1934 506 1965 quod,
528 1936 636 1964 fortiore
657 1935 787 1959 doctrinae
806 1936 936 1964 excepto,
958 1934 985 1958 m
1003 1933 1128 1958 omnibns

215 1968 289 1993 Editt.
322 1968 477 1998 definitione*
509 1970 585 1993 rucis
615 1969 726 1998 Apostoli
759 1970 828 1999 post
852 1969 936 1994 rerba
964 1968 1056 1998 ubique
1085 1967 1128 1991 do-

215 2003 289 2027 cendi
315 2002 481 2028 adiunclnm
508 2005 549 2027 est
578 2003 658 2033 (cons.
687 2002 758 2035 nota*¹
779 2002 850 2032 52),

215 2037 272 2061 illis
291 2036 461 2066 definitionis
479 2037 568 2062 verbis
587 2037 628 2062 sic
645 2039 687 2062 es(
705 2043 863 2062 annexum.-

216 2071 285 2095 iuxta
303 2071 436 2096 Barnabae
456 2072 549 2096 dictum
570 2072 673 2096 citatum
692 2074 741 2097 cet.

147 2120 192 2152 56)
214 2121 289 2146 Cuius
308 2121 428 2147 Editionis
456 2123 520 2147 haec
544 2123 636 2152 pagina
664 2123 696 2148 sit
724 2123 817 2147 nescio.
854 2123 984 2148 Invenitur
1001 2123 1040 2147 hic
1059 2123 1129 2147 locus

216 2157 241 2181 in
260 2156 399 2181 Clementis
418 2156 580 2182 Alexandrini
598 2158 753 2182 Stromatum
772 2158 814 2182 lib.
832 2158 861 2182 11.
882 2163 936 2187 cap.
954 2158 1002 2182 XX.
1022 2163 1041 2182 c.
1060 2157 1127 2181 med.

219 2192 294 2221 (opp.
314 2191 352 2215 ed.
371 2191 464 2216 Potter.
485 2192 538 2216 Vol.
557 2192 573 2216 1.
592 2197 650 2222 pag.
669 2192 754 2223 490.).

148 2242 194 2272 57)
213 2242 238 2266 in
256 2242 330 2267 nobis
349 2240 515 2267 exciderunt
533 2243 561 2267 m
579 2242 621 2267 Ed.
642 2243 682 2266 21.
702 2243 820 2273 indeque
838 2243 939 2268 absunt
964 2243 999 2268 ab
1018 2243 1060 2268 Ed.
1082 2243 1131 2268 22..

128 2288 130 2290 v
219 2276 291 2307 corp.
314 2277 394 2306 1-8.,
415 2277 475 2307 Opp,
498 2277 518 2301 1.
536 2278 569 2306 2.,
588 2277 630 2302 Ex.
651 2276 675 2300 3.

149 2328 195 2357 58)
213 2327 338 2358 habitant]
361 2328 434 2353 Edit-t.
457 2328 496 2351 21.

220 2362 262 2387 Ex.
282 2362 305 2385 3.
324 2362 422 2387 habitat

149 2413 196 2443 59)
215 2414 288 2438 llaec
315 2413 346 2438 de
374 2414 503 2439 habitibus
532 2413 720 2444 appendicula
737 2417 836 2440 exstat
854 2415 882 2440 1η
900 2414 972 2440 Editt.
991 2416 1024 2438 20
1043 2428 1074 2432 —
1094 2415 1133 2439 22.

219 2448 253 2470 24
271 2447 363 2476 *34*
382 2449 456 2478 corp.
479 2449 577 2477 1—8.,
597 2450 657 2479 Opp.
679 2450 700 2473 1.
720 2449 751 2479 2.,
770 2450 812 2474 Ex.
831 2449 863 2473 3..
883 2450 938 2474 nef.
960 2450 982 2472 2.
1004 2450 1042 2480 (in
1062 2450 1133 2474 Ediit.

222 2481 330 2506 16—19.
351 2482 401 2513 23.Ἴ
420 2482 475 2508 Des.
496 2484 518 2506 1.
538 2489 589 2508 non
607 2483 756 2514 invenitur).

151 2533 197 2564 60)
217 2533 274 2564 ceu]
294 2534 366 2558 Editt.
387 2534 427 2557 20.
450 2534 490 2558 25.
511 2540 558 2559 seu

150 2583 197 2613 61)
214 2585 324 2610 honesta
345 2588 370 2610 et
388 2585 494 2616 turpia]
513 2586 586 2611 Editt.
608 2586 647 2609 22.
668 2586 708 2609 24.
729 2588 779 2616 tyn.
798 2591 861 2610 err-z
881 2586 988 2611 honeste
1006 2588 1096 2617 turpia.

886 2003 914 2028 in
933 2002 1006 2027 Editt.
1030 2002 1067 2026 19.
1087 2001 1127 2025 2³3.

901 2037 993 2067 ubique
1013 2036 1128 2065 docendi,

516 2328 556 2352 22.
577 2329 618 2351 24.
639 2327 758 2358 26—34.,
778 2329 851 2359 (ἔοι-ρ.
872 2330 956 2356 1—8.,
976 2329 1034 2360 Opp.
1056 2330 1077 2352 1.
1099 2330 1131 2354 2..

606 126 629 157 1.
653 125 755 157 LOCI
777 124 1056 156 THEOLOGICI:
1085 125 1126 156 D.
1150 124 1310 156 TERTIA
1333 124 1490 157 EORUM
1508 122 1665 156 AETAS.

2023 159 2026 163 ,
2056 124 2138 156 110‘2

1164 226 1195 251 et
1219 220 1376 262 erigenda
1398 229 1508 257 menS,
1538 226 1573 250 ut
1596 218 1706 260 aliquo
1730 219 1829 250 niodo
1854 217 2069 250 Conditorem
2094 220 2139 249 in-

1163 268 1303 294 tueatur.

1251 348 1331 380 Sed
1355 348 1448 389 quid
1473 354 1563 379 sunt
1589 348 1771 379 Notitiae
1793 346 2055 379 liabituales?

1251 433 1319 464 Has
1329 434 1428 465 credo
1438 444 1513 464 esse
1523 434 1708 471 memorias,
1721 434 1752 464 id
1761 439 1821 471 est,
1836 434 2017 474 impressas
2030 434 2141 475 imagi-

1164 486 1224 507 nes
1238 482 1350 508 certae
1362 478 1446 517 parti
1460 477 1598 513 cerebri,
1612 481 1768 514 retentas,
1782 482 1816 507 ut
1829 477 1862 506 in
1874 487 1951 507 cera
1960 477 2142 507 retinentur

1165 519 1324 560 imagines
1353 519 1463 550 factae
1487 518 1618 561 sigillis.
1663 519 1704 549 Et
1728 529 1793 560 quo
1816 519 1989 559 impressio
2013 525 2063 550 est
2088 519 2141 549 fir-

1164 563 1248 592 mior
1272 568 1303 592 et
1327 563 1460 603 saepius
1484 561 1583 599 facta,
1607 572 1646 592 eo
1670 563 1764 593 citius
1784 562 1818 592 fit
1840 563 2037 593 recordatio.

1250 605 1336 636 Esse
1354 611 1463 636 autem
1487 604 1634 635 habitum
1654 605 1770 635 deinde
1792 606 1823 635 in
1836 606 1989 635 membris
2004 604 2141 645 amplius

1165 648 1330 688 quiddam,
1363 648 1498 678 iudicari
1528 653 1639 687 potest
1673 658 1714 678 ex
1747 647 1798 678 his
1811 649 1853 684 ⁶¹2)
1887 649 2023 685 artibus.
2059 658 2142 688 quae

1165 701 1229 721 non
1254 696 1378 721 tantum
1402 697 1477 721 sunt
1501 690 1653 728 notitiae,
1688 691 1747 720 sed
1775 691 1871 721 etiam
1895 696 2010 731 regunt
2035 697 2141 721 exter-

1165 744 1207 764 na
1237 734 1400 767 membra,
1430 739 1465 764 ut.
1485 743 1539 763 ars
1563 733 1717 773 pingendi
1740 743 1863 775 regens
1888 733 2008 774 digitos
2034 733 2064 763 in
2086 734 2143 763 du-

1167 777 1279 807 cendis
1305 775 1410 807 lineis.
1458 776 1518 806 ilie
1542 786 1608 806 non
1633 777 1751 807 desunt
1773 777 1930 806 memoria
1954 782 1984 806 et
2008 777 2142 806 intentio

1166 830 1253 850 novo
1273 819 1446 859 discipulo,
1472 825 1500 849 ci
1526 824 1633 849 tamen
1658 820 1748 859 digiti
1770 819 1931 849 tardiores
1945 825 2143 860 sunt,quam

1167 861 1357 893 excellentis
1381 862 1539 902 magistri.
1574 862 1662 892 Idem
1685 862 1721 892 fit
1743 862 1775 892 in
1789 861 1988 892 Citharoedo
2009 868 2041 892 et
2064 860 2144 892 mul-

1167 907 1208 936 tis
1231 904 1303 936 aliis
1327 905 1517 936 artificibus.
1552 904 1623 935 Etsi
1647 905 1744 945 igitur
1767 905 1924 935 memoria
1947 905 2143 941 dominatur,

1167 955 1276 979 tamen
1301 949 1341 978 sit
1367 958 1447 978 sane
1471 947 1593 988 aliquid
1615 947 1759 985 habitus,
1783 948 1815 978 id
1840 953 1902 984 est,
1926 947 2058 989 agilitas
2074 957 2144 978 cre-

1167 993 1226 1022 bra
1251 992 1482 1022 recordatione
1507 997 1538 1021 et
1561 1002 1623 1022 usu
1646 996 1750 1030 parta.
1785 989 1827 1020 Et
1850 991 2033 1031 cogitemus
2046 989 2146 1021 talem

1168 1044 1243 1065 esse
1274 1034 1441 1065 hominum
1463 1040 1630 1071 naturam,
1652 1039 1688 1064 ut
1712 1034 1861 1064 crebram
1883 1034 2144 1064 recordationem

1169 1084 1200 1107 et
1235 1075 1510 1108 assuefactionem
1543 1082 1700 1117 sequatur
1734 1077 1764 1106 in
1798 1082 1906 1107 mente
1936 1082 1968 1107 et
1990 1077 2091 1107 corde
2115 1081 2145 1106 et

1168 1120 1385 1151 Locomotiva
1414 1119 1545 1160 agilitas
1569 1130 1629 1150 seu
1653 1118 1824 1156 celeritas,
1855 1129 1939 1160 quae
1962 1120 2147 1150 nominatur

1169 1163 1237 1203 ἕξις,
1262 1164 1335 1199 etsi,
1359 1173 1443 1203 quae
1462 1172 1516 1192 res
1541 1163 1594 1199 sit,
1614 1163 1792 1193 obscurum
1816 1168 1876 1192 est.

1255 1205 1344 1236 Vitia
1367 1206 1592 1245 conspectior-a
1615 1211 1701 1235 sunt.
1748 1204 1799 1235 Ac
1822 1205 1959 1245 primum
1984 1206 2024 1235 de
2047 1205 2147 1235 actio—

1170 1249 1264 1278 nibus
1290 1249 1434 1278 externis
1459 1248 1618 1284 dicamus,
1641 1256 1726 1287 quae
1748 1246 1907 1286 plurimae
1930 1259 1950 1279 a
1971 1248 2083 1289 pravis
2103 1246 2148 1279 af-

1171 1289 1312 1321 fectibus
1348 1291 1507 1320 oriuntur.
1562 1290 1631 1320 Nec
1666 1291 1846 1321 obscurum
1879 1297 1941 1329 est,
1975 1292 2051 1332 quid
2086 1292 2148 1321 sint

1171 1334 1263 1372 pravi
1298 1332 1446 1363 affectus.
1505 1332 1661 1363 Homines
1692 1333 1787 1372 proni
1822 1340 1898 1364 sunt
1930 1335 1972 1365 ad
2001 1334 2148 1364 incendia

1172 1386 1338 1412 amorum,
1357 1376 1442 1409 irae.
1468 1376 1628 1412 odiorum,
1653 1376 1695 1406 ad
1718 1376 1853 1407 timores
1878 1382 1908 1407 et
1930 1377 1973 1407 ad
1996 1376 2081 1407 alios
2105 1374 2150 1406 af-

1172 1417 1289 1447 fectus.
1336 1418 1375 1447 Et
1399 1424 1562 1458 vagantur
1585 1418 1619 1449 hi
1642 1424 1750 1467 mqtus
1770 1421 1872 1450 varie.
1918 1419 2012 1450 Paris
2032 1425 2063 1449 et
2087 1419 2149 1449 He-

1172 1459 1246 1490 lena
1276 1462 1351 1500 quia
1385 1459 1589 1491 familiariter
1619 1471 1721 1502 saepe
1745 1461 1978 1503 colloquuntur
2001 1468 2032 1493 et
2056 1460 2150 1493 simul

1173 1504 1401 1539 coiwivantur,
1436 1503 1642 1534 incalescunt
1674 1511 1806 1541 mutuo,
1840 1511 1875 1536 ut
1896 1512 2014 1536 natura
2038 1515 2149 1536 sexum

1173 1551 1283 1576 movet
1316 1556 1395 1586 erga
1419 1556 1542 1578 sexum.
1590 1547 1746 1578 Accenso
1772 1549 1874 1579 corde
1896 1554 2014 1589 postea
2037 1546 2151 1578 volun-

1172 1594 1223 1619 tas
1248 1588 1375 1619 Paridis
1400 1588 1465 1619 hoc
1489 1590 1656 1620 decretum
1680 1591 1785 1621 addit:
1809 1590 1981 1622 Abducam
1994 1590 2150 1621 Helenam

1171 1632 1202 1661 in
1227 1632 1352 1662 Asiam.
1398 1632 1458 1662 Hit·
1487 1638 1514 1662 et
1547 1631 1622 1662 fons
1649 1634 1788 1664 actionis
1813 1640 1986 1672 externae,
2021 1640 2053 1664 et
2077 1634 2150 1674 quid

1171 1676 1212 1705 sit
1236 1674 1320 1706 haee
1343 1676 1441 1713 actio,
1464 1674 1602 1716 intelligi
1626 1683 1748 1717 potest.
1779 1677 1848 1707 Nec
1873 1683 2071 1718 quaeruntur
2096 1676 2151 1707 ha-

1172 1718 1268 1748 bitus.

1257 1760 1332 1791 Non
1367 1763 1512 1792 obscure
1547 1770 1579 1794 et
1612 1764 1652 1794 de
1677 1764 1772 1794 bonis
1796 1763 1981 1794 actionibus
2006 1764 2151 1794 externis

1171 1804 1233 1834 dici
1256 1810 1378 1844 potest,
1402 1805 1479 1835 oriri
1505 1815 1563 1837 eas
1587 1817 1607 1837 a
1631 1807 1832 1847 cogitatione
1856 1806 1956 1848 Legis
1981 1813 2072 1837 recta
2095 1806 2149 1836 ‹lo-

1172 1853 1267 1877 cente
1287 1853 1318 1877 et
1342 1846 1513 1879 voluntate
1532 1851 1711 1890 imperante
1730 1849 1976 1887 Locoinotivae,
2000 1856 2034 1880 ut
2053 1849 2152 1889 repri-

1171 1896 1259 1920 mant
1293 1896 1350 1920 aut
1384 1891 1492 1921 eieant
1527 1893 1691 1930 membra,
1726 1899 1761 1923 ut
1795 1893 1919 1923 externi
1942 1898 2051 1923 motus
2076 1902 2152 1922 eon-

1172 1939 1292 1974 gruant
1315 1932 1416 1973 Legi3
1461 1934 1504 1965 Ut
1530 1936 1688 1976 cogitatio
1712 1935 1938 1976 inScipione:
1962 1935 2037 1966 Non
2060 1935 2153 1966 attin-

1172 1985 1232 2017 gas
1268 1975 1406 2006 alterius
1443 1987 1617 2018 sponsam3
1649 1984 1680 2008 et
1709 1977 1791 2010 haec
1815 1979 1888 2019 ipsa
1913 1979 2069 2019 cogitatio
2095 1988 2152 2008 seu

1171 2018 1326 2050 voluntas
1370 2021 1578 2061 praecipiens
1617 2021 1729 2052 nervis
1771 2026 1847 2051 sunt
1880 2031 2020 2052 caussae
2054 2021 2153 2062 repri-

1172 2068 1299 2093 mentes
1324 2069 1461 2094 externa
1483 2065 1642 2101 membra,
1664 2074 1706 2095 ne
1724 2065 1900 2095 indecoros
1912 2070 2023 2095 motus
2037 2065 2152 2094 cieant.

1258 2105 1352 2136 Hanc
1377 2105 1582 2147 disciplinam
1601 2107 1736 2148 regendi
1760 2113 1896 2138 externa
1919 2117 2019 2148 opera
2042 2113 2154 2138 utcun-

1173 2158 1237 2189 que
1261 2147 1397 2180 efficere
1420 2148 1562 2181 humana
1582 2151 1664 2181 ratio
1689 2151 1784 2181 etiam
1807 2150 1839 2180 in
1864 2161 1929 2181 non
1948 2151 2072 2181 renatis
2097 2160 2154 2190 po-

1174 2197 1249 2221 test.
1295 2191 1338 2222 Et
1362 2191 1483 2223 Paulus
1509 2194 1558 2224 sie
1582 2193 1727 2224 nominat
1746 2203 1846 2233 opera
1868 2193 1985 2235 LegiS,
2009 2204 2073 2224 non
2098 2203 2154 2223 no-

1173 2234 1274 2265 minat
1292 2235 1448 2273 virtutes,
1478 2235 1562 2271 Quia
1585 2237 1663 2277 quid
1686 2237 1728 2267 sit
1752 2236 1866 2267 Virtus
1890 2237 1923 2266 in
1947 2246 2012 2267 non
2032 2236 2153 2267 renatis

1175 2284 1207 2307 et
1230 2278 1307 2318 quid
1331 2278 1395 2308 sint
1418 2277 1549 2310 habitus
1573 2278 1632 2318 illi,
1657 2289 1741 2321 quos
1764 2280 1814 2309 sio
1832 2280 1977 2310 nominat
1994 2279 2154 2309 Aristote-

1174 2319 1237 2358 les,
1262 2319 1394 2351 difficile
1415 2327 1466 2351 est
1490 2323 1676 2353 ostendere.
1721 2321 1761 2352 Et
1785 2323 1813 2353 si
1837 2323 1913 2363 quid
1937 2327 2013 2353 sunt
2030 2321 2075 2352 illi
2098 2320 2153 2351 ha-

1175 2363 1261 2394 bitus
1286 2364 1317 2393 in
1341 2362 1404 2394 hac
1427 2363 1584 2406 languida
1606 2372 1738 2403 natura,
1762 2372 1836 2396 sunt
1860 2364 1976 2396 infirmi
2002 2371 2033 2395 et
2058 2363 2154 2395 facile

1177 2407 1388 2437 excutiuntur
1412 2418 1471 2438 seu
1494 2408 1709 2440 flaccescunt.

1178 2552 1223 2581 62)
1244 2553 1294 2592 tiis]
1323 2554 1395 2579 Editt.
1416 2555 1455 2577 20.
1477 2555 1522 2579 25„
1544 2555 1613 2584 serp.
1635 2556 1645 2577 1
1669 2569 1694 2572 -
1720 2557 1749 2580 8..
1770 2556 1829 2586 Ono.
1854 2557 1873 2579 1.
1896 2556 1927 2584 2.,
1946 2556 1986 2580 Ex.
2005 2555 2038 2579 3,.
2057 2555 2110 2580 nos.
2131 2556 2153 2578 2,

1245 2594 1275 2612 ns
