2358 2933
259 115 318 145 491

260 205 335 234 ldeo
359 202 473 243 profuit
499 203 648 232 contritio
668 200 753 230 Petri
773 201 881 231 aut²⁶l
901 199 1049 235 Davidis,
1073 199 1149 239 quia
1172 208 1224 229 ac-

261 247 355 276 cessit
383 246 473 274 tides.
500 254 561 283 qua
585 241 869 282 apprchentlebant
886 243 930 273 ¹²⁶)
954 241 1149 280 promissam
1168 241 1224 270 mi-

260 288 480 317 sericordiam.
505 293 534 315 et
555 294 591 313 se
615 283 879 313 consolabantur.

345 328 433 358 llaec
457 327 538 356 tides
562 326 733 355 discrimen
758 324 832 354 facit
853 326 937 354 inter
955 324 1101 354 timorem
1121 323 1223 353 servi-

260 369 320 399 lem
345 377 373 399 ct
398 367 542 398 filialem:
578 378 681 406 neque
704 367 787 396 enim
810 376 892 406 opus
916 372 966 396 est
989 364 1041 395 hic
1063 363 1224 395 subtiliter

260 413 424 450 disputare
454 411 493 439 de
517 410 698 439 attritione.
733 409 942 445 contritione,
976 407 1105 447 quando
1129 407 1223 436 timor

259 463 296 482 ex
331 451 502 481 dilen-tione
536 451 675 485 orimur,
709 450 837 490 quantio
875 450 915 479 sit
949 455 1052 479 metus
1087 458 1222 488 poenae.

259 494 340 523 Nam
373 493 404 523 hi
438 492 575 523 affectus
610 492 704 521 ctiam
734 493 765 521 in
794 492 917 521 sanctis
947 491 1109 521 commixti
1131 496 1222 525 sunt3

259 536 317 565 sed
341 534 474 574 simplex
499 541 528 564 et
553 533 647 573 plana
668 534 842 573 descriptio
867 540 927 562 cst.
961 532 1069 562 Timor
1091 531 1222 563 servilis

259 585 307 607 est
338 583 439 606 nictus
470 577 540 606 sine
571 576 642 605 tide.
691 574 800 605 Timor
831 574 938 604 tilialis
962 580 1012 605 est
1035 580 1158 610 metus,
1181 574 1222 604 ad

259 628 353 658 quem
381 619 504 647 accedit
537 618 637 654 tides,
671 627 754 657 quae
786 617 870 646 inter
899 626 1040 656 pavores
1070 616 1161 657 erigit
1192 621 1223 646 et

259 658 448 690 consolatur
464 660 613 690 animum.

344 701 391 731 Ex
419 701 469 731 his
491 700 607 740 liquet.
636 710 696 730 nos
720 701 859 730 retinere
882 710 922 729 ac
944 700 1082 729 maxime
1096 700 1140 730 ²⁷)
1174 708 1223 728 re—

260 745 386 784 quirere
410 744 650 777 contritionem.
682 742 741 771 sed
765 749 871 771 tamen
895 748 1006 771 taxare
1029 750 1159 770 errores
1183 750 1222 770 ac

259 785 463 825 labyrinthos
488 785 688 823 perniciosos
713 783 941 819 conscientiis,
968 792 1058 822 quos·
1075 782 1115 811 de
1138 781 1222 811 Con-

260 829 388 857 tritionc
415 826 613 856 tradiderunt
637 823 843 855 Scholastici.
888 823 1020 854 falsum
1050 828 1100 853 est
1127 823 1222 859 enim,

259 869 344 909 quod
373 867 531 908 affingunt
559 867 599 896 de
621 866 838 902 Coun-itione,
861 866 947 905 quod
972 865 1120 895 remissio
1149 874 1223 905 pec-

259 917 403 940 catorum
433 910 597 948 contingat
621 914 756 948 propter
778 908 967 948 dignitatem
990 906 1224 940 Contritionis3

259 952 331 992 quia
356 951 576 981 conscientiae
605 950 812 989 adigerentur
834 949 875 978 ad
899 949 1173 988 desperationem,
1196 947 1223 975 si

259 994 290 1023 in
314 993 399 1023 veris
423 992 602 1022 terroribus
626 992 747 1021 sentire
770 991 936 1027 deberent,
959 1000 997 1020 se
1018 998 1084 1019 non
1102 988 1224 1018 habere

259 1035 480 1064 remissionem
503 1039 722 1073 peccatorum,
746 1032 807 1062 nisi
829 1030 924 1062 dolor
946 1031 1027 1061 satis
1046 1031 1165 1071 dignus
1184 1039 1224 1059 ac

259 1074 425 1106 sufficiens
449 1082 547 1104 esset.

343 1117 470 1147 Deinde
493 1114 746 1155 reprehendendi
770 1121 842 1145 sunt
866 1121 895 1144 et
920 1113 965 1144 illi
984 1112 1159 1154 labyrinthi
1178 1113 1223 1142 in-

259 1158 481 1195 ex:ricabiles,
515 1158 602 1198 quod
636 1157 741 1187 dicunt
767 1156 1002 1187 Coun-itionem
1031 1155 1147 1185 mereri
1174 1164 1223 1184 re-

258 1201 444 1231 missionem
467 1205 691 1239 peccatorum,
714 1206 808 1235 tunc,
831 1208 905 1229 eum
928 1197 959 1227 fit
985 1207 1026 1227 ex
1050 1195 1224 1227 dilectione

258 1242 339 1273 Dei.
362 1253 426 1272 non
450 1252 522 1271 cmn
546 1240 578 1270 fit
603 1247 690 1271 metu
712 1250 855 1280 poenae;
898 1245 930 1269 etv
952 1246 1059 1269 tamen
1084 1237 1224 1268 fatentur

258 1285 415 1315 incertum
449 1293 538 1320 esse,
567 1283 697 1324 quando
724 1282 779 1313 fiat
803 1292 843 1312 ex
865 1279 1037 1311 dilectione
1059 1280 1132 1310 Dei.
1177 1279 1225 1309 Ita

259 1326 441 1367 relinquunt
472 1325 689 1356 conscientias
717 1324 930 1363 ambigentes.
981 1322 1021 1353 Hi
1048 1320 1225 1362 labyrinthi

259 1369 354 1399 etiam
384 1368 469 1408 apud
498 1369 588 1408 ipsos
612 1365 856 1406 inexplicabiles
872 1366 916 1401 28)
946 1370 1031 1395 sunt.
1074 1363 1145 1393 Nos
1168 1363 1225 1403 igi-

259 1417 312 1441 tur
335 1410 560 1441 constituimus
583 1409 804 1439 necessariam
828 1417 904 1437 esse
933 1405 1074 1447 aliquam
1097 1404 1225 1435 Contri-

259 1453 387 1482 tionem.
432 1451 560 1481 Deinde
588 1450 751 1480 addimus:
785 1449 869 1479 haec
899 1448 1050 1479 contritio
1073 1456 1139 1477 non
1161 1455 1225 1476 me-

260 1501 349 1523 retur
382 1493 605 1523 remissionem
637 1497 860 1531 peccator1un;
895 1489 958 1520 hoc
992 1495 1053 1526 est,
1077 1488 1224 1521 remissio

259 1542 465 1575 pcccatorum
496 1544 559 1564 non
587 1533 741 1573 contingit
773 1539 907 1572 propter
929 1532 1117 1572 dignitatem
1140 1530 1225 1560 Con-

260 1578 412 1614 tritionis,
446 1577 504 1606 sed
539 1574 618 1605 fides
653 1574 811 1605 accedere
843 1574 956 1610 debet,
997 1583 1080 1614 quae
1113 1572 1223 1602 statuit

260 1620 362 1659 gratis
385 1619 501 1649 remitti
523 1623 659 1656 peccata
680 1621 813 1656 propter
825 1614 1001 1646 Christum.
1031 1614 1071 1645 Et
1095 1614 1224 1655 quidem

259 1660 341 1690 haec
374 1660 454 1690 tides
489 1664 632 1689 statuere
665 1659 759 1688 debet
799 1658 829 1687 in
858 1657 986 1697 specie,
1018 1657 1076 1686 tibi
1105 1656 1223 1686 remitti

259 1708 403 1741 peccata.
449 1701 522 1730 Non
552 1700 632 1730 satis
662 1706 711 1729 est
740 1700 772 1729 in
803 1708 924 1739 genere
951 1698 1103 1735 credere,
1137 1697 1223 1737 quod

259 1743 350 1773 Dcus
379 1743 540 1783 aliquibus
571 1742 730 1782 ignoscat.
777 1740 832 1770 sie
862 1741 957 1770 etiam
981 1738 1129 1769 diabolus
1154 1748 1223 1769 cre-

260 1785 315 1821 dit,
338 1795 402 1814 non
425 1785 508 1814 enim
532 1784 656 1824 ignorat
680 1784 711 1812 in
730 1780 880 1812 Ecclesia
902 1791 978 1812 esse
1000 1781 1223 1811 remissionem

258 1833 476 1866 peccatorum.
520 1825 587 1856 Sed
616 1822 734 1865 singuli
768 1829 912 1853 statuere
941 1823 1097 1853 debemus
1126 1822 1222 1852 nobis

259 1869 338 1907 ipsis
361 1867 498 1908 ignosci.
544 1866 597 1896 De
622 1865 685 1896 hac
713 1865 775 1895 fide
798 1864 932 1905 speciali
954 1864 1130 1905 loquimur,
1159 1873 1223 1904 qua

259 1910 319 1939 sibi
343 1910 480 1950 quisque
501 1907 640 1948 applicat
665 1906 858 1938 beneficium
881 1906 1013 1936 Christi.

609 2005 870 2036 Testimonia.

343 2082 484 2112 Actuum
516 2080 564 2110 10.
595 2083 656 2116 [vs.
687 2079 752 2117 434
798 2079 880 2109 Huic
903 2089 1015 2109 omnes
1038 2078 1223 2119 Prophetae

260 2123 474 2153 testimonium
497 2121 677 2162 perhibent,
700 2121 925 2151 remissionem
943 2125 1152 2161 peccatorum
1169 2130 1223 2150 ac-

260 2165 366 2204 cipere
389 2175 446 2204 per
469 2174 586 2193 nomen
609 2163 678 2193 eius
703 2172 827 2199 omnes,
851 2163 905 2202 qui
929 2163 1064 2193 credunt
1085 2163 1118 2192 in
1140 2171 1222 2192 eum.

258 2205 347 2236 Haec
370 2213 418 2236 est
443 2205 590 2245 plaua²⁹›
613 2211 644 2235 et
667 2204 756 2235 clara
779 2204 954 2242 sententia,
982 2204 1071 2245 quod
1091 2209 1225 2244 propter

261 2347 306 2375 26)
325 2346 559 2376 apprehendebant]
578 2346 618 2370 Ed.
638 2347 675 2370 11,
693 2346 789 2376 typotb.
808 2350 908 2370 errore:
926 2345 1133 2375 apprehendebat

261 2397 306 2424 27)
326 2396 444 2424 maxime]
464 2396 535 2419 Editt.
558 2396 593 2419 1¹2.
617 2395 653 2417 13.
673 2401 758 2419 errore
776 2398 884 2424 typogr.:
904 2395 1028 2418 maximae

262 2446 306 2473 ἒς)
326 2444 522 2475 inexplicabiles]
543 2444 614 2468 Editt.
634 2444 656 2466 7.
676 2445 698 2466 8.
721 2445 825 2467 11-14.
845 2445 869 2468 et
887 2443 958 2472 Opp.:
977 2443 1163 2467 inextricabiles

262 2496 307 2523 29)
325 2494 410 2525 plana]
432 2494 502 2518 Editt.
524 2494 546 2518 8.
568 2493 606 2516 12.
629 2493 666 2516 13.
686 2495 736 2523 typ.
756 2498 858 2518 errore:
875 2492 951 2522 plena

877 108 986 139 Pllll..
1010 107 1110 138 MEL.
1134 106 1317 138 SCRIPTA
1339 105 1612 139 DOGMATICA.

2171 114 2234 146 492

1268 198 1433 229 Christum
1463 199 1557 229 detur
1580 200 1728 230 remissio
1752 207 1978 239 peccatorum,
2006 209 2037 232 et
2060 205 2147 243 quod
2169 203 2234 236 hoc

1268 240 1330 271 lide
1353 246 1498 271 statuere
1521 241 1751 275 delwainus30)
1775 242 1815 272 de
1838 241 1981 274 Christo.

1351 281 1445 312 Rom.
1474 282 1504 312 5.
1536 286 1598 319 {vs-
1630 283 1672 320 l.]
1718 282 1884 314 [ustificati
1909 284 1971 316 fide
1999 295 2115 326 pacem
2136 286 2234 318 habe-

1267 334 1350 360 mus,
1375 324 1406 354 id
1428 331 1490 360 est,
1513 330 1647 363 pacatas
1671 330 1703 354 et
1724 324 1914 365 tranquillas
1934 328 2151 359 conscientias
2171 334 2233 360 etc.

1351 364 1417 396 Sed
1441 366 1527 395 dicat
1549 364 1684 405 aliquis:
1719 366 1797 397 Scio
1821 367 1884 397 fide
1907 379 1989 408 opus
2013 379 2099 406 esse,
2123 379 2234 401 verum

1267 405 1345 436 illud
1367 407 1571 446 probandum
1594 413 1655 444 est,
1679 408 1764 447 quod
1790 409 1892 448 gratis
1906 411 2107 441 remittantur
2119 422 2233 451 pecca-

1266 455 1310 478 ta.
1341 447 1431 479 Haec
1453 456 1502 479 est
1516 448 1658 487 Epitasis
1682 451 1866 480 certaminis
1891 451 1985 482 etiam
2008 453 2041 482 in
2065 454 2233 484 conscien-

1268 490 1333 523 tia3
1377 500 1470 520 nemo
1504 491 1589 520 enini
1611 491 1741 531 ignorat
1764 490 1869 522 Deum
1892 493 2136 524 misericordem
2159 504 2235 525 esse

1267 537 1298 561 et
1323 532 1484 562 remittere
1506 539 1662 572 peccata3
1684 533 1744 562 sed
1766 532 1845 563 illud
1864 534 2059 573 dubitamus,
2078 546 2119 566 an
2138 537 2234 567 nobis

1267 573 1462 604 remissurus
1496 574 1556 610 sit,
1590 584 1662 604 cum
1697 575 1798 604 simus
1832 576 1966 617 indigni.
2012 576 2121 611 Quare
2150 587 2234 618 opus

1268 621 1317 644 est
1350 615 1380 644 in
1415 622 1593 654 conspectu
1627 615 1748 646 habere
1771 617 1970 655 testimonia,
2005 628 2089 658 quae
2117 618 2234 649 confir-

1267 661 1354 686 ment
1375 665 1449 692 nos,
1472 663 1506 686 ut
1529 658 1669 687 sciamus
1692 656 1776 688 haec
1799 659 1880 695 duo,
1903 658 2070 697 videlicet,
2098 661 2234 700 promis-

1267 698 1391 727 sionem
1414 697 1630 728 universalem
1653 708 1740 735 esse.
1759 700 1874 730 deinde
1892 707 1924 730 et
1942 703 2122 740 gratuitam.
2141 701 2235 732 Rom.

1267 738 1297 769 3.
1333 741 1393 775 [vs.
1417 739 1482 776 244
1519 738 1685 770 iustificati
1712 741 1815 780 gratis
1847 741 1949 780 ipsius
1978 743 2084 782 gratia
2105 752 2163 781 per
2185 752 2235 773 re-

1268 781 1503 819 demptionem,
1535 788 1619 819 quae
1641 787 1693 811 est
1715 782 1746 811 in
1770 781 1902 813 Christo
1924 783 2016 821 lesu,
2043 793 2139 824 quem
2161 794 2235 823 pro-

1267 823 1377 861 posuit
1404 821 1495 851 Deus
1529 821 1770 860 propitiatorem
1804 833 1862 863 per
1895 824 2001 855 fidem.
2046 825 2107 855 Hic
2140 824 2235 856 locus

1268 861 1356 892 clare
1379 863 1467 892 addit
1491 861 1682 902 particulam
1705 863 1907 895 exclusivam
1929 867 2044 906 gratis,
2067 877 2150 907 quae
2168 877 2234 897 non

1268 902 1412 933 excludit
1436 905 1519 934 bona
1543 914 1655 943 opera,
1677 906 1737 935 sed
1761 915 1913 937 caussam
1935 909 2137 939 remissionis
2159 918 2235 948 pec-

1268 951 1414 975 catorum
1443 944 1598 976 transfert
1627 957 1647 975 a
1676 953 1791 977 nostra
1819 947 1976 988 dignitate
2002 949 2035 978 in
2058 948 2234 988 Christum,

1267 993 1302 1016 ut
1324 987 1367 1016 sit
1397 993 1485 1017 certa
1514 988 1700 1026 promissio.
1746 988 1855 1022 Quare
1879 991 2088 1020 statuendum
2111 996 2162 1021 est
2183 1000 2234 1021 re·

1267 1028 1454 1059 missionem
1482 1035 1692 1068 peccatorum
1720 1039 1786 1060 non
1810 1038 1944 1070 propter
1966 1032 2155 1072 dignitatem
2176 1042 2234 1062 no-

1268 1075 1357 1099 strae
1380 1071 1585 1100 contritionis
1604 1069 1657 1100 vel
1676 1077 1860 1101 nostrorum
1880 1082 2014 1111 operum
2033 1074 2234 1115 contingere,

1267 1111 1325 1140 sed
1359 1118 1481 1141 tantum
1515 1112 1633 1142 fiducia
1666 1112 1813 1142 beneficii
1847 1112 1978 1144 Christi.
2029 1114 2110 1154 Eph.
2143 1116 2234 1153 2⁸¹)

1269 1155 1331 1188 [vs.
1354 1152 1397 1189 5.]
1425 1152 1538 1183 Gratia
1560 1152 1676 1184 salvati
1701 1154 1798 1189 estis3
1841 1154 1903 1185 Dei
1928 1156 2047 1186 donum
2075 1161 2142 1193 est,
2169 1165 2235 1186 non

1268 1203 1308 1224 ex
1331 1195 1436 1225 vobis.
1482 1194 1574 1224 Rom.
1604 1194 1634 1224 S.
1666 1198 1727 1231 [vs-
1751 1194 1794 1232 3.]
1819 1194 1900 1226 Cum
1923 1203 2011 1227 esset
2033 1196 2236 1237 impossibile

1267 1235 1351 1276 legi,
1382 1237 1466 1266 misit
1489 1236 1581 1266 Deus
1612 1235 1726 1266 Filium
1754 1247 1848 1267 suum
1878 1244 1937 1268 etc.
1983 1238 2018 1268 ld
2040 1244 2108 1269 est:
2154 1238 2235 1270 Cum

1267 1288 1431 1318 nunquam
1457 1276 1522 1317 legi
1551 1276 1809 1314 satisfaciamus,
1842 1277 1913 1308 Lex
1941 1289 2072 1319 semper
2099 1285 2237 1312 accusat

1268 1329 1348 1357 nos,
1389 1329 1455 1349 non
1484 1320 1582 1360 igitur
1612 1329 1789 1358 possumus
1818 1330 1984 1359 opponere
2005 1321 2074 1352 irae
2095 1331 2135 1352 ac
2156 1322 2235 1352 iudi-

1269 1362 1318 1391 cio
1342 1360 1406 1391 Dei
1435 1367 1581 1392 nostram
1609 1362 1817 1402 dignitatem3
1850 1362 1909 1392 sed
1931 1368 2056 1393 tantum
2079 1363 2236 1394 debemus

1268 1413 1434 1443 opponere
1456 1403 1665 1433 mediatorem
1689 1402 1877 1438 Christum3
1917 1404 2006 1434 iuxta
2028 1402 2118 1441 illud,
2140 1404 2235 1436 Rom.

1267 1445 1298 1475 5.
1324 1448 1384 1481 [VS.
1407 1446 1450 1482 2.]
1474 1444 1538 1475 Per
1561 1444 1647 1474 hunc
1669 1443 1827 1474 habemus
1850 1455 2023 1476 accessum
2045 1446 2088 1476 ad
2105 1445 2236 1477 Patrem

1268 1493 1330 1518 etc.
1376 1486 1452 1517 ldeo
1482 1493 1511 1516 et
1540 1486 1634 1516 Rom.
1665 1486 1694 1516 4.
1726 1489 1786 1523 ivs.
1820 1486 1885 1524 16.]
1914 1487 1963 1517 sic
1990 1493 2236 1528 argumentatur

1267 1527 1399 1559 Paulus.
1433 1528 1509 1558 Ideo
1532 1538 1572 1558 ex
1594 1528 1657 1558 fide
1680 1528 1796 1568 gratis,
1818 1535 1853 1558 ut
1875 1529 1916 1558 sit
1940 1528 2033 1558 firma
2051 1529 2234 1568 promissio.

1268 1570 1303 1601 Si
1326 1571 1411 1601 enim
1438 1569 1595 1609 penderet
1622 1568 1846 1600 reconciliatio
1871 1580 1910 1600 ex
1934 1570 2092 1611 dignitate
2115 1571 2235 1601 contri-

1267 1613 1363 1642 tionis
1386 1617 1519 1642 nostrae
1536 1617 1591 1641 aut
1610 1621 1742 1651 operum
1761 1617 1959 1648 nostrortun,
1979 1622 2051 1642 cum
2069 1622 2234 1653 nunquam

1266 1653 1331 1694 legi
1353 1651 1612 1689 satisfaciamus,
1642 1652 1734 1683 fieret.
1764 1654 1886 1684 incerta
1908 1660 1964 1684 aut
1986 1654 2077 1684 irrita
2098 1654 2235 1694 promis-

1267 1697 1316 1726 sio
1340 1693 1624 1726 reconciliationis.

1351 1737 1423 1767 Huc
1446 1738 1508 1767 iam
1530 1737 1688 1776 pertinent
1708 1735 1826 1766 multae
1838 1737 2019 1767 sententiae
2030 1736 2234 1768 Psalmorum

1267 1785 1297 1810 et
1321 1778 1568 1818 Prophetarum.
1613 1777 1735 1809 Psalm.
1759 1778 1810 1808 31.
1835 1780 1898 1815 [VS.
1921 1778 1964 1815 5.]
1989 1777 2078 1816 Dixi,
2101 1778 2234 1809 confite-

1268 1822 1327 1851 bor
1349 1822 1522 1851 adversum
1545 1829 1596 1850 ine
1618 1820 1806 1850 iniustitiam
1827 1830 1932 1850 meam
1954 1819 2111 1857 Domino,
2145 1826 2177 1850 et
2199 1826 2234 1852 tu

1266 1863 1402 1893 remittis
1426 1862 1618 1902 impietatem
1636 1863 1763 1902 peccati
1781 1862 1852 1891 mei.
1881 1860 2003 1891 Psalm.
2020 1861 2089 1893 142.
2113 1863 2177 1899 [vs.
2189 1862 2234 1901 2.]

1266 1904 1341 1934 Non
1368 1903 1598 1934 iustificabitur
1626 1904 1657 1933 in
1687 1910 1870 1942 conspectu
1900 1910 1955 1933 tuo
1979 1905 2084 1935 onmis
2107 1905 2231 1935 vivens

1265 1946 1336 1976 Hae
1364 1952 1395 1976 et
1424 1945 1547 1976 similes
1577 1945 1758 1975 sententiae
1787 1945 1925 1981 docent,
1952 1956 2014 1975 nos
2044 1956 2110 1976 non
2131 1956 2233 1986 posse

1267 1997 1433 2027 opponere
1461 1992 1606 2017 nostram
1628 1987 1819 2027 dignitatem
1841 1987 1958 2017 iudicio
1982 1986 2060 2025 Dei,
2088 1989 2148 2018 sed
2175 1998 2233 2018 no-

1266 2030 1317 2059 bis
1341 2039 1424 2068 opus
1448 2038 1523 2059 esse
1546 2029 1686 2069 gratuita
1709 2028 1941 2058 misericordia.

1351 2071 1487 2101 Constat
1500 2071 1599 2111 igitur
1610 2070 1642 2100 in
1654 2071 1848 2101 remissione
1859 2077 2070 2110 peccatorum
2077 2070 2143 2102 fide
2150 2080 2234 2111 opus

1267 2122 1355 2150 esse,
1377 2119 1409 2142 et
1432 2112 1528 2142 fidem
1551 2112 1670 2142 debere
1692 2112 1749 2142 niti
1771 2122 1837 2142 non
1856 2113 2013 2152 dignitate
2032 2118 2157 2151 nostra,
2175 2113 2235 2144 sed

1267 2161 1389 2185 tantum
1413 2153 1571 2184 beneficio
1595 2152 1735 2189 Christi3
1768 2159 1866 2194 atque
1888 2154 1950 2184 hac
1974 2153 2037 2184 fide
2055 2153 2234 2185 liberantur

1267 2197 1369 2227 corda
1396 2206 1417 2226 a
1449 2196 1630 2225 terroribus
1660 2196 1787 2235 peccati
1815 2202 1847 2226 et
1870 2197 1910 2226 ab
1934 2194 2063 2233 inferis,
2086 2203 2118 2227 et
2140 2197 2171 2226 in
2195 2205 2234 2228 ea.

1267 2237 1497 2269 consolatione
1524 2238 1683 2268 donamur
1716 2244 1749 2267 et
1777 2237 1979 2268 vivificamur
2009 2238 2131 2278 Spiritu
2159 2247 2233 2269 san-

1267 2286 1332 2310 cto.
1377 2279 1454 2309 Ideo
1484 2280 1583 2319 inquit
1613 2278 1736 2310 Paulus
1768 2279 1810 2316 [1.
1840 2278 1915 2310 Cor.
1946 2279 1996 2317 15,
2018 2279 2101 2317 56.]:
2145 2279 2233 2311 Acu-

1266 2413 1312 2441 30)
1331 2412 1483 2441 debeamus]
1502 2412 1544 2436 Ed.
1567 2413 1603 2434 11.
1624 2415 1649 2437 et
1668 2413 1742 2442 Opp.:
1762 2412 1884 2437 debemus

1265 2460 1312 2489 31)
1331 2461 1367 2515 ξ.)
1387 2462 1422 2515 s3ic
1440 2465 1507 2485 recte
1526 2461 1596 2485 Editt.
1617 2461 1639 2483 7.
1659 2462 1682 2486 8.
1706 2462 1808 2485 11-14.
1827 2464 1852 2486 et
1871 2462 1941 2492 opp.:
1978 2462 2049 2486 Editt.
2072 2463 2092 2485 1.
2114 2462 2137 2485 2.
2155 2461 2229 2485 4-6.
