2358 2933
123 120 187 151 465

126 211 284 242 onerandi
299 209 487 240 Ecclesiam
509 209 750 239 traditionibus.
786 207 854 238 Sed
877 215 994 238 contra
1016 208 1102 240 hanc

125 255 283 285 rationem
309 252 484 292 opponitur
506 252 693 281 mandatum
716 251 756 282 de
786 250 985 280 obedientia:
1014 252 1103 291 quod

125 295 312 327 obedientia
334 295 376 324 sit
397 294 608 330 necessaria,
637 293 764 323 etiamsi
786 298 935 331 potestas
958 293 1102 323 abutitur

125 348 187 369 suo
215 339 294 368 iure.
339 335 419 365 Item
450 335 580 374 [Matth.
604 335 657 372 23,
680 334 742 372 2.J:
781 334 888 373 Super
913 333 1103 364 cathedram

124 379 234 420 Moysi
250 378 367 409 sedent
380 379 511 408 scribae
526 384 557 407 et
575 377 757 413 Pharisaei,
780 385 996 416 quaecunque
1016 377 1103 407 (1158-

124 423 189 452 rint
217 427 280 451 etc.
326 419 417 450 Haec
441 430 516 451 cum
538 419 678 450 dicendo
702 423 960 459 exaggerantur,
991 425 1023 448 et
1046 428 1102 449 au-

125 469 220 504 getur
255 463 460 493 obedientiae
492 462 693 497 necessitas,
733 460 882 499 profecto
916 460 1101 499 perterrefit

126 505 338 536 conscientia.
373 504 449 535 Ideo
472 513 614 535 necesse
637 509 687 532 est
711 511 871 542 quaerere
895 501 1020 532 firmam
1045 501 1102 532 ali-

125 550 223 588 quam
244 548 422 583 rationem,
445 556 529 586 quae
553 546 633 575 satis
656 544 778 574 muniat
801 544 1037 581 conscientias,
1060 554 1102 574 ne

124 588 209 620 falsa
231 589 448 628 persuasione
471 588 510 617 de
532 587 761 618 traditionibus
785 586 1020 626 opprimantur.

210 631 323 671 ltaque
342 629 527 661 diluendum
547 635 596 659 est
615 634 855 668 argumentum,
881 629 970 668 quod
988 629 1020 658 in
1039 628 1102 658 hac

126 682 248 705 caussa
270 673 447 712 praecipue
470 671 567 701 obiici
590 676 710 709 potest.

253 714 414 744 Potestati
436 713 629 743 necessario
653 718 702 742 est
726 712 954 748 obediendum,

254 755 410 786 Potestas
434 753 674 786 Ecclesiastica
697 754 842 784 condidit
865 754 1068 791 traditiones,

253 797 362 837 Ergo:
403 797 609 827 Traditiones
644 797 836 827 necessario
871 797 1103 826 observandae

297 845 384 870 sunt.

210 881 488 921 Respondendum
511 886 563 911 est
584 881 627 910 ad
646 880 825 917 Maiorem,
856 889 940 920 quae
962 890 1027 910 non
1052 886 1103 910 est

126 933 216 955 vera.
262 923 344 954 Cum
372 928 519 963 potestas
547 923 722 962 praecipit,
758 929 792 952 ut
823 923 921 961 impia
943 920 1102 952 faciamus

125 971 181 997 aut
203 966 400 1001 sentiamus,
433 970 511 994 tunc
541 965 626 994 enim
649 963 765 1004 regula
788 965 907 994 tuenda
932 971 983 993 est
1015 963 1102 1000 [Act.

126 1007 157 1045 5,
179 1006 264 1044 29.]:
294 1006 433 1046 Oportet
454 1006 528 1036 Deo
551 1007 657 1046 magis
687 1006 822 1036 obedire
845 1016 943 1046 quain
965 1005 1103 1036 homini-

126 1050 201 1080 bus.
245 1049 351 1078 Porro
380 1048 574 1078 traditiones
604 1048 731 1078 etiamsi
760 1048 800 1077 de
822 1048 923 1078 rebus
947 1047 1103 1087 adiapho-

126 1092 171 1122 ris
205 1089 402 1130 loquantur,
416 1091 459 1123 72)
493 1095 602 1120 tamen
633 1089 713 1120 fiunt
737 1090 854 1129 impiae
877 1095 907 1119 et
931 1090 1102 1120 doctrinae

127 1133 387 1169 daemoniorum,
416 1132 549 1171 quando
578 1142 652 1162 cum
674 1130 726 1161 his
751 1132 959 1171 opinionibus
982 1142 1103 1171 propo-

125 1180 264 1212 nuntur,
294 1174 383 1214 quod
406 1175 470 1203 sint
493 1172 620 1210 cultus,
649 1174 704 1213 qui
727 1179 914 1203 mereantur
936 1174 1103 1204 remissio-

125 1227 200 1247 nem
222 1222 450 1257 peccatorum,
473 1222 527 1246 aut
551 1216 615 1245 sint
638 1225 693 1245 res
715 1216 927 1245 necessariae
950 1216 991 1246 ad
1014 1216 1104 1245 iusti-

125 1260 203 1290 tiam
234 1258 462 1289 Christianam.
511 1256 604 1287 Haec
633 1258 716 1287 ratio
744 1257 921 1297 praecipue
950 1257 1104 1288 habenda

126 1307 178 1332 est
205 1301 239 1331 in
268 1305 468 1339 conspectu,
498 1305 534 1329 ut
557 1298 678 1330 Christi
701 1298 806 1340 gloria
830 1305 1016 1340 opponatur
1039 1298 1102 1330 illis

127 1341 434 1382 amplificationibus
459 1342 499 1372 de
522 1342 716 1372 obedientia.
755 1341 840 1371 Nam
864 1353 938 1373 cum
961 1342 1005 1372 ita
1026 1352 1103 1382 pro-

126 1390 292 1425 ponuntur
329 1384 540 1420 traditioneS‚
586 1384 784 1414 obscuratur
824 1382 930 1425 gloria
969 1383 1102 1414 Christi.

126 1425 346 1457 Transferunt
369 1427 453 1456 enim
476 1425 671 1457 beneficium
693 1425 817 1456 Christi
842 1427 875 1456 in
899 1426 1102 1457 traditiones.

128 1468 325 1509 Plerumque
347 1474 455 1499 autem
470 1467 671 1509 Hypociitae
693 1469 738 1498 ita
761 1467 937 1499 defendunt
960 1469 1103 1499 traditio-

127 1521 204 1547 nes3
228 1520 331 1551 quare
352 1520 492 1540 necesse
516 1516 567 1540 est
583 1511 757 1541 dissentire
774 1516 806 1540 et
822 1511 993 1541 adversari
1009 1520 1103 1551 prae-

129 1554 225 1593 cipue
260 1553 422 1582 docendo.
467 1551 590 1583 Paulus
625 1553 721 1582 etiam
755 1551 907 1593 exemplo
940 1553 1104 1583 interdum

128 1596 291 1626 adversus
320 1593 527 1634 praefractos
554 1594 753 1635 Hyprocitas
781 1594 967 1625 libertatem
996 1594 1104 1625 decla-

130 1638 223 1668 ravit.
268 1636 421 1667 Chm'stus
451 1637 546 1666 etiam
575 1642 712 1666 excusat
734 1635 917 1676 Apostolos
940 1635 1105 1667 violantes

129 1679 336 1710 traditionem
359 1678 583 1709 pharisaicam
606 1678 722 1708 Matth.
748 1678 797 1708 15.
823 1681 885 1715 [vs.
909 1679 928 1708 2
953 1683 1050 1719 sqq.].

215 1721 305 1751 Haec
327 1721 431 1760 prima
453 1719 573 1750 solutio
596 1721 734 1750 maxime
753 1722 931 1761 perspicua
954 1727 984 1751 et
1008 1720 1106 1761 plana

131 1769 191 1794 est.
233 1763 300 1794 Sed
323 1763 464 1793 tenenda
486 1768 536 1792 est
559 1768 590 1792 et
613 1761 727 1792 altera.
761 1761 869 1792 Maior
891 1773 971 1793 vera
995 1769 1044 1793 est
1067 1763 1107 1793 de

131 1805 331 1841 obedientia,
359 1804 490 1845 qualem
516 1805 651 1845 requirit
677 1803 903 1845 Evangelium.
955 1805 1107 1846 Evange-

130 1847 209 1878 lium
238 1853 347 1878 autem
375 1845 444 1877 vult
473 1847 506 1876 in
534 1847 763 1878 traditionibus
792 1847 931 1887 relinqui
961 1846 1048 1877 hanc
1071 1846 1107 1877 li-

131 1891 292 1921 bertatem
320 1889 540 1919 conscientiis·
586 1889 621 1918 ln
644 1889 711 1926 his,
740 1899 826 1930 quae
855 1895 930 1920 sunt
957 1890 1038 1920 iuris
1063 1890 1108 1920 di-

130 1932 212 1969 vini,
243 1932 446 1962 conscientia
473 1931 569 1961 debet
594 1932 785 1962 necessario
809 1932 945 1962 obedire
968 1932 1107 1972 pastori-

131 1975 211 2009 bus;
252 1974 285 2003 in
318 1974 548 2004 traditionibus
583 1974 680 2004 debet
715 1980 852 2004 eatenus
887 1975 1038 2011 obedire,
1072 1979 1108 2005 ut

132 2015 290 2046 scandala
313 2022 446 2053 caveat,
476 2016 604 2046 interim
627 2017 830 2047 conscientia
853 2015 958 2048 libera
980 2023 1051 2053 est,
1077 2022 1107 2047 et

132 2058 255 2088 sentire
289 2058 385 2087 debet
416 2057 532 2088 harum
565 2068 674 2088 rerum
703 2057 884 2089 libertatem
911 2069 977 2089 non
1005 2069 1107 2100 posse

131 2099 200 2131 ulla
225 2099 367 2130 humana
396 2101 568 2130 autoritate
597 2101 713 2131 mutari
742 2108 796 2131 aut
827 2100 965 2131 aboleri.
1015 2101 1108 2132 quta

132 2141 214 2173 illud
237 2140 330 2172 Pauli
354 2140 438 2178 [Col.
457 2143 488 2175 2.
508 2141 590 2180 16.]:
613 2142 716 2173 Nemo
741 2154 802 2174 vos
825 2151 942 2184 arguat
965 2144 998 2174 in
1022 2145 1108 2182 cibo,

132 2190 211 2225 potu
234 2190 296 2214 etc.
342 2184 420 2214 Item
443 2183 531 2222 [Gal.
555 2184 586 2221 5,
612 2185 673 2223 l.]:
708 2185 743 2215 ln
773 2196 813 2216 ea
841 2185 1007 2224 libertate,
1044 2196 1108 2227 qua

134 2226 284 2257 Christus
302 2236 365 2256 vos
384 2227 523 2263 vocavit,
540 2227 583 2266 73)
607 2233 692 2258 state
716 2234 746 2258 et
769 2227 869 2258 nolite
892 2229 1007 2259 iterum
1030 2230 1108 2269 iugo

134 2269 299 2299 servitutis
327 2269 454 2299 subiici.
500 2268 609 2302 Quare
633 2270 728 2300 etiam
751 2281 826 2301 cuin
848 2281 1019 2301 servamus
1044 2277 1108 2301 tra-

135 2311 274 2341 ditiones
303 2310 481 2348 humanaS,
515 2317 623 2341 tamen
650 2322 717 2342 non
746 2317 796 2342 est
823 2313 973 2343 addenda
998 2314 1108 2353 opinio

134 2353 354 2389 necessitatis,
377 2353 436 2382 sed
460 2354 643 2384 servandae
666 2361 741 2384 sunt
765 2355 847 2385 sicut
867 2356 987 2386 usitata
1003 2354 1109 2386 forma

137 2446 183 2477 72)
209 2446 364 2477 loquantum]
383 2446 455 2471 Editt.
475 2446 499 2468 7.
519 2446 542 2469 8.
566 2447 671 2469 11—14.
691 2449 716 2471 et
736 2448 809 2477 opo:
828 2448 972 2478 loquuntur.

137 2497 182 2527 73)
206 2496 321 2527 vocavit]
342 2496 416 2521 Effitt.
438 2497 460 2519 7.
481 2498 502 2520 8.
526 2497 630 2522 11-14.
652 2499 676 2521 et
695 2497 773 2527 opp.:
791 2498 913 2525 liberavit,
932 2498 1012 2527 (conf.
1032 2503 1111 2528 supra

203 2536 227 2561 p.
239 2531 289 2555 463
307 2532 368 2554 nota
386 2531 440 2559 68.)

303 2578 448 2598 MELANTH.
464 2580 544 2598 OPER.
560 2580 621 2596 VOL.
638 2579 695 2597 XXI.

568 117 592 147 1.
615 116 718 148 LOCl
740 116 1020 147 THEOLOGICI:
1045 117 1082 148 C.
1109 117 1318 149 SECUNDA
1340 117 1497 149 EORUM
1523 118 1678 149 AETAS.

2064 118 2126 149 466

1147 211 1296 240 vestitus.
1343 210 1413 241 Hae
1444 211 1528 240 duae
1558 209 1742 241 solutiones
1774 210 1947 250 diligenter
1975 211 2125 240 conside-

1122 246 1269 289 ={randae
1298 258 1391 287 sunt3
1426 258 1501 282 sunt
1530 253 1613 282 enim
1647 262 1687 282 ex
1715 253 1795 291 ipsis
1825 252 1970 282 fontibus
1999 252 2125 292 negotii

1146 299 1314 333 sumptae,
1350 300 1381 323 et
1413 295 1648 324 conscientiam
1676 294 1850 334 perspicue
1874 294 2012 330 docent,
2047 293 2126 332 quid

1147 336 1187 365 de
1209 336 1440 365 traditionibus
1471 336 1676 366 sentiendum
1704 336 1756 365 sit.
1802 335 1853 365 Ac
1881 335 1971 374 prior
2001 334 2125 365 solutio

1147 376 1285 407 detrahit
1309 378 1539 425 traditionibkis
1558 377 1717 407 honorem
1740 376 1988 413 iustificationis,
2013 382 2125 416 poste-

1145 419 1212 448 rior
1242 419 1429 459 opinionem
1458 420 1675 449 necessitatis.
1722 418 1814 449 Haec
1842 419 1929 448 scire
1953 419 2125 449 conscien-

1144 461 1196 490 tiis
1230 461 1381 500 prodest,
1415 468 1446 491 et
1476 468 1583 491 tamen
1613 461 1853 491 meminerimus
1882 460 2016 498 εὗταξίαν
2047 469 2125 490 8558

1145 503 1353 540 servandam,
1375 504 1408 532 in
1432 513 1496 542 qua
1520 512 1604 543 opus
1626 508 1674 531 est
1694 503 1896 539 ceremoniis,
1921 503 2018 532 certis
2037 502 2122 532 locis

1145 555 1185 575 ac
1214 546 1428 585 temporibus.
1474 544 1566 575 Hanc
1595 544 1730 581 εὔῑαξίαν
1761 545 1922 584 dissipare
1951 544 2119 574 barbaries

1145 587 1306 626 quaedam
1335 592 1384 616 est
1408 586 1517 617 aliena
1539 587 1581 616 ab
1604 585 1814 616 humanitate.
1859 585 1937 615 Dixi
1960 586 2001 615 de
2023 585 2122 615 tradi-

1145 629 1287 659 tionibus
1316 635 1348 658 et
1376 628 1442 659 hoc
1470 634 1587 668 quarto
1618 629 1721 668 gradu
1749 627 1921 658 libertatis.
1965 627 2122 657 Dicemus

1145 671 1242 700 etiam
1265 669 1361 707 infra,
1387 676 1578 701 reverenter
1601 670 1805 700 sentiendum
1830 679 1906 699 esse
1929 669 1969 699 de
1992 668 2122 698 canoni-

1145 713 1193 742 cis
1213 713 1472 743 ordinationibus
1492 718 1523 742 et
1540 717 1704 752 potestate
1720 710 1968 748 Ecclesiastica,
1988 716 2124 751 propter

1145 756 1391 785 sanctissimum
1414 755 1635 785 ministerium.

1233 796 1387 827 Ceterum
1422 797 1462 827 de
1500 797 1696 827 ceremoniis
1737 807 1757 826 a
1790 795 1921 827 Christo
1956 797 2124 835 institutis,

1146 838 1209 869 hoc
1234 844 1297 875 est,
1321 839 1362 869 de
1386 839 1602 869 sacramentis
1626 838 1793 869 sciendum
1814 845 1876 875 est,
1900 840 1987 879 quod
2009 841 2124 870 obser-

1146 881 1217 911 vari
1240 881 1393 917 debeant,
1410 883 1452 917 ⁷4)
1476 882 1552 921 quia
1574 880 1696 910 habent
1720 881 1872 911 mandata
1893 881 1967 911 Dei.
2027 883 2070 918 ⁷⁵)
2083 881 2125 912 Et

1146 930 1255 953 tamen
1282 922 1418 954 libertas
1442 922 1645 964 Evangelica
1673 923 1787 960 docet,
1816 924 1905 963 quod
1928 924 2122 954 ceremoniis

1146 975 1211 995 non
1235 964 1448 996 iustificemur
1471 966 1541 995 sine
1562 964 1636 1002 fide,
1660 965 1736 996 item
1755 966 1844 1005 quod
1863 966 2046 1007 necessitas
2070 975 2123 996 ex-

1148 1013 1241 1037 cuset
1265 1017 1346 1044 nos,
1380 1008 1408 1037 si
1431 1007 1659 1047 impediamur,
1691 1018 1756 1047 quo
1780 1008 1885 1038 minus
1909 1008 1955 1038 uti
1979 1017 2123 1039 ceremo-

1146 1049 1208 1078 niis
1231 1048 1296 1079 illis
1319 1050 1498 1089 possimus,
1522 1055 1557 1080 ut
1579 1050 1608 1078 si
1630 1050 1662 1079 in
1684 1048 1795 1089 aliquo
1819 1060 1898 1081 casu
1921 1060 1987 1080 non
2009 1056 2123 1090 posset

1147 1090 1244 1121 alicui
1271 1092 1465 1132 contingere
1485 1092 1680 1131 baptismus.
1711 1091 1742 1121 Is
1766 1093 1793 1121 si
1816 1101 1894 1122 vere
1918 1092 2068 1124 crederet
2089 1093 2123 1126 iii

1148 1132 1325 1170 Christum,
1349 1139 1455 1163 tamen
1480 1134 1551 1163 sine
1575 1134 1761 1164 ceremonia
1781 1133 1893 1164 salvus
1912 1134 2015 1171 fieret,
2038 1136 2123 1164 sicut

1146 1175 1249 1214 inquit
1272 1174 1424 1205 Christus
1449 1175 1577 1212 [Matth.
1604 1176 1654 1212 12,
1679 1175 1740 1213 S.],
1771 1175 1933 1206 Dominus
1963 1180 2013 1205 est
2035 1174 2123 1204 filius

1146 1216 1287 1247 hominis
1316 1217 1414 1247 etiam
1442 1218 1582 1247 sabbati.
1628 1217 1723 1254 Item,
1752 1217 1788 1247 In
1811 1217 1944 1248 Christo
1972 1226 2123 1247 consum-

1147 1261 1224 1289 mati
1248 1260 1338 1289 estis.
1382 1259 1454 1289 Nec
1476 1260 1580 1290 maius
1605 1265 1655 1289 est
1679 1258 1845 1290 vinculum
1869 1259 2125 1289 ceremoniarum

1147 1302 1180 1331 in
1202 1300 1397 1342 Evangelio,
1421 1312 1518 1342 quam
1540 1302 1573 1332 in
1596 1300 1670 1343 lege
1688 1301 1799 1342 Moysi
1818 1308 1898 1332 erat.
1938 1301 2047 1331 David
2070 1310 2124 1331 au-

1148 1350 1213 1373 tem
1237 1343 1280 1380 [1.
1305 1343 1394 1374 Sam.
1417 1344 1470 1381 21,
1493 1343 1514 1374 3
1537 1348 1624 1385 sqq.]
1666 1345 1771 1374 sacris
1805 1344 1944 1383 panibus
1978 1345 2010 1374 in
2045 1353 2125 1373 casu

1148 1386 1356 1415 necessitatis
1380 1395 1460 1416 usus
1485 1392 1545 1416 est.
1591 1386 1663 1416 Etsi
1687 1386 1772 1416 enim
1795 1386 1921 1417 sciebat
1945 1387 2125 1416 observan-

1148 1428 1207 1458 das
1231 1437 1308 1458 esse
1327 1429 1530 1458 ceremonias
1550 1435 1701 1469 tanquam
1723 1435 1890 1459 externam
1909 1427 2123 1467 disciplinam,

1147 1476 1256 1500 tamen
1296 1470 1423 1500 sciebat
1462 1480 1499 1501 se
1532 1475 1668 1511 propter
1702 1469 1789 1501 aliud
1822 1470 1974 1510 quiddam
2006 1470 2126 1500 iustum

1149 1521 1244 1548 esse,
1268 1517 1299 1541 et
1321 1511 1408 1543 hanc
1433 1518 1600 1543 externam
1624 1514 1889 1543 observationem
1911 1513 1944 1542 in
1967 1521 2048 1542 casu
2069 1521 2126 1541 ne·

1150 1553 1314 1584 cessitatis
1338 1555 1510 1585 admittere
1533 1554 1675 1596 aliquam
1699 1554 1987 1594 dispensationem.
2030 1552 2126 1583 Hanc

1148 1595 1271 1626 habent
1302 1597 1549 1627 excusationem
1571 1598 1614 1638 pii
1637 1598 1669 1627 in
1693 1597 1814 1627 exteris
1838 1596 2043 1632 nationibus,
2071 1595 2127 1625 ubi

1149 1648 1216 1668 non
1255 1644 1397 1678 possunt
1430 1638 1554 1669 habere
1588 1640 1643 1680 qui
1676 1640 1846 1679 porrigant
1881 1638 1928 1668 eis
1964 1638 2127 1678 integrum

1152 1680 1401 1710 Sacramentum
1417 1682 1471 1720 ⁷⁵).

1153 1773 1198 1801 74)
1221 1772 1287 1802 quod
1306 1773 1437 1798 observari
1455 1774 1584 1804 debeant]
1605 1774 1675 1799 Editt.
1688 1775 1710 1799 7.
1725 1775 1747 1798 8.
1764 1776 1870 1800 11—14.
1890 1778 1916 1800 et
1926 1776 2000 1806 opo:
2019 1781 2125 1800 necesse

1221 1807 1253 1830 sit
1271 1812 1316 1831 eas
1335 1807 1482 1837 observare,

1153 1857 1198 1886 75)
1225 1854 1288 1880 Pro
1308 1863 1401 1888 semp:
1422 1858 1449 1881 Et
1467 1860 1553 1882 tamen
1571 1858 1676 1883 libertas
1694 1872 1726 1875 —
1738 1873 1769 1876 —
1783 1872 1815 1875 —
1833 1859 1960 1889 integrum
1980 1860 2127 1884 sacramen-

1222 1893 1275 1914 tum
1303 1890 1375 1915 Editt.
1404 1891 1425 1914 Τ.
1445 1892 1467 1914 8.
1492 1892 1610 1915 11-14.
1640 1896 1664 1916 et
1688 1893 1748 1922 opp.
1769 1891 1888 1916 hubent:
1926 1894 1976 1917 Nec
2001 1896 2059 1917 sunt
2084 1899 2127 1918 ex-

1222 1924 1371 1953 aequandae
1392 1925 1540 1950 traditiones
1559 1926 1700 1952 humanae,
1728 1929 1753 1950 et
1773 1927 1933 1951 ceremoniae
1953 1927 2071 1951 divinitus
2091 1927 2128 1951 in-

1222 1958 1334 1982 stitutae.
1366 1959 1416 1982 Nec
1434 1959 1528 1983 habent
1547 1960 1662 1984 homines
1680 1962 1833 1989 potestatem
1853 1960 1992 1989 abrogandi
2011 1962 2054 1984 aut
2072 1966 2127 1985 mu-

1222 1991 1293 2016 tandi
1310 1992 1493 2016 institutionem
1513 1992 1631 2017 divinam.
1658 1994 1708 2018 Sed
1726 1994 1826 2018 interim
1849 1994 1956 2018 docendi
1973 1996 2032 2018 sunt
2051 1994 2127 2018 etiam

1222 2025 1351 2050 homines.
1376 2026 1442 2056 quod
1466 2027 1616 2051 ceremoniis
1641 2033 1691 2052 non
1713 2027 1879 2052 institit-emur
1897 2028 1951 2052 sine
1970 2027 2028 2051 fide.
2064 2028 2128 2052 Nam

1224 2065 1280 2083 rum
1306 2060 1340 2083 ait
1363 2060 1475 2084 Christus
1504 2060 1563 2090 [1011.
1582 2062 1605 2086 4,
1626 2061 1693 2091 23.];
1731 2062 1787 2086 Veri
1812 2061 1961 2086 adoratores
1986 2061 2128 2086 adorabunt

1222 2093 1306 2123 [Editt.
1328 2093 1366 2116 12.
1388 2093 1426 2115 13.
1446 2093 1599 2124 adorabant]
1624 2095 1723 2119 Patrem
1743 2096 1767 2119 in
1786 2095 1874 2125 spiritu
1893 2098 1918 2120 et
1936 2095 2057 2122 veritate.
2082 2095 2128 2119 im-

1222 2128 1311 2156 probat
1337 2127 1520 2156 Hypocriticam
1550 2129 1708 2158 opinionem.
1734 2135 1797 2159 quae
1822 2128 1893 2157 fingit
1915 2129 2030 2153 homines
2049 2129 2128 2153 iustos

1223 2167 1281 2185 esse
1307 2166 1391 2185 coram
1410 2162 1461 2186 Deo
1485 2165 1587 2191 propter
1611 2167 1729 2187 externos
1749 2163 1824 2192 ritus,
1853 2163 1907 2187 sine
1927 2163 2016 2187 timore
2035 2164 2060 2186 et
2078 2162 2128 2186 fide

1223 2202 1246 2219 m
1265 2201 1363 2219 animis.

1292 2229 1363 2252 Editt.
1388 2229 1411 2251 7.
1439 2229 1476 2252 14.
1496 2227 1749 2260 praecedentibus
1776 2228 1890 2253 addunt
1915 2228 2039 2253 haecce:
2075 2229 2129 2253 Alia

1224 2263 1340 2293 quaestio
1358 2263 1398 2287 bic
1416 2263 1528 2291 agitatur
1546 2263 1576 2287 de
1596 2270 1656 2287 casu
1676 2264 1898 2293 impossibilitatis:
1918 2265 1955 2288 An
1973 2264 2005 2288 sit
2024 2269 2128 2287 excusa-

1223 2300 1264 2321 tus
1284 2296 1319 2324 is,
1345 2297 1384 2320 cui
1406 2302 1455 2320 non
1474 2300 1557 2326 potest
1577 2298 1722 2326 contingere
1742 2298 1898 2323 ceremonia.
1921 2298 1943 2322 si
1961 2300 2049 2321 tamen
2068 2301 2128 2320 vere

1223 2330 1317 2354 credat.
1354 2331 1404 2359 Ego
1423 2336 1473 2354 non
1493 2331 1635 2360 patrocinor
1651 2331 1698 2356 his.
1717 2332 1758 2361 qui
1775 2332 1877 2355 abolent
1893 2333 1936 2355 aut
1946 2332 2045 2354 mutant
2054 2336 2129 2354 usum

1224 2367 1442 2388 sacramentorum
1467 2370 1482 2388 a
1501 2364 1598 2388 Christo
1624 2365 1780 2391 institutum,
1804 2367 1847 2389 aut
1873 2365 1914 2394 qui
1939 2364 2076 2394 approbant
2101 2369 2130 2387 ac

1226 2397 1366 2421 defendunt
1384 2398 1449 2421 tales
1468 2398 1572 2422 abusus.
1600 2398 1650 2422 Sed
1668 2399 1723 2427 pius
1743 2404 1792 2422 non
1812 2398 1948 2422 difficulter
1966 2399 2049 2427 potest
2068 2396 2130 2420 iudi—

1225 2437 1296 2455 care.
1323 2433 1364 2460 qui
1388 2437 1446 2454 vere
1472 2431 1504 2454 sit
1523 2437 1596 2455 casus
1615 2431 1838 2461 impossibilitatis.
1864 2434 1889 2456 et
1908 2431 2034 2461 quomodo
2052 2430 2130 2455 David

1224 2470 1287 2488 usus
1307 2464 1338 2487 sit
1357 2463 1546 2492 dispensatione
1571 2465 1595 2488 iu
1614 2465 1692 2489 sat-ris
1711 2465 1819 2494 panibus
1839 2466 1863 2489 in
1883 2471 1943 2489 casu
1961 2464 2129 2489 necessitatis.

1225 2498 1279 2522 Non
1305 2499 1345 2521 est
1368 2500 1454 2521 autem
1477 2498 1559 2521 maius
1577 2499 1705 2523 vinculum
1723 2499 1924 2524 ceremoniarum
1943 2498 1968 2524 ’10
1987 2498 2130 2527 Evangelio,

1226 2537 1301 2561 quam
1321 2531 1370 2555 ruit
1385 2532 1558 2556 Mosaicarum.
1724 2533 1730 2534 ⁷

1895 2584 1929 2608 30
