2358 2933
222 98 284 130 243
847 91 956 122 PfflL.
980 89 1081 121 mm..
1105 68 1290 121 semem
1312 89 1586 123 DOGMATICA.
2151 97 2215 129 244

715 187 784 216 Non
807 185 975 222 sacrificiis
998 184 1077 214 deas
1099 186 1202 221 mayis
1223 187 1310 214 certe
1331 184 1506 215 delectatur
1528 187 1608 224 aliis,

806 228 903 263 Quam
926 227 1090 256 doc-{rame
1112 226 1216 256 stadio
1237 229 1427 265 synceriqae
1448 230 1614 258 sermonis.

716 270 781 299 Hos
802 278 877 307 erqo
903 268 1028 299 Flu-iste
1049 277 1111 298 rex
1133 268 1229 299 corde
1250 271 1376 307 miscipe
1393 272 1534 308 propitio
1555 271 1689 308 hymnos

801 312 844 342 Αι-
866 315 994 341 nostras
1015 312 1131 349 spirim
1153 314 1262 341 sancto
1284 313 1387 349 irriqa
1408 316 1537 342 mentes.
1549 311 1578 349 *)

376 388 513 428 Epistola
532 392 630 416 autem
650 397 666 414 a
685 385 878 415 Melanthone
898 385 984 414 hisce
1002 385 1096 414 Locis
1115 386 1282 424 praemissa
1304 396 1361 414 non
1381 386 1408 414 in
1429 387 1567 414 omnibus
1587 385 1676 414 huius
1696 387 1805 415 aetatis
1825 386 2007 416 editionibus
2027 388 2132 417 eadem
2151 393 2210 418 est.

226 434 348 463 Primam
369 433 526 460 editionem
548 429 675 458 Henrico
695 427 786 458 Vlll..
807 427 935 466 Angliae
955 428 1026 466 regi.
1047 428 1206 457 dedicavit.
1217 429 1265 462 μ)
1296 429 1324 457 A
1343 428 1452 466 legatis
1473 429 1549 457 enim
1570 428 1718 466 Anglicis,
1739 429 1789 466 qui
1808 438 1898 456 verno
1917 432 2051 467 tempore
2070 439 2096 458 a.
2120 432 2209 460 1535.

224 476 426 511 witeborgmn
447 477 596 502 venerant.
617 476 663 501 est
683 471 730 500 vel
750 471 960 499 commoditate
979 470 1134 499 verborum
1154 480 1332 509 persuasum
1352 470 1549 504 Melanthoni,
1570 470 1617 499 vel
1637 471 1787 509 precando
1807 480 1996 508 expressum,
2017 476 2049 500 ut
2067 472 2130 510 regi
2148 472 2210 501 Bri-

225 519 339 547 tanniae
359 517 444 554 quasi
464 516 591 544 dicatum
611 513 741 552 epistola
759 514 929 552 praeposita
956 512 1060 541 librum
1085 523 1122 541 ex
1148 513 1214 541 suis
1233 522 1322 541 unum
1343 512 1483 550 peculiari
1503 512 1732 550 compellatione
1751 513 1889 542 mitteret.
1901 513 1961 550 ἐ’Ἣ
1992 512 2048 542 His
2068 514 2210 552 precibus

224 559 381 596 indulgens
401 559 462 595 regi
483 557 560 586 hunc
578 556 684 585 librum
703 556 833 595 epistola
851 556 888 584 ad
908 565 975 583 eum
995 556 1207 593 nuncupatoria
1226 555 1410 588 instructum,
1431 555 1458 583 in
1479 564 1537 592 qua
1555 556 1622 583 eius
1645 556 1772 584 virtutes
1790 555 1940 589 laudabat,
1960 565 2085 594 sperans
2098 556 2160 584 sore
2179 560 2212 585 ut

224 603 260 631 ad
287 601 521 630 reformationem
546 599 699 637 religionis
725 603 753 627 et
779 599 981 627 cessationem
1005 608 1022 626 a
1041 597 1199 636 suppliciis
1219 597 1246 625 iu
1266 597 1485 626 dissentientes
1505 607 1541 625 eo
1562 601 1811 631 commoveretur,
1842 607 1895 636 per
1913 597 2112 626 Secretarium
2132 598 2210 632 eius,

225 644 424 673 Alexandrum
445 642 592 672 Alesium.
614 642 710 675 misit,
738 645 768 669 ut
795 651 830 669 ex
854 639 983 678 epistola
1002 640 1038 668 ad
1059 650 1158 677 regem
1178 649 1282 667 mense
1302 640 1442 676 Augusto
1463 639 1531 668 data
1556 638 1660 678 (Corp.
1681 639 1749 668 Res.
1770 638 1805 668 11.
1825 650 1853 677 p.
1875 641 1960 677 920.)
1979 644 2108 678 apparet.
2144 639 2211 669 Rex

224 686 408 715 Melanthoni
429 695 485 713 non
506 684 603 712 solum
624 684 787 712 clementer
806 683 958 721 respondit
978 682 1006 710 d.
1031 685 1056 710 1.
1077 681 1145 710 Oct.
1170 683 1258 710 1535.
1279 680 1384 719 (Corp.
1406 681 1424 709 l.
1445 680 1463 709 l.
1484 691 1512 719 p.
1534 683 1592 710 947
1614 684 1687 719 sq.),
1715 682 1772 710 sed
1791 683 1878 711 etiam
1898 682 2090 711 ducentorum
2110 692 2210 711 aureo-

224 739 285 757 rum
312 738 419 756 munus
446 728 472 755 ei
497 727 587 755 misit.
634 726 828 764 Responsum
854 724 1057 753 Melanthouis
1086 727 1110 752 l.
1135 723 1294 751 Decembr.
1320 723 1347 752 h.
1373 732 1399 751 a.
1427 723 1526 751 datum
1550 727 1649 752 exstat
1673 725 1700 752 in
1729 724 1786 752 hoc
1812 722 1901 762 Corp.
1927 723 1947 752 l.
1966 723 1987 752 l.
2012 734 2039 762 p.
2062 726 2121 754 995
2141 733 2209 762 sqq.

226 770 388 808 Utramque
414 769 571 807 epistolam
597 779 655 797 una
682 778 747 796 cum
772 767 823 796 illa
849 767 1076 804 nuncupatoria,
1103 775 1180 803 quae
1207 765 1276 793 huic
1302 765 1377 793 libro
1405 765 1570 802 praemissa
1589 768 1647 799 est,
1668 766 1838 794 Strobelius
1858 767 1886 794 in
1905 766 1925 794 l.
1951 765 2084 794 Vei-sach
2103 769 2160 794 etc.
2180 775 2210 804 p.

226 816 259 842 61
275 831 311 834 -—
324 815 371 841 73.
396 814 432 840 75
444 813 538 840 -ῖῗ,
559 811 744 839 recudendas
765 810 885 838 curavit.
909 827 945 831 —
967 809 1049 837 Haec
1068 807 1200 845 epistola
1218 807 1430 845 nuncupatoria
1448 807 1484 835 ad
1504 806 1665 836 Henricum
1683 806 1764 836 VIII.
1785 809 1899 846 integra
1916 818 1954 836 ex
1964 808 2022 837 Ed.
2039 811 2066 837 1.
2086 809 2213 847 repetita

225 860 271 883 est
296 856 323 883 in
344 853 434 882 Editt.
457 855 521 881 2-—
534 856 596 882 10.:
622 854 734 890 integra
753 861 874 890 quoque
893 861 1000 879 recusa
1019 853 1067 878 est
1087 851 1114 878 in
1134 849 1223 878 huius
1243 848 1333 887 Corp.
1355 848 1420 877 Vol.
1441 847 1475 877 ll.
1495 859 1524 886 p.
1546 851 1601 878 921
1625 859 1694 887 sqq.
1736 849 1767 878 ln
1785 850 1880 879 Editt.
1904 853 1951 878 11.
1976 851 2023 879 1-2.
2043 860 2114 879 vero
2134 853 2165 878 et
2183 850 2212 878 in

225 897 302 936 Opp.
323 895 466 924 Melantli.
487 894 581 923 Basil.
608 895 642 923 T.
665 894 698 922 ll.
719 904 747 932 p.
770 896 824 922 441
849 903 916 931 sqq.
944 893 1022 931 prior
1040 896 1152 920 tantum
1171 892 1237 920 eius
1256 901 1339 929 pars,
1364 891 1392 918 in
1412 901 1471 928 qua
1488 891 1526 919 de
1546 892 1730 920 necessitate
1750 896 1780 920 et
1798 892 1925 921 utilitate
1949 892 2081 921 methodi
2106 892 2211 930 agitur,

225 949 332 968 recusa
352 944 398 967 est
418 938 575 975 inscripta:
602 936 653 965 Ad
673 936 828 968 lectorem.
848 935 997 974 posterior
1015 938 1113 963 autem
1133 944 1220 972 pars,
1246 943 1322 971 quae
1341 937 1476 961 versatur
1495 933 1522 961 in
1542 932 1690 961 laudando
1710 933 1839 961 Henrico
1859 943 1945 971 rege,
1973 938 2104 968 resecta,
2132 933 2213 972 quod

224 992 284 1011 rex.
305 991 340 1009 se
359 981 414 1008 hac
433 980 521 1008 laude
541 980 691 1017 indignum
712 988 793 1012 csse,
813 982 920 1016 postea
947 977 1246 1014 demonstraverat-i).
1294 973 1366 1003 Inde
1397 975 1505 1003 sactum
1538 979 1596 1009 est,
1627 979 1659 1004 ut
1677 974 1832 1004 Peucerus
1852 976 1879 1004 in
1899 975 2103 1006 Melanthonis
2123 977 2211 1014 epist.

224 1024 350 1052 selectis
369 1033 395 1061 p.
419 1025 473 1050 154
496 1032 564 1060 sqq.
585 1026 615 1050 et
634 1022 661 1049 in
681 1020 779 1060 Epist.
800 1020 871 1049 Mel.
892 1020 966 1048 libro
987 1018 1007 1047 l.
1028 1029 1056 1057 p.
1079 1021 1138 1047 340
1159 1028 1228 1056 sqq.
1248 1018 1373 1056 priorem
1398 1021 1510 1046 tanturn
1530 1017 1678 1056 epistolae
1702 1022 1830 1056 partem,
1856 1019 2043 1056 inscriptam:
2067 1017 2214 1056 Epistola

225 1066 264 1095 de
290 1066 425 1094 editione
452 1064 602 1092 Lot-oram
626 1063 715 1092 tlwol.
743 1067 772 1091 et
797 1063 836 1091 de
862 1063 1042 1091 necessitate
1066 1064 1094 1089 et
1120 1060 1254 1089 utilitate
1272 1059 1421 1088 Methodi.
1442 1060 1538 1093 daret,
1565 1061 1761 1098 posteriorem
1781 1070 1850 1088 vero
1869 1064 1981 1098 partem
2001 1070 2017 1088 a
2036 1061 2136 1089 verbis
2171 1059 2214 1089 Ut

227 1112 323 1137 autem
349 1107 399 1135 hie
423 1107 652 1135 ronmwnrarius
678 1106 870 1144 auspicatius
888 1106 987 1133 exiret
1006 1104 1212 1142 incipientem,
1241 1103 1327 1140 quasi
1348 1102 1528 1140 singularem
1548 1102 1718 1140 epistolam,
1739 1103 1841 1131 ederet
1861 1102 2002 1131 Pezelius
2022 1103 2051 1131 in
2070 1103 2145 1132 libro
2165 1101 2212 1131 Ill.

227 1152 314 1189 epist.
334 1149 407 1179 Mel.
427 1160 456 1188 p.
480 1152 510 1177 11
536 1159 604 1186 sqq.
636 1167 675 1170 ——
706 1147 736 1176 ln
756 1147 814 1177 Ed.
838 1150 885 1176 13.
913 1147 1000 1175 etiam
1026 1147 1104 1184 prior
1128 1145 1209 1173 illius
1234 1143 1382 1183 epistolae
1401 1154 1470 1182 pars
1491 1145 1619 1177 omissa,
1647 1146 1776 1182 eiusque
1795 1144 1862 1173 loco
1881 1145 1969 1183 plane
1989 1154 2065 1173 nova
2083 1144 2214 1183 epistola

228 1193 278 1222 Ad
294 1194 366 1231 pios
385 1196 412 1220 et
432 1191 587 1220 studiosas
611 1190 813 1219 srlaolasticos
830 1189 905 1218 libro
925 1193 972 1217 est
991 1188 1130 1227 praelixa.
1158 1206 1197 1209 —
1224 1186 1364 1224 Denique
1384 1187 1411 1214 in
1431 1186 1488 1215 Ed.
1512 1189 1559 1215 14.
1580 1187 1631 1215 illa
1650 1187 1779 1225 epistola
1798 1187 1835 1215 ad
1854 1186 2015 1216 Henricum
2035 1185 2116 1215 VIII.
2137 1187 2208 1216 inte-

227 1246 278 1274 gra
296 1240 325 1263 et
344 1235 418 1263 haec
437 1243 512 1262 nova
530 1233 682 1262 Editionis
705 1236 753 1261 13.
772 1232 917 1270 deinceps
937 1231 1122 1259 exhibentur.

314 1377 338 1408 ⁶)
363 1378 389 1402 In
407 1377 526 1402 Editionis
544 1378 567 1401 5.
587 1376 712 1407 exemplo,
731 1375 797 1406 quod
815 1375 840 1399 in
858 1374 974 1399 manibus
993 1374 1083 1403 liabeo,
1102 1373 1137 1398 ilii
1155 1372 1336 1402 epigrammati
1353 1377 1390 1402 gr.
1410 1378 1425 1396 a
1438 1373 1525 1396 vetere
1545 1378 1622 1397 manu
1641 1371 1769 1402 adscripta
1788 1374 1827 1397 est
1845 1372 1909 1397 haec
1926 1372 2008 1397 versio
2027 1372 2086 1398 lat.:

787 1441 854 1467 Non
873 1440 1038 1472 sacrificiis
1055 1439 1137 1465 Deus
1150 1438 1220 1471 plus
1238 1437 1403 1463 delectatur
1421 1437 1491 1463 aliis

860 1474 955 1505 Quam
977 1473 1133 1498 doctrinae
1152 1479 1226 1497 cura
1246 1473 1414 1504 sincerique
1438 1471 1529 1496 verbi.

789 1508 851 1534 Hos
869 1510 961 1548 iyitur
980 1507 1096 1532 Christe
1115 1514 1170 1531 reat
1189 1505 1278 1531 corde
1296 1507 1413 1538 suscipe
1428 1507 1563 1538 propitio
1583 1504 1707 1538 hymnos

857 1543 986 1568 nostrus
1004 1544 1103 1566 autem
1122 1543 1226 1565 sancto
1245 1541 1354 1573 spir-itu
1373 1540 1439 1574 riqa
1459 1542 1579 1564 mentes.

381 1613 406 1637 ln
426 1612 544 1637 Editionis
565 1613 587 1636 7.
608 1614 693 1637 autem
712 1611 851 1641 exemplari
869 1616 926 1635 meo
945 1610 1078 1635 subiuncta
1097 1610 1137 1633 est
1154 1609 1256 1638 haecce,
1275 1613 1350 1638 quam
1370 1607 1446 1632 etiam
1467 1607 1608 1632 Strobelius
1632 1607 1658 1632 in
1685 1613 1732 1632 suo
1750 1608 1867 1638 exemplo
1886 1606 2005 1633 Editionis
2027 1608 2048 1632 1.
2067 1607 2130 1638 legit
2147 1607 2217 1638 (vide

384 1647 400 1670 l·
421 1646 436 1670 ¹·
454 1653 475 1676 p·
495 1647 566 1675 mm*
787 1677 854 1702 Non
873 1675 1038 1708 sacrificiis
1056 1674 1219 1700 aliisDeus
1236 1675 1335 1708 mayis
1353 1672 1530 1702 delectatur,

859 1710 955 1741 Quam
975 1709 1131 1734 doctrinae
1151 1708 1344 1733 meditatione
1363 1708 1532 1739 sincerique
1550 1706 1641 1732 verbi.

788 1743 854 1769 Hoc
873 1745 883 1768 i
904 1745 964 1768 itur
983 1742 1099 1767 Christe
1118 1742 1182 1767 Rex
1202 1741 1291 1766 corde
1309 1742 1425 1773 suscipe
1440 1742 1575 1773 propitio
1595 1740 1720 1774 hymnos

886 1780 1039 1809 ostra-sque
1057 1779 1162 1801 sancto
1181 1777 1291 1808 spiritu
1309 1776 1407 1809 irriya
1425 1777 1545 1799 mentes.

315 1830 352 1859 '·)
377 1831 446 1855 Hanc
476 1830 659 1887 dedgcationem
687 1835 710 1887 a?
728 1829 1028 1886 plurib¹¹{·i¹1¹,³pr⁰b1³t³n¹
1048 1827 1291 1885 esse,uintelligitur
1309 1832 1339 1850 ex
1358 1825 1524 1883 Melantplonis
1544 1825 1576 1850 ad
1596 1826 1769 1865 Qamerarium
1789 1824 1895 1883 epistol?
1915 1825 1953 1849 24.
1971 1825 2045 1883 Decri}
2066 1825 2138 1863 1535.
2159 1825 2219 1864 data

380 1863 1132 1927 wil}...fif·.‚‡3„²...⁵‘¹1·1im¹2.¹...³{chfflssi‘ssgfuffi
1141 1862 1614 1931 stiffi-0⁵33..³⁰¹ifg¹¹5¹¹xvgr32¹ffiaflffl
1632 1862 1800 1918 Ξὲῗέἰὶὲἓῗὲῗῖ.
1819 1858 2219 1918 [ι’ὲιξέἓυωωζιῖἓὲἰοέἒῗὲἒ.

381 1932 472 1960 animo,
499 1937 546 1955 nec
573 1936 620 1960 ego
648 1931 781 1961 quicquam
801 1930 968 1955 immoderate
989 1930 1037 1954 feci
1055 1931 1098 1954 aut
1117 1929 1214 1959 scripsi,
1241 1934 1287 1953 cur
1305 1928 1445 1952 desiderari
1464 1933 1549 1951 meum
1569 1927 1681 1952 officium
1700 1928 1788 1957 possit.
1807 1933 1854 1951 nec
1872 1927 1948 1951 velim
1968 1927 2050 1951 sciens
2069 1928 2143 1952 autor
2160 1932 2219 1951 esse

380 1965 710 2029 {gzrzdzsskrtggtucrgmilissqd
739 1969 820 1993 genus
848 1964 1019 1995 suspicionum
1046 1963 1171 1993 nascitur,
1199 1963 1226 1987 ut
1250 1967 1299 1991 ego
1318 1961 1419 1992 quidem
1439 1961 1586 1991 ratiocin0r‚
1614 1961 1681 1991 apud
1700 1961 1813 1986 indoctos
1833 1962 1858 1985 et
1876 1961 1989 1985 inimicos
2007 1960 2099 1986 litteris
2117 1960 2220 1991 nostris.

299 2049 349 2078 ⁸⁰)
375 2050 512 2075 Camerarli
531 2051 582 2074 vita
600 2050 717 2074 Melanth.
738 2049 777 2073 ed.
796 2048 902 2073 Strobel·
921 2054 944 2078 p.
966 2049 1020 2073 156.
1056 2047 1126 2072 Conf.
1145 2045 1317 2071 Seckendorfii
1333 2030 1395 2070 l-list.
1414 2044 1599 2070 Lutheranismi
1617 2045 1670 2070 Lib.
1690 2045 1727 2070 111.
1747 2051 1769 2075 p.
1791 2046 1846 2076 111,
1865 2045 1908 2069 Ed.
1927 2046 1951 2069 2.

315 2110 343 2140 τ’)
366 2110 509 2135 Melanthon
537 2109 567 2133 ad
588 2109 719 2138 Stigelium
750 2109 787 2133 17.
807 2109 868 2137 Aug.
898 2108 969 2132 1540.
997 2107 1084 2137 (corp.
1104 2105 1162 2130 Res.
1181 2105 1218 2130 ΠΙ.
1237 2111 1261 2135 p.
1282 2105 1367 2133 1071.)
1387 2103 1486 2128 scribit:
1506 2104 1665 2134 ..MeministL
1684 2105 1719 2129 mi
1737 2104 1834 2134 Stigeli,
1851 2104 1912 2129 illud
1932 2104 2062 2135 Theocriti,
2079 2104 2164 2129 Musas
2191 2109 2221 2128 ac

381 2148 452 2168 vates
471 2144 554 2167 solere
574 2139 670 2174 ὑμνεῖν
689 2138 803 2172 ἀγαθῶν
821 2140 883 2164 κλέα
902 2138 1018 2173 ἀνδρῶν.
1049 2140 1199 2166 Desinamus
1219 2139 1294 2168 igitur
1312 2138 1442 2162 celebrare
1460 2138 1578 2163 laudibus
1597 2136 1754 2171 Anqlicam
1767 2137 1923 2163 Neronem.
1943 2136 2040 2167 Nescio,
2058 2143 2091 2162 an
2109 2137 2220 2162 audieris

382 2177 412 2202 de
443 2177 600 2202 crudelitate.
627 2182 702 2207 quam
730 2178 831 2200 exercet
849 2176 874 2200 in
894 2176 1021 2204 Reginam.
1057 2176 1090 2199 De
1110 2180 1140 2198 eo
1158 2173 1259 2202 negotio
1279 2173 1299 2197 si
1320 2172 1378 2202 quid
1398 2171 1486 2198 scires.
1506 2172 1581 2196 facile
1601 2178 1690 2202 posses
1717 2173 1876 2198 existimare.
1896 2178 1944 2203 quo
1963 2172 2047 2197 animo
2064 2172 2146 2196 nostri
2163 2171 2219 2196 illos

380 2211 548 2239 Panegyricos
568 2211 656 2235 lecturi
675 2212 770 2235 essent.
808 2210 857 2238 Ego
876 2209 1067 2234 Praefationem
1086 2209 1111 2232 in
1128 2206 1226 2232 Locos
1246 2212 1416 2231 communes
1433 2206 1545 2232 mutabo.
1564 2208 1590 2230 et
1608 2207 1763 2231 Palinodiam
1782 2207 1895 2235 laudum,
1914 2207 1962 2231 etsi
1980 2207 2038 2231 sunt
2056 2206 2089 2231 ibi
2107 2211 2157 2230 non
2175 2205 2220 2230 ad-

382 2245 485 2269 modum
513 2245 606 2273 largae,
634 2245 753 2269 addam.·‘
789 2243 858 2268 Cons.
878 2244 954 2268 etiam
973 2244 1027 2268 eius
1047 2243 1120 2272 epist.
1139 2241 1172 2266 ad
1190 2241 1271 2266 Vitum
1291 2239 1448 2265 Theodorum
1477 2240 1517 2264 24.
1536 2241 1596 2268 Aug.
1616 2241 1689 2266 1540.
1710 2241 1769 2266 data
1787 2240 1872 2271 (Corp.
1891 2241 1906 2265 l.
1925 2241 1941 2265 1.
1960 2246 1982 2270 p.
2002 2240 2068 2265 1075
2086 2240 2147 2271 sq.).
2182 2238 2219 2264 Ad

382 2279 429 2302 hoc
447 2279 523 2302 etiam
543 2281 657 2309 spectant
676 2278 773 2307 siigelii
791 2284 889 2307 versus,
908 2278 949 2308 qui
967 2278 992 2302 in
1011 2277 1065 2301 eius
1084 2277 1230 2306 poematum
1249 2276 1316 2300 Tom.
1335 2274 1352 2299 1.
1372 2280 1394 2304 p.
1413 2274 1469 2298 255.
1488 2274 1621 2303 leguntur:

789 2343 868 2370 Dum
890 2343 1058 2368 laudandus
1077 2345 1151 2371 erat,
1172 2341 1279 2376 Heqem.
1298 2339 1486 2365 laudavimus
1505 2341 1545 2365 :ln
1568 2340 1638 2365 lam.

859 2376 894 2403 Si
913 2381 1013 2402 tamen
1032 2376 1107 2402 haec
1126 2379 1241 2401 tantum
1261 2375 1362 2399 littera
1383 2374 1481 2399 laudis
1500 2373 1537 2399 Ιια
1561 2378 1596 2399 et.

790 2411 845 2438 Sic
863 2411 908 2436 illi
926 2411 1005 2436 volui
1024 2410 1137 2436 Christi
1154 2411 1308 2435 insinuare
1326 2409 1474 2433 timorem.

859 2445 916 2470 nez·
934 2445 1016 2475 mihi.
1037 2453 1127 2477 quam
1147 2445 1263 2469 varium
1283 2445 1325 2467 est
1344 2441 1461 2476 reyibus
1480 2443 1638 2476 inyeaium.

791 2479 826 2505 St
844 2479 1011 2504 laudandus
1029 2480 1095 2508 erit,
1115 2485 1234 2503 rursum
1253 2475 1442 2501 laudabimus
1460 2476 1594 2511 Anylum,

859 2513 976 2538 Interea
997 2519 1089 2538 curae
1108 2519 1200 2537 causa
1219 2513 1258 2536 sit
1277 2512 1335 2535 ista
1355 2510 1427 2535 Dea.
