2358 2933
83 111 147 145 645

83 205 174 236 loan.
198 203 229 235 8.
255 206 318 240 [vs.
339 201 408 238 44.]
433 200 574 235 Quando
597 201 804 231 mendacium
821 199 968 241 loquitur
985 198 1064 230 Dia·
1085 214 1088 228 1

83 246 195 283 bolus,
219 255 260 276 ex
282 244 425 286 propriis
448 242 605 284 loquitur,
631 244 708 284 quia
728 243 869 274 mendax
888 247 938 272 est
958 248 990 272 et
1007 252 1064 282 pa-

84 295 135 321 ter
157 287 328 320 mendacii.
374 285 484 323 Pater,
507 286 540 316 id
563 293 625 323 est,
643 287 767 325 primus
790 284 865 315 fons
889 290 921 315 et
944 293 1065 314 caussa
1086 290 1089 324 Ι

84 331 256 364 mendacii.
300 329 470 359 Discernit
498 334 607 359 autem
631 328 784 359 Christus
812 327 1018 357 mendacium
1044 336 1065 357 a
1086 326 1089 360 1

85 373 282 410 substantia,
306 371 402 412 quasi
422 371 527 401 dicat:
561 371 788 402 Substantiam
812 370 942 410 quidem
966 368 1064 399 habet

83 414 247 447 Diabolus
271 413 404 445 aliunde
426 420 607 454 acceptam.
652 413 736 443 Nam
767 421 880 442 omnes
899 410 1023 453 Angeli
1047 421 1066 441 a

83 458 156 489 Deo
191 458 292 488 creati
316 462 409 493 sunt,
443 466 582 497 quorum
605 455 705 495 aliqui
728 461 846 494 postea
868 453 953 494 lapsi
976 460 1064 484 sunt.

83 500 191 532 Habet
223 505 333 531 autem
367 499 537 539 proprium
572 498 728 539 quiddam
752 495 933 534 Diabolus,
957 506 1023 526 non
1047 506 1066 526 a

83 543 158 574 Deo
182 548 365 583 acceptum,
384 540 539 572 videlicet
561 540 777 577 mendacium,
799 540 833 570 id
857 545 924 576 est,
948 548 1066 578 pecca-

83 591 163 623 tum,
193 586 282 625 quod
304 583 411 614 libera
434 582 588 615 voluntas
611 581 744 613 Diaboli
768 583 905 623 peperit.
950 582 1066 623 Neque

83 627 167 658 haec
190 628 274 658 inter
299 636 337 656 se
364 632 531 667 pugnant,
554 631 590 656 ut
612 630 728 665 postea
750 624 885 666 longius
909 625 1066 661 dicemus,

84 670 302 701 substantiam
325 678 345 698 a
366 668 440 698 Deo
465 668 630 698 conditam
655 677 731 698 esse
754 674 783 697 et
808 667 1005 704 sustentari,
1035 672 1065 697 et

85 718 193 742 tamen
229 709 431 742 voluntatem
453 709 590 741 Diaboli
624 716 655 741 et
689 709 893 741 voluntatem
922 708 1064 740 hominis

84 763 222 785 caussas
246 762 321 784 esse
342 753 488 793 peccati,
522 754 598 794 quia
622 752 777 784 voluntas
799 753 889 784 abuti
912 751 1065 783 libertate

83 806 144 828 sua
165 796 272 837 potuit
295 805 399 836 seque
421 806 441 826 a
464 795 538 826 Deo
562 802 722 826 avertere.

169 837 270 869 Zach.
293 838 324 869 8.
349 841 412 875 [vs.
438 838 502 877 17.]
547 837 671 869 Malum
693 848 735 868 ne
760 838 912 879 cogitetis
935 838 967 867 in
991 847 1064 867 cor-

83 881 178 912 dibus
201 881 344 917 vestris,
379 886 411 911 et
435 881 652 911 iuramentum
675 881 815 911 mendax
837 890 879 910 ne
902 879 1063 921 diligatis;

83 924 201 954 Omnia
235 924 319 954 enim
354 922 439 953 haec
462 929 550 960 sunt,
580 933 665 964 quae
688 923 758 960 odi,
789 923 865 954 dicit
887 922 1062 953 Dominus.

83 964 167 997 Cum
190 966 291 1007 igitur
313 975 380 995 non
403 966 446 996 sit
468 964 657 996 simulatum
680 966 790 996 odium
808 966 935 1006 peccati
954 966 987 996 in
1006 974 1062 995 vo·

81 1006 206 1039 luntate
241 1008 369 1044 divina,
402 1018 609 1048 nequaquam
642 1009 850 1039 sentiendum
879 1014 930 1039 est
954 1007 1063 1038 Deum

80 1049 169 1081 velle
190 1055 370 1090 peccatum.

169 1093 197 1122 1.
222 1093 312 1124 loan.
336 1093 367 1122 2.
391 1095 455 1130 [vs.
470 1092 534 1131 16.]
560 1091 839 1133 Concupiscentia
863 1093 972 1123 carnis
996 1103 1063 1124 non

81 1141 132 1166 est
154 1145 195 1166 ex
218 1135 329 1173 Patre,
353 1136 413 1165 sed
437 1145 477 1166 ex
500 1136 622 1166 mundo
647 1141 708 1166 est.

168 1178 197 1208 1.
222 1177 311 1208 Ioan.
335 1177 366 1208 3.
391 1177 510 1217 [vs.8.]
535 1177 596 1212 Qui
621 1177 699 1209 facit
718 1183 904 1218 peccatum,
924 1187 965 1208 ex
983 1177 1062 1208 Dia-

81 1219 159 1251 bolo
190 1226 256 1256 est;
290 1221 366 1261 quia
395 1221 436 1251 ab
465 1221 555 1251 initio
578 1220 741 1251 Diabolus
770 1227 905 1261 peccat,
939 1221 972 1251 id
1001 1226 1062 1257 est,

80 1264 204 1303 primus
228 1270 344 1294 auctor
367 1264 496 1302 peccati
521 1269 572 1293 est
596 1263 771 1294 Diabolus.

165 1305 262 1335 Rom.
284 1305 315 1335 5.
341 1308 405 1343 [vs.
432 1306 495 1344 12]
520 1305 584 1336 Per
607 1305 771 1336 hominem
790 1306 922 1336 intravit
943 1315 1060 1346 pecca·
1082 1327 1084 1343 ,

78 1354 147 1378 tum
169 1349 203 1378 in
225 1348 393 1386 mundum,
415 1348 448 1379 id
472 1354 534 1385 est,
556 1354 731 1389 peccatum
753 1359 819 1380 non
839 1354 890 1380 est
909 1358 963 1379 res
983 1359 1061 1379 con-

79 1391 146 1421 dita
170 1390 288 1428 aDeo,
312 1391 373 1421 sed
396 1390 493 1421 homo
519 1401 580 1422 sua
602 1390 755 1422 libertate
777 1402 814 1422 se
837 1391 942 1422 aDeo
966 1401 1060 1421 aver—

78 1434 126 1470 tit,
150 1439 182 1464 et
206 1434 353 1464 excussit
376 1435 463 1465 dona
485 1433 561 1471 Dei,
581 1441 611 1464 et
634 1433 723 1465 illam
746 1445 840 1465 suam
864 1434 1060 1465 destructio-

78 1485 153 1506 nem
174 1477 371 1516 propagavit
393 1477 425 1506 in
448 1477 688 1516 posteritatem.

164 1518 236 1550 Nec
260 1518 387 1559 figurae
405 1517 482 1549 illae
500 1520 680 1550 verborum
699 1520 732 1550 in
751 1529 904 1550 sermone
922 1519 1060 1550 Hebrai-

79 1571 118 1592 co
153 1567 301 1602 pugnant
336 1572 409 1592 cum
444 1562 622 1599 sententia,
657 1573 755 1603 quam
778 1563 858 1592 dixi:
894 1562 1057 1593 Indurabo

78 1614 137 1635 cor
159 1603 362 1642 Pharaonis,
388 1610 419 1635 θῖ
452 1603 587 1635 similes.
634 1603 767 1635 Certum
801 1611 852 1636 est
887 1606 971 1636 enim
995 1605 1058 1635 He-

77 1647 192 1678 braica
224 1646 337 1687 phrasi
371 1647 560 1689 significare
594 1657 652 1678 eas
686 1648 956 1688 permissionem,
990 1655 1079 1687 non]

76 1688 279 1721 voluntatem
307 1688 489 1727 efficacem,
513 1696 564 1721 ut:
601 1690 651 1720 Ne
679 1700 741 1721 nos
770 1691 908 1722 inducas
932 1691 965 1721 in
988 1696 1056 1721 ten-

76 1732 242 1770 tationem,
268 1733 299 1763 id
323 1739 386 1770 est,
409 1743 451 1764 ne
474 1734 565 1763 sinas
588 1743 650 1763 nos
674 1734 794 1771 induci,
814 1743 875 1764 seu
884 1736 927 1765 9⁹)
952 1744 993 1764 ne
1013 1734 1055 1764 si-

76 1784 136 1805 nas
158 1785 221 1805 nos
245 1774 312 1806 labi
336 1782 366 1806 ct
389 1785 503 1813 ruere,
526 1787 600 1806 cum
624 1782 794 1806 tentamur.

160 1817 337 1849 Praeterea
371 1824 404 1849 et
436 1818 501 1849 hoc
534 1819 658 1849 moneri
688 1820 858 1850 studiosos
885 1818 965 1850 utile
993 1825 1054 1857 est,

75 1860 153 1901 quid
174 1861 308 1901 proprie
330 1861 372 1891 sit
394 1867 577 1902 peccatum,
601 1868 634 1892 ut
653 1862 885 1893 discernantur
902 1872 957 1892 res
977 1872 1054 1893 con·
1076 1861 1077 1899 }

74 1903 162 1934 ditae
175 1902 276 1934 aDeo
286 1910 317 1934 et
325 1911 510 1944 peccatum,
520 1905 608 1946 quod
618 1911 667 1935 est
682 1906 889 1936 conturbatio
903 1915 964 1935 seu
978 1915 1054 1936 con-

73 1944 160 1977 fusio
185 1947 309 1977 ordinis
333 1947 443 1978 divini.
484 1948 562 1978 Ideo
585 1954 674 1978 recte
698 1948 831 1978 dicitur:
876 1948 1054 1979 Peccatum
1076 1975 1077 1990 ἢ

74 1993 124 2019 est
142 1989 201 2029 10⁰)
222 1987 372 2020 defectus
385 2000 446 2021 seu
463 1991 622 2031 privatiO,
633 1995 669 2021 ut
681 1989 853 2021 Dialectici
864 1990 1053 2032 loquuntur.
1076 1995 1077 2011 ¹

158 2030 212 2061 De
235 2031 393 2073 Originali
413 2032 520 2063 facilis
543 2040 593 2064 est
617 2032 805 2065 declaratio.
837 2033 872 2064 ld
895 2035 980 2064 enim
1003 2040 1053 2064 est

550 108 574 138 Ι.
598 106 701 139 LOCI
723 105 1005 138 THEOLOGICI:
1027 105 1071 136 D.
1094 105 1255 136 TERTIA
1277 103 1434 135 EORUM
1457 102 1614 135 AETAS.

2029 103 2094 135 646

1110 199 1291 230 destructio
1314 198 1478 229 humanae
1500 203 1649 228 naturae.
1695 196 1769 227 Non
1802 203 1853 227 est
1875 197 1975 237 igitur
1999 207 2094 227 caus-

1086 232 1089 284 1
1109 251 1148 271 sa
1170 242 1300 281 peccati
1323 240 1438 278 Deus,
1475 241 1528 281 qui
1553 241 1615 270 etsi
1637 240 1728 270 iuvat
1761 245 1793 270 et
1817 245 1995 269 conservat
2019 250 2094 279 pro-

1108 284 1321 325 pagationem
1350 283 1577 319 substantiae,
1607 288 1716 312 tamen
1744 288 1856 313 servat
1884 281 1983 312 talem
2006 293 2094 313 mas-

1110 336 1192 362 sam,
1218 325 1327 367 qualis
1351 335 1440 356 nunc
1463 332 1533 362 est,
1556 331 1591 356 ut
1615 325 1643 354 si
1666 323 1762 355 faber
1784 324 1939 365 poculum
1963 335 2030 355 non
2054 335 2094 355 ex

1110 378 1209 405 auro,
1245 368 1306 399 sed
1340 378 1381 398 ex
1414 366 1549 408 plumbo
1580 366 1697 404 faciat,
1732 378 1771 398 ac
1794 368 1856 408 ipsi
1881 367 2095 398 destructioni

1109 420 1188 441 vere
1213 416 1244 442 et
1267 409 1468 441 horribiliter
1490 409 1584 440 Deus
1607 410 1777 445 irascitur;
1821 410 1909 440 misit
1935 411 2020 440 enim
2044 410 2095 441 Fi-

1109 452 1187 483 lium
1210 454 1253 484 ad
1276 453 1364 483 hanc
1385 454 1467 483 iram
1485 450 1682 492 placandam
1707 458 1737 482 et
1761 453 1803 482 ad
1823 453 2005 483 sanandam
2023 452 2094 483 vul-

1109 506 1172 526 nus
1206 502 1355 526 naturae.
1411 493 1554 536 Intelligi
1587 495 1687 535 igitur
1720 501 1848 535 potest,
1891 495 1999 525 Deum
2033 505 2094 526 nec

1110 548 1264 568 caussam
1299 547 1376 568 esse
1410 538 1478 568 vitii
1511 538 1682 567 nobiscum
1706 539 1892 575 nascentis,
1923 548 1984 568 nec
2008 538 2094 569 velle

1109 581 1141 611 id
1164 579 1298 616 malunt,
1321 590 1384 610 nec
1403 580 1599 619 approbare.
1642 579 1703 610 Hie
1728 586 1836 610 autem
1861 580 2025 611 cavillatio
2049 582 2094 612 di-

1109 622 1234 653 luatur:
1260 621 1343 653 Cum
1367 620 1516 652 defectus
1540 621 1618 652 nihil
1643 623 1700 659 sit,
1730 622 1762 651 id
1787 630 1852 659 est,
1884 633 1949 653 11011
1974 625 2016 654 sit
2039 634 2093 655 res

1109 666 1265 706 positiva,
1289 675 1348 695 cur
1371 665 1524 695 irascitur
1548 665 1640 695 Deus
1665 663 1788 695 nihilo?
1811 664 2094 706 Respondendum

1110 714 1176 739 est:
1210 707 1370 749 Magnum
1404 708 1579 738 discrimen
1614 714 1665 738 est
1689 709 1774 738 inter
1795 707 1875 738 nihil
1897 709 2093 748 privativum

1110 757 1141 781 et
1164 749 1244 780 nihil
1266 751 1466 790 negativum.
1501 750 1586 785 Quia
1609 749 1690 781 nihil
1708 751 1870 791 privative
1892 750 2093 783 intellectum

1109 794 1243 834 requirit
1278 794 1463 824 subiectum
1493 800 1524 823 et
1550 799 1600 824 est
1625 795 1657 824 in
1679 791 1735 823 illo
1761 794 1910 824 subiecto
1932 795 2092 835 quaedam

1108 836 1302 872 destructio.
1324 842 1461 876 propter
1484 846 1581 877 quam
1605 837 1788 867 subiectum
1800 837 1957 875 reiicitur.
1982 844 2016 868 ut
2030 838 2093 869 rui-

1107 888 1170 909 nae
1192 877 1331 910 aedificii
1354 885 1431 909 sunt
1454 879 1633 909 destructio
1656 880 1689 909 in
1711 877 1767 909 illa
1788 878 1875 910 mole
1895 890 1955 910 seu
1977 886 2090 921 partes

1108 921 1303 961 dissipatae3
1338 921 1385 952 lta
1408 921 1520 952 vitium
1544 922 1681 963 originis
1713 929 1762 952 est
1786 923 1933 962 ipsarum
1951 924 2092 963 partium

1106 964 1249 994 hominis
1275 964 1457 1004 inquinatio
1486 970 1516 994 et
1539 963 1708 1001 confusio,
1732 975 1829 1005 quam
1851 964 1945 996 Deus
1969 966 2036 997 odit
2059 973 2091 997 et

1107 1012 1242 1048 propter
1260 1017 1357 1047 quam
1381 1007 1532 1037 subiecto
1557 1008 1722 1038 irascitur.
1757 1007 1792 1037 In
1813 1009 1928 1038 morbo
1949 1008 2029 1039 nihil
2050 1011 2092 1040 si-

1108 1049 1241 1090 gnificat
1264 1050 1499 1089 privationem,
1523 1051 1598 1091 quia
1625 1056 1734 1080 manet
1758 1051 1957 1089 subiectum,
1984 1059 2014 1082 et
2040 1058 2092 1082 est

1106 1093 1138 1122 in
1173 1092 1323 1122 subiecto
1358 1091 1509 1123 confusio
1543 1091 1662 1134 aliqua.
1709 1093 1751 1123 At
1782 1103 1886 1134 equus
1910 1093 2089 1125 Alexandri

1105 1135 1170 1165 iam
1195 1133 1274 1164 nihil
1298 1140 1349 1164 est
1372 1135 1536 1175 negative.

1192 1176 1285 1207 Haec
1318 1177 1494 1208 mediocris
1530 1177 1705 1218 explicatio
1746 1177 1906 1215 sufficiat,
1942 1190 2026 1221 quae
2060 1187 2090 1211 et

1105 1229 1186 1251 vera
1211 1225 1274 1257 est,
1298 1226 1329 1250 et
1353 1230 1453 1260 saepe
1477 1221 1622 1262 cogitata
1646 1221 1849 1251 discentibus
1868 1221 1991 1263 aliquid
2004 1222 2089 1254 lucis

1106 1262 1219 1299 affert,
1253 1273 1316 1293 nec
1346 1270 1546 1303 quaerantur
1574 1262 1764 1295 subtiliores
1795 1265 2034 1305 disputationes
2059 1273 2090 1297 et

1106 1305 1355 1336 inextricabiles
1374 1305 1564 1347 labyrinthi.
1611 1306 1824 1338 Geometrica
1846 1308 1935 1349 pingi
1959 1315 1990 1339 et
2013 1319 2089 1340 ocu·

1105 1347 1147 1379 lis
1171 1349 1288 1379 subiici
1311 1356 1470 1389 possunt:
1516 1348 1606 1380 Haec
1629 1360 1730 1387 vero,
1754 1350 1794 1380 de
1823 1351 1944 1391 quibus
1966 1351 2021 1382 hic
2046 1353 2088 1384 di-

1106 1392 1228 1428 cimus,
1251 1401 1318 1421 non
1342 1392 1384 1422 ita
1408 1392 1497 1433 pingi
1522 1398 1553 1423 et
1578 1392 1683 1423 oculis
1708 1393 1825 1424 subiici
1847 1401 2005 1433 possunt,
2029 1396 2088 1426 sed

1105 1440 1229 1464 attenta
1253 1434 1517 1466 consideratione
1540 1435 1697 1476 paulatim
1720 1437 1825 1477 magis
1849 1436 2086 1479 intelligentur.

1104 1475 1204 1507 Dolet
1227 1478 1361 1508 saucius
1385 1478 1551 1518 aspiciens
1575 1477 1712 1516 vulnus,
1737 1485 1769 1509 et
1792 1481 1854 1510 scit
1878 1480 1997 1511 vulnus
2021 1492 2087 1512 non

1105 1529 1181 1550 esse
1204 1518 1284 1550 nihil
1306 1521 1470 1561 negative,
1494 1522 1553 1551 sed
1577 1531 1653 1552 esse
1676 1527 1790 1562 partes
1818 1521 1993 1554 laceratas.
2040 1524 2088 1555 lta

1103 1561 1227 1593 Paulus
1251 1561 1350 1600 dolet,
1374 1564 1491 1595 videns
1515 1564 1656 1595 Neronis
1680 1563 1809 1595 scelera
1833 1572 1864 1595 et
1887 1567 1977 1604 vitia,
2001 1577 2087 1608 quae

1102 1606 1256 1646 agnoscit
1279 1616 1345 1636 non
1371 1616 1447 1637 esse
1471 1606 1552 1637 nihil
1574 1608 1739 1649 negative,
1764 1608 1825 1639 sed
1849 1610 1959 1649 operis
1985 1610 2085 1641 divini

1103 1649 1285 1679 teterrimas
1318 1649 1442 1679 ruinas.
1489 1649 1571 1680 Cum
1604 1651 1637 1680 in
1671 1649 1727 1681 tali
1752 1652 2015 1684 consideratione
2040 1654 2085 1684 di-

1103 1701 1250 1728 scemus,
1281 1691 1359 1732 quid
1383 1692 1425 1722 sit
1448 1691 1569 1723 malum
1595 1703 1655 1723 seu
1676 1692 1826 1725 defectus
1850 1705 1910 1725 seu
1933 1696 2085 1736 privatio,

1100 1744 1322 1776 agnoscemus
1353 1741 1524 1774 peccatum
1554 1746 1619 1766 non
1643 1746 1720 1767 esse
1744 1738 1995 1768 extenuandum.
2041 1738 2085 1769 Ut

1101 1777 1183 1807 ordo
1207 1777 1239 1807 in
1263 1787 1363 1817 opere
1385 1776 1466 1814 Dei,
1501 1777 1653 1809 videlicet
1674 1780 1707 1810 in
1731 1779 1877 1818 homine,
1913 1787 1963 1811 est
1986 1791 2041 1812 res
2065 1792 2084 1811 a

1076 1826 1077 1831 ¹
1099 1819 1174 1850 Deo
1199 1821 1330 1851 condita
1355 1826 1386 1850 et
1410 1821 1438 1851 ei
1456 1819 1594 1861 placens
1620 1828 1650 1852 et
1674 1832 1814 1852 servans
1838 1822 2019 1861 hominem,
2043 1835 2083 1855 ac

1100 1868 1277 1903 propterea
1308 1863 1426 1893 dicitur
1448 1864 1566 1903 ingens
1590 1865 1732 1900 bonumg
1788 1865 1836 1896 Ita
1861 1872 1996 1897 econtra
2020 1868 2084 1898 rui-

1099 1915 1162 1936 nae
1195 1904 1272 1936 illae
1307 1911 1383 1936 sunt
1418 1906 1568 1938 confusio
1599 1908 1741 1945 ordinis,
1776 1918 1842 1938 non
1866 1919 1885 1939 a
1908 1908 1981 1940 Deo
2007 1920 2083 1941 con-

1076 1954 1078 1964 *
1099 1949 1175 1985 dita,
1198 1948 1259 1979 sed
1282 1947 1370 1979 facta
1392 1959 1412 1979 a
1429 1949 1563 1980 Diaboli
1587 1956 1618 1981 et
1641 1950 1782 1981 hominis
1805 1949 1987 1991 voluntate,
2020 1960 2083 1984 est-

1098 2001 1161 2032 que
1189 2001 1209 2021 a
1238 1990 1312 2021 Deo
1348 1992 1469 2022 reiecta
1501 1999 1531 2023 et
1559 1992 1698 2024 exitialis
1721 1993 1864 2024 Diabolo
1895 2002 1925 2025 et
1949 1995 2081 2026 homini.

1097 2034 1173 2065 Ideo
1199 2035 1313 2064 ruinae
1331 2033 1407 2065 illae
1432 2045 1493 2066 seu
1517 2036 1697 2067 destructio
1721 2046 1781 2067 seu
1806 2036 1957 2068 confusio
1982 2049 2081 2070 voca-

73 2074 104 2104 in
127 2079 237 2104 mente
264 2075 438 2113 tenebrae,
467 2075 532 2107 hoc
556 2083 623 2113 est,
654 2087 721 2107 nou
744 2077 868 2108 habere
891 2076 1052 2108 illustrem
1074 2073 1076 2106 J
1097 2083 1149 2107 tur
1171 2076 1305 2115 malum,
1328 2078 1361 2108 id
1385 2084 1446 2116 est,
1470 2089 1535 2109 non
1559 2089 1748 2120 congruens
1772 2080 1815 2110 ad
1837 2087 1976 2111 mentem
2001 2082 2080 2112 divi-

72 2116 221 2146 notitiam
241 2122 272 2147 et
294 2117 423 2148 firmum
446 2128 621 2150 assensum
645 2120 685 2150 de
707 2120 934 2160 providentia,
964 2130 1052 2150 com-
1074 2114 1075 2143 1
1097 2130 1191 2157 nam,
1227 2119 1404 2161 displicens
1439 2119 1514 2152 Deo
1549 2128 1579 2152 et
1615 2121 1744 2152 exitiale
1778 2122 1921 2154 Diabolo
1956 2130 1987 2155 et
2022 2124 2080 2155 ho-

72 2159 304 2190 minationibus
340 2166 371 2190 et
394 2162 669 2201 promissionibus
693 2163 828 2198 divinis;
873 2162 914 2193 Et
937 2163 970 2192 in
994 2172 1051 2193 vo-
1096 2163 1182 2193 mini.

71 2200 197 2232 luntate
221 2208 272 2232 est
294 2204 438 2240 aversio,
461 2204 493 2234 id
517 2211 580 2242 est,
604 2206 674 2236 sine
693 2212 793 2243 metu,
816 2205 948 2242 fiducia,
972 2205 1051 2236 dile·
1073 2210 1074 2234 1
1183 2205 1275 2236 Haec
1306 2205 1487 2237 declaratio
1522 2206 1644 2248 aliquid
1678 2206 1762 2239 lucis
1801 2208 1895 2239 affert
1929 2212 2080 2251 sequenti

72 2245 180 2275 ctione
201 2244 266 2275 Dei
290 2256 384 2283 esse,
420 2252 451 2276 et
474 2247 507 2277 in
531 2248 634 2278 corde
656 2249 728 2278 sine
752 2249 938 2279 obedientia
962 2259 1050 2286 esse,
1072 2236 1074 2281 1
1096 2247 1310 2279 declarationi
1347 2249 1387 2279 de
1420 2256 1557 2290 peccato
1583 2250 1714 2288 actuali,
1750 2252 1791 2282 de
1815 2262 1879 2293 quo
1904 2252 2079 2284 multorum

71 2297 156 2327 quae
180 2290 386 2329 congruebat
408 2287 473 2329 legi
497 2296 653 2328 naturae,
688 2291 747 2321 sed
770 2292 864 2331 vagis
889 2297 920 2322 et
939 2301 1051 2322 erran·
1072 2303 1073 2318 ³
1096 2297 1171 2321 sunt
1204 2292 1375 2322 intricatae
1399 2294 1631 2333 quaestiones,
1666 2294 1725 2323 sed
1748 2293 1802 2324 hic
1827 2305 1959 2336 quoque
1982 2294 2079 2327 facile

70 2330 158 2360 tibus
198 2330 462 2363 inclinationibas
502 2331 579 2363 ferri
621 2339 713 2364 extra
755 2335 903 2365 ordinem
937 2341 1050 2365 contra
1072 2347 1073 2353 ¹
1095 2340 1146 2364 est
1169 2332 1352 2375 intelligere
1376 2334 1543 2372 defectus,
1574 2337 1603 2366 si
1627 2337 1785 2367 intuearis
1809 2348 1875 2368 non
1899 2337 2007 2369 solum
2031 2338 2078 2370 sa-

69 2371 186 2404 Deum.
232 2373 324 2405 Haec
356 2374 444 2405 mala
478 2385 554 2406 esse
589 2375 739 2408 defectus
769 2387 836 2407 non
871 2378 1049 2408 obscurum
1071 2376 1073 2411 1
1096 2383 1167 2414 cta,
1199 2378 1259 2408 sed
1288 2384 1429 2408 mentem
1458 2385 1629 2420 regentem
1658 2378 1757 2410 facta.
1802 2380 1873 2411 Eva
1897 2382 2076 2413 comedens

71 2421 136 2453 est,
170 2426 232 2447 nec
266 2424 342 2448 sunt
377 2428 431 2448 res
462 2419 612 2449 conditae
636 2429 655 2448 a
677 2418 768 2456 Deo,
798 2420 856 2450 sed
880 2419 1048 2450 horribilis
1070 2427 1073 2458 Ῑ
1093 2429 1225 2460 pomum
1248 2430 1315 2450 non
1337 2421 1461 2462 regitur
1484 2419 1558 2452 luce
1580 2421 1664 2460 Dei,
1699 2421 1779 2453 illud
1812 2434 1878 2454 non
1907 2425 1979 2465 regi
2001 2423 2077 2456 luce

1070 2464 1072 2500 ζ
1093 2462 1174 2500 Dei,
1211 2468 1241 2493 et
1264 2462 1466 2494 voluntatem
1495 2474 1515 2494 a
1536 2463 1611 2495 Deo
1635 2475 1789 2496 aversam
1814 2476 1901 2504 esse,
1925 2466 2075 2499 defectus

1069 2508 1186 2552 {esse,
1228 2516 1294 2537 non
1330 2508 1508 2537 obscurum
1543 2513 1609 2543 est3
1655 2509 1715 2538 etsi
1750 2509 1876 2540 interim
1911 2512 2075 2542 accedunt

1069 2553 1201 2580 [motus
1236 2550 1362 2580 externi
1397 2557 1427 2580 et
1463 2550 1598 2588 interni,
1632 2552 1687 2592 qui
1718 2558 1793 2582 sunt
1822 2563 1877 2583 res
1900 2554 2073 2593 positivae,

1872 2613 1918 2636 41*

87 2500 132 2531 99)
153 2508 198 2526 seu
218 2503 297 2528 abest
314 2504 348 2528 ab
366 2504 440 2528 Editt.
462 2505 501 2528 18.
521 2505 562 2528 2ο.
582 2505 623 2528 25.

72 2552 131 2581 100)
151 2553 200 2584 est]
222 2553 295 2578 Editt.
317 2555 388 2578 1—3.
410 2555 434 2578 6.
455 2556 477 2578 7.
498 2556 521 2578 9.
544 2556 581 2579 12.
601 2563 660 2581 esse
