2358 2933
132 117 215 149 1049

129 211 241 243 clesiis
265 212 446 243 emendatis
468 213 721 252 meminerimus,
745 216 799 256 qui
822 215 929 247 honos
951 216 1109 247 debeatur

129 255 309 286 ministerio
332 254 514 297 Evangelii.

215 298 433 338 Praecipuum
452 298 647 329 beneficium
659 299 722 330 Dei
743 306 794 331 est
811 299 876 331 hoc
895 301 1107 333 ministerium

129 348 161 372 et
183 342 371 383 ingentibus
394 339 562 382 miraculis
585 352 605 372 a
627 340 701 372 Deo
725 344 864 374 subinde
892 343 1108 375 instauratum

129 392 179 416 est
203 391 235 415 et
259 382 430 415 defensum
459 384 491 413 in
515 393 637 424 genere
659 383 812 416 humano.
857 385 899 416 Et
922 385 991 417 vult
1013 386 1107 417 Deus

128 437 249 459 sonare
277 437 373 458 suum
395 425 613 468 Evangelium
640 428 673 458 in
702 427 835 468 publico
866 434 962 459 coetu
990 434 1022 459 et
1051 429 1108 459 110-

128 471 231 502 nestis
257 469 503 507 congressibuS,
525 469 609 499 sicut
629 470 786 510 scriptum
806 477 857 501 est
880 470 1014 509 [Psalm.
1036 472 1108 509 149,

130 515 192 551 1.]:
231 512 322 544 Laus
346 512 417 543 eius
440 513 472 542 in
495 510 649 543 Ecclesia
671 519 873 544 sanctorum.
919 514 966 545 lbi
989 525 1107 546 nomen

127 566 222 587 suum
245 555 397 586 invocari
420 561 452 585 et
472 554 633 585 celebrari
651 554 721 587 vult
740 556 770 586 in
790 557 932 597 quadam
956 556 1106 597 frequen—

127 600 184 637 tia,
208 604 239 629 et
261 598 351 629 addit
365 599 409 633 ⁶⁵)
432 598 685 638 promissionem
705 600 954 641 congregationi
975 599 1105 638 [Matth.

130 642 180 679 18,
204 641 289 680 20.]:
322 639 387 671 Ubi
412 640 476 671 duo
498 645 554 670 aut
577 646 646 671 tres
670 643 863 684 congregati
887 648 963 673 sunt
990 643 1021 672 in
1049 652 1106 672 no-

127 685 213 716 mine
235 694 321 721 meo,
344 684 377 714 in
400 683 507 714 medio
532 693 645 714 eorum
664 694 746 715 sum.
781 687 898 717 Iterum
918 686 990 716 dico
1010 686 1105 716 vobis

128 731 191 765 [vs.
218 726 300 764 19.]:
334 725 387 756 De
409 736 607 767 quacunque
634 737 670 757 re
693 728 758 759 duo
791 729 823 759 in
850 734 939 759 terra
968 738 1106 759 consen-

127 770 246 807 serint,
271 779 368 810 quam
391 774 520 809 petent,
549 769 605 800 fiet.
627 771 674 800 eis
698 781 717 801 a
740 770 837 802 Patre
860 781 933 801 meo
958 770 1105 802 coelesti.

126 812 209 844 Vult
237 812 335 844 etiam
364 810 439 842 illos
467 812 559 852 ipsos
589 822 795 855 congressus
825 813 978 854 publicos
1003 819 1105 844 testes

127 865 203 887 esse
220 861 295 886 tuae
313 853 547 891 confessionis,
567 854 635 886 vult
653 862 685 886 et
705 858 852 896 conspici
871 857 1105 887 seiunctionem

126 908 226 929 verae
251 896 425 929 Ecclesiae
455 898 623 929 retinentis
651 898 867 941 Evangelium
897 900 938 930 ab
968 898 1104 930 aliarum

125 946 291 972 sectarum
315 939 564 972 conventiculis.

211 983 324 1024 Itaque
352 982 474 1024 publici
489 985 533 1024 66)
556 982 728 1015 Ecclesiae
759 994 962 1026 congressus
990 994 1105 1015 neces-

123 1027 203 1058 sarii
242 1032 318 1057 sunt
359 1026 400 1056 ad
435 1027 637 1057 retinendum
674 1028 888 1058 ministerium
920 1025 1104 1067 Evangelii.

123 1069 237 1105 Quare
258 1070 291 1100 in
314 1068 491 1107 Ecclesiis,
515 1080 600 1110 quae
622 1075 712 1100 recte
735 1071 909 1108 docentur,
936 1080 1049 1100 omnes
1074 1076 1105 1100 et

124 1119 233 1143 ament
253 1118 286 1143 et
305 1113 457 1143 adiuvent
476 1122 680 1153 congressus
699 1111 861 1153 publicos,
880 1114 1105 1152 obtemperent

124 1155 314 1194 pastoribus
338 1161 428 1186 recte
451 1155 662 1193 docentibus,
689 1157 743 1197 qui
767 1162 916 1196 tempora
939 1160 970 1185 et
992 1154 1104 1185 lectio-

123 1207 184 1227 nes
209 1198 416 1228 distribuunt.
448 1198 585 1233 Quoties
609 1199 641 1228 in
669 1197 824 1239 templum
854 1198 964 1235 venis,
995 1198 1105 1238 cogita

124 1241 165 1270 de
188 1241 346 1271 immenso
372 1240 530 1270 beneficio
550 1239 613 1270 Dei
633 1239 818 1281 colligentis
838 1241 900 1271 sibi
919 1239 1103 1271 Ecclesiam

123 1288 288 1313 aeternam
314 1283 493 1312 ministerio
519 1288 549 1312 et
574 1292 656 1312 voce
680 1281 852 1323 Evangelii
883 1289 913 1312 et
942 1281 1036 1312 simul
1065 1282 1104 1311 de

122 1330 191 1354 tota
215 1324 362 1354 doctrina
388 1324 563 1354 creationis
588 1330 619 1354 et
642 1325 876 1365 redemptionis
900 1324 1030 1354 humani
1051 1334 1105 1364 ge-

122 1366 210 1397 neris
238 1367 310 1406 ipse
338 1372 370 1396 te
401 1365 691 1404 commonefacito,
721 1374 883 1398 memento
914 1367 1104 1407 promissio-

122 1419 198 1439 nem
221 1409 331 1439 datam
358 1409 399 1438 (le
427 1410 615 1448 praesentia
638 1408 711 1439 Dei.
756 1409 791 1439 ln
822 1409 886 1440 hoc
917 1415 1012 1440 coetu
1035 1408 1103 1439 vult

121 1450 216 1481 Deus
239 1450 387 1481 invocari
417 1456 449 1481 et
471 1451 636 1481 exaudire.
681 1451 742 1482 Hic
771 1453 928 1483 ostendas
958 1453 989 1482 in
1013 1453 1103 1482 invo-

122 1494 253 1523 catione
282 1498 314 1523 et
343 1504 405 1523 usu
435 1492 725 1524 Sam-amentorum
756 1501 787 1524 te
818 1496 996 1525 membrum
1028 1504 1103 1524 esse

123 1534 235 1577 populi
263 1534 325 1566 Dei
360 1542 390 1566 et
424 1536 606 1566 auditorem
635 1535 775 1573 Christi3
809 1537 860 1567 Ac
889 1536 985 1568 simul
1015 1536 1102 1568 illam

122 1588 238 1609 vocem
248 1584 357 1609 tecum
370 1584 493 1619 repete,
512 1589 609 1619 quam
621 1578 738 1609 vellem
752 1581 894 1610 omnium
907 1579 1101 1620 templorum

121 1621 301 1662 parietibus
320 1622 510 1661 inscriptam
529 1631 605 1651 esse
626 1621 865 1661 [Rom.8‚30.1:
884 1622 976 1657 Quos
992 1621 1101 1664 elegit,

121 1663 184 1694 hos
204 1670 234 1694 et
254 1664 397 1694 vocavit.
442 1663 531 1694 Nulli
547 1670 621 1694 sunt
639 1663 735 1694 electi
757 1671 850 1696 extra
867 1664 953 1696 hune
971 1671 1100 1697 coetum

122 1713 327 1744 vocatorum,
348 1716 412 1736 non
432 1705 509 1737 alibi
529 1705 684 1747 populum
699 1707 760 1737 Dei
781 1709 842 1738 nisi
862 1709 945 1739 inter
963 1715 1100 1739 vocatos·

122 1750 280 1790 quaerito
329 1748 412 1780 Sunt
434 1756 542 1779 autem
566 1750 691 1787 vocati,
722 1751 775 1790 qui
799 1756 874 1781 sunt
900 1752 981 1781 socii
1006 1751 1100 1782 liuius

122 1797 237 1822 coetus
261 1792 421 1823 audientis
444 1791 661 1833 Evangelium
686 1799 716 1823 et
739 1793 962 1824 Sacramentis
989 1795 1101 1825 inserti

123 1834 198 1865 huic
219 1835 336 1865 coetui.
374 1834 504 1870 Quanta
522 1834 604 1866 haec
624 1834 809 1866 consolatio
829 1842 880 1867 est
898 1837 971 1877 piae
990 1838 1100 1875 menti,

122 1887 225 1907 nosse
249 1883 373 1908 tantum
401 1879 431 1908 in
456 1877 506 1907 his
537 1878 687 1909 coetibus
717 1888 793 1909 esse
824 1879 986 1910 haeredes
1016 1881 1101 1911 vitae

121 1926 285 1956 aeternae,
304 1930 367 1950 non
389 1920 484 1950 alibi!
510 1920 602 1961 Agas
620 1922 716 1961 igitur
732 1922 854 1961 gratias
867 1921 939 1952 Deo
953 1929 1100 1959 aeternO,

123 1962 211 1993 Patri
234 1961 366 1992 Domini
395 1964 500 1993 nostri
524 1963 597 1993 lesu
621 1962 761 2001 Christi,
789 1966 877 2005 quod
907 1972 938 1995 te
962 1976 1101 1996 vocave-

122 2006 162 2035 rit
177 2007 220 2042 6⁷)
245 2004 287 2035 ad
306 2004 477 2047 Evangelii
502 2007 700 2046 agnitionem
725 2014 753 2037 et
779 2008 820 2037 ad
844 2006 906 2038 lios
932 2014 1045 2039 coetus
1070 2015 1100 2039 et

122 2134 168 2163 65)
187 2134 268 2164 addit]
289 2134 360 2160 Editt.
379 2136 400 2158 1.
422 2136 445 2158 3.
461 2136 557 2161 addidit

122 2184 168 2215 66)
188 2185 291 2217 publici]
313 2186 354 2211 Ed.
374 2187 397 2210 9.
418 2188 534 2217 publicae

121 2235 168 2264 67)
189 2238 326 2268 vocaverit]
345 2239 380 2263 sic
400 2238 472 2263 Editt.
495 2240 533 2262 18.
554 2240 594 2263 20.
617 2240 656 2266 22,
677 2241 716 2263 24.
738 2242 777 2264 ⁵25.
799 2242 915 2266 28—34..
934 2243 1005 2273 (Torp.
1024 2244 1100 2266 1-81.

192 2271 250 2301 Opi).
274 2273 292 2295 1.
313 2272 353 2298 ⁴2.:
374 2276 475 2298 ceterae
495 2274 584 2298 Eunt:
604 2276 698 2299 vocarit

583 120 605 151 1.
630 120 729 152 LOCI
752 121 1026 154 THEOLOGICI:
1050 123 1092 154 D.
1116 123 1275 156 TERTIA
1298 124 1453 157 EORUM
1475 126 1632 159 AETAS.

2047 131 2129 164 1050

1153 228 1366 259 congressus.
1412 219 1454 251 Et
1483 221 1570 251 omni
1600 219 1711 252 officio
1742 221 1859 253 horum
1890 233 2129 265 congressuum

1152 258 1369 301 frequentiam
1392 262 1528 293 adiuves
1551 273 1590 293 ac
1614 265 1748 294 tuearis.
1791 265 1885 305 Ipsos
1904 267 1999 296 etiam
2019 274 2128 307 pasto·

1152 313 1205 333 res
1228 309 1318 334 recte
1346 304 1505 335 docentes
1535 316 1608 336 ama
1636 312 1667 336 et
1696 308 1743 337 eis
1773 313 1962 339 reverenter
1991 311 2127 341 obedias

1151 346 1183 374 in
1211 344 1380 377 functione
1409 348 1577 378 ministerii
1607 354 1638 378 et
1669 350 1808 391 benigne
1844 350 1959 381 confer
1993 353 2035 382 ad
2069 362 2127 383 eos

1151 386 1306 426 alendos,
1337 390 1391 419 ubi
1415 400 1498 429 opus
1523 397 1583 421 est.
1628 390 1718 422 Haec
1746 399 1778 422 et
1808 394 1984 435 cogitanda
2011 395 2072 435 piis
2096 402 2129 425 et

1152 440 1230 460 vero
1251 432 1361 462 studio
1385 430 1536 462 facienda
1559 438 1643 464 sunt.

1237 473 1292 504 Sic
1317 479 1348 504 et
1370 474 1411 504 cle
1435 474 1578 512 scholis,
1609 477 1640 505 in
1671 477 1789 516 quibus
1813 484 1909 509 sonat
1934 489 1998 509 vox
2021 479 2127 510 Evan-

1152 514 1238 556 gelii,
1262 516 1454 554 sentiamus,
1479 518 1622 548 sciamus
1641 517 1747 549 Deum
1766 518 1852 550 velle
1871 520 1956 551 tales
1976 531 2052 552 esse
2072 522 2128 552 do-

1152 558 1293 588 centium
1321 564 1353 588 et
1376 559 1571 590 discentium
1602 571 1822 601 congressus,
1851 569 1881 592 et
1912 562 1972 593 has
2000 570 2128 604 partem

1151 610 1226 631 esse
1248 600 1437 638 Ecclesiae,
1467 602 1498 632 in
1523 612 1586 642 qua
1609 602 1700 633 multi
1730 605 1796 634 sint
1825 603 1937 642 electi,
1967 605 2127 637 haeredes

1150 643 1236 674 vitae
1255 648 1420 681 aeternae,
1441 650 1473 674 et
1491 645 1620 685 quidem
1640 655 1679 676 ex
1698 645 1762 677 hoe
1781 647 1854 686 ipso
1876 654 1970 679 coetu
1989 650 2128 689 50111168)

1151 686 1316 723 doctores,
1339 696 1398 725 per
1422 696 1504 727 quos
1524 687 1618 718 Deus
1643 688 1855 720 ministerium
1877 689 2047 731 Evangelii
2069 702 2127 731 pu-

1150 727 1271 758 blicum
1295 735 1416 759 servat.
1458 729 1584 770 Regnat
1611 729 1762 762 Christus
1786 732 1828 762 ad
1851 732 1998 763 dextram
2021 733 2127 763 Patris

1150 771 1286 807 aeterni.
1309 777 1345 802 ut
1368 771 1455 802 dona
1478 772 1532 802 det
1555 771 1753 811 hominibus,
1777 773 1937 805 Pastores
1956 781 1988 806 et
2006 775 2128 806 Docto-

1148 823 1220 848 res;
1248 813 1356 844 Adest
1379 824 1459 855 ergo
1483 821 1515 845 et
1530 816 1574 855 69)
1597 816 1628 845 in
1652 815 1716 847 hoc
1741 817 1813 856 ipso
1842 818 1968 857 piarum
1998 817 2128 849 schola-

1149 865 1219 886 rum
1243 866 1407 886 consessu
1420 858 1477 898 7⁰),
1501 862 1533 887 et
1556 868 1597 888 ex
1619 858 1685 889 hoc
1707 869 1843 890 numero
1868 859 1958 900 eligit
1977 870 2016 891 ac
2034 870 2128 900 prae-

1148 903 1242 937 parat
1261 898 1386 939 Spiritu
1409 904 1526 930 sancto
1549 901 1622 940 pios
1645 900 1880 939 scholasticos,
1902 908 1937 933 ut
1956 902 2128 934 Ecclesiae

1148 950 1228 971 suae
1263 941 1379 971 deinde
1413 942 1558 972 serviant
1592 948 1624 973 et
1653 943 1823 985 Evangelii
1857 946 2126 985 propagationem

1148 983 1312 1013 adiuvent.
1350 984 1489 1014 Amandi
1514 991 1591 1015 sunt
1614 987 1712 1026 igitur
1735 993 1763 1016 et
1788 986 1920 1017 fovendi
1944 987 1976 1017 hi
2001 993 2127 1025 coetus,

1149 1030 1181 1055 et
1203 1026 1379 1056 adiuvandi
1403 1036 1625 1067 congressus,
1649 1029 1703 1069 qui
1727 1029 1856 1069 quidem
1879 1039 1943 1060 nos
1966 1030 2063 1061 etiam
2086 1031 2127 1061 de

1149 1074 1283 1098 aeterna
1306 1069 1373 1098 vita
1396 1069 1601 1100 admoneant.

1235 1110 1318 1140 Nam
1337 1110 1394 1140 illa
1412 1110 1536 1141 infinita
1556 1114 1733 1143 aeternitas
1753 1112 1827 1144 talis
1844 1115 1903 1144 erit
1922 1115 2127 1145 consuetudo

1150 1154 1376 1183 convenientis·
1396 1153 1570 1184 Ecclesiae
1589 1156 1631 1185 ad
1649 1156 1844 1186 audiendam
1857 1159 1899 1194 7¹)
1923 1156 1986 1187 Dei
2010 1163 2041 1187 et
2059 1157 2128 1188 Do-

1149 1195 1225 1225 mini
1248 1196 1354 1225 nostri
1372 1195 1446 1226 Iesu
1467 1195 1589 1226 Christi
1609 1197 1802 1237 sapientiam
1821 1203 1853 1228 et
1871 1199 1912 1229 ad
1931 1204 2043 1230 mutua
2062 1198 2127 1230 col-

1148 1236 1259 1277 loquia
1282 1248 1355 1268 cum
1375 1238 1487 1277 primis
1506 1238 1671 1276 Patribus,
1696 1239 1881 1279 ProphetiS,
1905 1241 2077 1281 Apostolis
2097 1248 2127 1273 et

1149 1279 1232 1316 aliis,
1257 1290 1396 1320 quorum
1420 1290 1573 1311 sermone
1596 1280 1802 1312 laetabimur.
1838 1283 1904 1314 lmo
1925 1285 2053 1324 quoties
2073 1285 2128 1315 ad-

1149 1332 1262 1353 sumus
1297 1323 1327 1352 in
1363 1321 1534 1353 Ecclesiae
1568 1330 1621 1354 aut
1657 1324 1846 1355 scholarum
1881 1328 2128 1368 congressibus,

1149 1371 1315 1404 optemus,
1355 1371 1388 1395 ut
1431 1376 1526 1406 quam
1564 1367 1702 1407 primum
1736 1367 1936 1399 laetissimus
1970 1368 2024 1399 ille
2058 1370 2128 1400 dies

1148 1406 1340 1443 illucescat,
1369 1408 1400 1437 in
1431 1410 1552 1449 q1107'2)
1579 1409 1677 1440 Filius
1701 1409 1780 1447 Dei,
1812 1410 1973 1442 Dominus
2003 1419 2128 1451 noster,

1148 1450 1240 1479 lesus
1270 1449 1438 1486 Christus,
1469 1452 1674 1483 resuscitatis
1702 1454 1855 1490 mortuis,
1884 1453 1971 1485 hunc
2000 1455 2128 1486 univer—

1147 1502 1205 1522 sae
1235 1502 1314 1523 suae
1344 1491 1517 1523 Ecclesiae
1545 1504 1762 1536 congressum
1798 1501 1828 1526 et
1864 1496 1949 1528 hanc
1979 1496 2127 1529 scholam

1147 1535 1244 1565 nobis
1268 1535 1419 1565 ostendet
1436 1537 1491 1575 73).

1145 1645 1190 1675 158)
1211 1646 1287 1677 suini]
1309 1647 1344 1670 sir
1363 1647 1434 1671 Editt.
1459 1650 1469 1670 1
1491 1661 1521 1665 =
1541 1650 1565 1673 3.
1587 1649 1610 1671 G.
1632 1650 1653 1674 7.
1673 1650 1695 1674 9.
1718 1651 1771 1681 12.;
1808 1651 1851 1675 Ed.
1872 1652 1894 1676 4.
1914 1653 1992 1676 sumit
2012 1652 2129 1682 indeque

1214 1680 1255 1704 sic
1272 1686 1365 1705 omnes
1382 1681 1508 1711 reliquae
1520 1683 1601 1712 Editt..
1620 1684 1732 1709 lamelsi
1748 1685 1817 1709 llaec
1834 1686 1955 1710 mulatio
1974 1692 2010 1710 ez
2028 1691 2127 1716 opera-

1213 1720 1276 1739 rum
1292 1715 1490 1745 festinanlimn
1509 1717 1657 1742 (missione
1675 1719 1741 1743 Deus
1760 1719 1891 1744 vocabuli
1908 1720 2008 1745 statim
2025 1723 2129 1746 notata

1211 1749 1374 1777 p1·01·eni3.‹›·e
1392 1756 1406 1774 ¹1·
1412 1750 1532 1776 alentur.

1145 1797 1190 1829 69)
1210 1799 1276 1824 Deus
1297 1817 1301 1822 .
1324 1818 1329 1822 .
1352 1818 1356 1822 .
1378 1800 1414 1830 et]
1434 1803 1557 1831 utruque
1575 1808 1639 1830 ros,
1659 1809 1743 1832 qnam
1762 1804 1805 1829 llis
1824 1804 1894 1829 locis
1912 1805 2039 1830 Editiones
2062 1807 2081 1830 1.
2100 1806 2125 1828 3·

1214 1833 1236 1857 6.
1253 1834 1275 1856 7.
1291 1834 1327 1856 12.
1342 1835 1478 1863 ezlzibent,
1497 1836 1603 1861 etrcitlit
1621 1838 1649 1862 m
1659 1837 1701 1862 Ed.
1724 1838 1755 1867 2.,
1769 1838 1886 1868 indeque
1903 1839 1982 1864 abest
1994 1840 2029 1865 ab
2041 1840 2126 1865 omni-

1214 1868 1264 1892 hus
1282 1868 1402 1898 reliquis
1422 1870 1493 1894 Editt.

1146 1918 1190 1949 70)
1210 1918 1345 1950 consessu]
1364 1920 1436 1945 Editt.
1460 1922 1496 1943 18.
1519 1922 1557 1944 22.
1580 1922 1620 1944 24.
1642 1922 1758 1950 28—34.,
1779 1923 1849 1953 Corp.
1869 1924 1953 1951 2-8.,
1981 1925 2040 1954 nup.
2063 1926 2083 1947 1⁴
2105 1925 2127 1949 2.

1214 1959 1340 1978 consensu

1145 2004 1189 2034 71)
1210 2004 1376 2062 aludiendam]
1397 2006 1469 2030 Ediit.
1491 2006 1530 2028 22.
1551 2007 1591 2030 24.
1612 2008 1651 2030 28.
1674 2008 1713 2031 29.
1734 2008 1852 2037 31-33.,
1872 2010 1931 2039 opp.
1951 2010 2126 2034 1231101011-

1216 2047 1222 2061 t
1235 2045 1275 2063 llll]

1146 2089 1189 2116 72]
1211 2089 1269 2120 quo]
1292 2090 1362 2114 Editt.
1386 2091 1424 2114 18.
1445 2092 1484 2114 20.
1507 2092 1625 2118 22ἡὶ31..
1646 2095 1716 2123 t'orp.
1739 2094 1822 2120 1—4.,
1842 2094 1901 2124 Opp.
1926 2095 1945 2117 1.
1968 2095 1989 2119 2,
2009 2101 2057 2125 qua

1145 2141 1190 2166 73)
1209 2141 1281 2165 Editt.
1306 2142 1324 2165 1.
1346 2142 1364 2166 ’2.
1388 2143 1410 2165 4.
1432 2143 1454 2165 5.
1475 2144 1496 2167 ¹3.
1516 2143 1626 2168 addunt
1645 2146 1741 2174 utpote
1759 2145 1787 2169 m
1801 2144 1871 2174 line:
1909 2144 1981 2171 τελος
2000 2146 2056 2178 θεῷ
2077 2144 2125 2169 δό-

1216 2176 1272 2202 ξα.;
1292 2176 1397 2200 Etim-3.
1419 2177 1441 2198 6.
1464 2177 1485 2199 7.
1508 2178 1561 2200 12:
1581 2178 1671 2204 Finis:
1692 2179 1764 2203 Ediit.
1785 2180 1807 2202 8.
1830 2180 1868 2202 10.
1893 2180 1943 2204 ll.:
1964 2180 2067 2203 ΤΕΛυΣ
2088 2180 2126 2213 Τῷ

1214 2208 1287 2241 μόνῳ
1301 2207 1368 2237 δόξα
1390 2210 1452 2242 Θεῷ.
1490 2212 1576 2239 (Etlitt.
1606 2213 1643 2234 10.
1666 2214 1703 2235 ll.
1728 2219 1800 2242 pone
1819 2217 1975 2243 sequenlem
1994 2215 2126 2244 appendi-

1214 2244 1307 2300 ‘imam‘
1332 2244 1393 2269 loco
1419 2245 1453 2269 de
1472 2246 1559 2270 cruce
1585 2246 1759 2272 inserendam
1777 2250 1926 2277 repetam:
1966 2247 2049 2274 Τέλος.
2071 2249 2126 2281 Θεῷ

1214 2276 1315 2303 (Ἀίξιῑλῑ
1337 2279 1407 2308 Cnl'11.
1431 2280 1518 2303 l—S.:
1544 2281 1626 2305 lssHN.
