2358 2933
245 116 307 148 803

245 217 307 238 1115.
355 208 441 238 Haec
465 206 550 237 mala
572 205 662 236 multi
685 205 853 247 fingebant
884 216 950 237 non
981 216 1057 238 esse
1079 213 1217 247 peecata

244 259 305 280 1188
329 259 475 290 pugnare
499 259 572 279 cum
596 248 684 288 Lege
707 247 779 278 Dei.

329 291 457 322 Tertius
481 300 573 321 error
595 296 679 320 erat:
703 289 845 321 Peccata
869 296 898 320 et
917 289 1031 330 lapsus
1054 300 1135 321 suos
1159 290 1216 321 fin-

244 335 363 375 gebant
387 333 594 373 compensari
618 330 799 365 sacrificiis,
825 337 855 362 et
871 334 985 363 mereri
1002 343 1039 363 se
1052 333 1216 363 remissio-

245 385 316 405 nem
339 382 551 415 peccatorum
575 375 771 404 mactatione
793 375 953 414 pecudum
977 382 1008 405 et
1030 374 1102 405 aliis
1127 384 1217 406 cere-

244 418 378 448 moniis:
404 416 442 446 Et
466 416 528 447 hnc
552 417 704 456 opinione
728 415 934 447 ‹annulabant
957 416 1130 454 sacrificia,
1153 417 1216 447 imo

244 467 273 491 81
298 469 401 489 novas
426 460 628 489 ceremonias
653 459 885 500 excogitabant
909 464 963 489 aut
988 458 1146 489 Ethnicas
1168 469 1217 489 re-

243 502 421 541 cipiebant.
447 502 632 531 mactabant
655 499 779 531 liberos
793 510 886 537 suos.
909 508 942 531 ut
962 511 1080 542 magno
1105 507 1134 532 et
1159 499 1217 531 dif-

243 543 318 574 110111
343 553 442 582 011818
465 542 559 582 11111111
584 544 669 573 bona
690 549 904 580 mererentur,
929 550 963 574 ut
978 542 1119 574 humana
1142 553 1217 573 038-

244 587 326 616 citas
349 586 390 615 ad
414 584 500 616 hunc.
525 595 670 615 errorem
694 595 797 625 prona
820 591 881 622 est,
906 591 937 615 ut
961 590 1053 625 putet
1076 595 1176 626 opera
1198 595 1218 616 a

243 628 339 658 nobis
359 628 543 668 excogitata
567 627 746 668 magnifieri
770 638 789 658 a
813 627 896 658 Deo.
932 627 972 658 Hi
993 633 1062 657 tres
1087 636 1216 658 errores

244 669 307 701 late
331 671 567 712 grassabantur
591 670 622 699 111
646 669 710 699 11110
734 668 865 710 populo.

329 712 395 743 Sed
417 718 524 742 tamen
548 721 676 751 semper
704 713 849 742 sewavit
873 711 965 742 Deus
994 712 1026 741 in
1053 711 1115 742 hac
1145 712 1217 751 ipsa

243 754 352 797 politia
374 753 515 794 aliquam
539 764 649 784 veram
672 753 872 789 Ecclesiam,
903 753 966 784 hoc
990 760 1056 790 est,
1089 759 1218 785 coetum

244 806 331 829 recte
354 798 561 827 sentientem.
596 801 628 826 ut
657 795 718 826 les.
746 796 773 826 l.
809 799 873 833 [vs.
897 795 942 833 9.1
979 796 1110 826 dicitur:
1145 795 1217 825 Nisi

244 840 404 871 Dominus
428 837 612 879 reliquisset
637 839 732 867 nobis
751 847 874 875 semen,
900 838 983 868 sicut
997 838 1144 868 Sodoma
1168 847 1217 868 85-

244 892 353 914 semus
384 887 446 912 etc.
495 880 643 910 Taxabat
670 881 765 920 igitur
798 890 877 910 vera
906 878 1058 910 Ecclesia
1087 889 1218 910 errores

244 932 273 956 et
304 924 480 955 revocabat
509 921 550 952 ali
576 932 637 952 uos
667 923 709 952 ad
737 932 849 952 veram
872 921 935 952 Dei
964 922 1217 958 invocationem,

244 967 381 998 docebat
410 965 494 995 1111110
523 974 564 1004 po
581 965 666 994 itiam
697 964 904 994 constitutam
934 973 1026 1001 esse,
1064 970 1099 994 ut
1129 970 1218 995 esset

245 1015 334 1041 certa
357 1008 453 1038 sedes
478 1013 508 1037 81
533 1012 644 1037 0811115
667 1006 761 1037 locus
789 1005 976 1043 Ecclesiae,
1001 1007 1108 1037 donec
1131 1007 1218 1037 veni-

231 1046 293 1082 vret
316 1050 474 1086 Messias,
503 1055 535 1079 ut
566 1049 598 1078 in
629 1048 693 1079 hoc
717 1047 791 1079 1080
816 1049 942 1078 interim
965 1054 1218 1079 conservaretur

245 1101 274 1124 et
291 1097 530 1134 propagaretur
550 1092 738 1130 promissio,
763 1091 942 1121 testabatur
964 1090 1050 1121 hunc
1062 1090 1218 1122 Messiam

244 1136 341 1173 1111111,
371 1141 404 1166 111
432 1134 522 1164 fieret
551 1133 679 1163 victima
708 1142 768 1172 pro
796 1139 934 1172 peccato
958 1139 989 1163 et
1014 1134 1106 1164 daret
1128 1133 1218 1164 iusti-

244 1179 321 1207 tiam
345 1178 375 1206 et
399 1176 498 1206 vitam
522 1180 706 1212 aeternam,
741 1185 805 1205 non
841 1176 1008 1215 imperium
1042 1176 1151 1206 mundi
1184 1175 1215 1205 in

245 1217 306 1249 hac
329 1217 455 1249 mortali
479 1218 554 1247 vita.

330 1260 457 1290 Deinde
488 1266 517 1290 et
547 1260 587 1290 de
611 1259 701 1300 Lege
730 1260 910 1296 docebant,
945 1265 1113 1290 externam
1141 1260 1218 1289 obe-

245 1303 396 1333 dientiam
425 1309 454 1332 et
485 1300 687 1341 disciplinam
716 1312 781 1332 non
811 1300 1005 1332 satisfacere
1035 1301 1117 1342 Legi
1145 1301 1217 1338 Dei,

245 1354 305 1375 nec
327 1343 458 1385 placere
482 1343 566 1380 Deo,
589 1344 652 1373 nisi
674 1344 765 1383 prius
789 1344 874 1374 iacto
897 1342 1126 1380 fundamento,
1153 1343 1217 1373 hoc

245 1393 310 1423 est,
338 1387 448 1427 agnita
471 1386 688 1425 promissione
711 1385 871 1423 Messiae,
905 1396 944 1416 30
978 1391 1112 1426 propter
1146 1395 1218 1416 eum

244 1434 382 1469 accepta
415 1428 607 1458 remissione
642 1434 854 1467 peccatorum
885 1434 916 1458 et
939 1427 1218 1459 reconciliatione.

245 1470 337 1500 Hanc
359 1470 455 1500 fidem
479 1470 638 1499 docebant
665 1477 817 1509 oportere
829 1469 1020 1510 praelucere
1034 1470 1067 1500 in
1086 1469 1219 1500 invoca-

244 1513 348 1549 tione,
372 1512 459 1552 quod
481 1511 573 1541 Deus
596 1518 729 1551 propter
751 1512 838 1543 1111110
862 1512 1016 1542 Messian]
1036 1521 1115 1542 vere
1138 1512 1218 1542 reci-

245 1561 334 1593 peret
359 1555 449 1594 ipsos
474 1559 505 1583 et
528 1554 692 1584 exaudiret
708 1556 752 1594 37)
775 1564 902 1595 preces.
939 1554 1009 1585 Hac
1033 1554 1098 1584 fide
1121 1555 1219 1585 doce-

245 1597 321 1626 bant
344 1595 560 1626 inchoandam
585 1605 659 1626 esse
682 1596 767 1627 hanc
789 1602 915 1637 partem
928 1597 1030 1638 Legis
1052 1597 1083 1627 111
1108 1597 1219 1634 corde,

246 1637 406 1674 videlicet,
430 1636 632 1678 Decalogum
656 1639 695 1668 de
714 1638 912 1676 Dilectione,
935 1640 975 1669 de
998 1638 1218 1676 Invocatione,

246 1680 284 1710 de
307 1679 434 1713 Timore
458 1680 529 1710 Dei.

330 1724 385 1755 Sic
419 1730 448 1754 et
484 1723 524 1753 de
555 1724 748 1753 ceremoniis
773 1724 1065 1760 concionabantur,
1099 1733 1219 1763 nequa-

246 1776 341 1807 quam
364 1766 498 1796 traditas
524 1775 609 1802 esse,
634 1771 667 1795 ut
692 1771 802 1796 essent
825 1766 929 1804 pretia
951 1776 1010 1806 pro
1026 1765 1218 1796 remissione

245 1815 470 1847 peccator-mn,
505 1808 564 1838 sed
598 1813 631 1838 ut
666 1814 777 1838 essent
806 1809 902 1848 signa
924 1808 1053 1838 venturi
1075 1806 1218 1837 Messiae

245 1856 275 1880 et
299 1850 480 1880 testimonia
509 1848 726 1889 professionis
758 1860 797 1879 ac
828 1851 983 1880 exercitia
1013 1850 1219 1880 admonentia

246 1892 285 1922 de
308 1892 385 1922 Pide
409 1898 439 1922 et
462 1891 683 1928 invocatione,
708 1902 768 1921 nec
791 1891 904 1922 valere
928 1893 990 1922 nisi
1012 1892 1101 1931 prius
1132 1892 1217 1921 iacto

248 1932 472 1970 fundamento,
506 1932 657 1963 videlicet
689 1934 799 1975 agnita
828 1935 1046 1973 promissione
1075 1933 1218 1964 Messiae

247 1983 278 2006 et
308 1982 444 2015 accepta
469 1976 660 2005 remissione
683 1981 893 2015 peccatorum
923 1982 954 2007 et
982 1976 1135 2006 inchoata
1164 1974 1219 2006 illa

247 2018 347 2058 prima
370 2024 462 2058 parte
484 2017 595 2058 Legis,
619 2016 745 2048 scilicet
768 2017 951 2059 Decalogo.

332 2059 387 2090 Sic
410 2066 440 2090 et
464 2060 504 2090 de
526 2061 621 2090 tertia
644 2066 736 2099 parte
751 2060 861 2101 Legis,
885 2061 916 2090 id
941 2067 1001 2097 est,
1026 2060 1065 2090 de
1088 2060 1218 2090 iudicia-

247 2101 330 2132 libus
355 2101 526 2137 docebant,
550 2101 682 2142 placere
704 2102 837 2142 politica
861 2101 971 2133 officia
993 2103 1080 2132 iacto
1104 2101 1218 2133 funda-

246 2153 371 2180 mento,
405 2144 435 2173 id
465 2151 530 2181 est,
560 2145 670 2184 agnita
699 2145 917 2184 promissione
940 2145 1083 2175 Messiae
1111 2150 1142 2174 et
1165 2154 1218 2174 ac-

247 2192 341 2226 cepta
374 2186 564 2216 remissione
599 2194 627 2216 et
657 2186 812 2217 inchoata
838 2188 870 2217 in
902 2188 1002 2217 corde
1030 2185 1084 2216 illa
1114 2187 1217 2226 prima

246 2234 338 2267 parte
356 2227 464 2268 Legis,
488 2227 610 2258 scilic-et
637 2227 819 2269 Decalogo‚
842 2236 876 2259 ut
900 2229 1018 2260 fiducia
1041 2228 1150 2259 atmilii
1174 2228 1219 2258 di-

246 2269 311 2299 vini
335 2275 366 2299 et
389 2275 522 2309 propter
545 2269 681 2310 gloriam
705 2270 765 2301 Dei
796 2277 825 2301 et
850 2270 1055 2302 dilectionem
1078 2271 1217 2310 proximi

246 2311 359 2341 fierent
383 2310 515 2351 politica
538 2310 657 2349 officia,
677 2323 760 2349 non,
785 2314 867 2344 sicut
891 2323 929 2344 ea
955 2312 1119 2344 faciebant
1143 2311 1218 2343 Ale-

246 2353 384 2390 xander,
419 2352 527 2393 Sylla,
563 2354 686 2384 Marius
710 2362 739 2385 81
763 2354 897 2391 similes,
933 2366 1006 2386 011111
1031 2361 1217 2396 contemptu

248 2394 317 2431 Dei,
340 2396 490 2435 propriae
514 2398 677 2435 potentiae
699 2407 738 2428 ac
761 2396 908 2427 utilitatis
932 2408 1062 2428 caussa.

246 2496 291 2524 37)
311 2496 454 2527 exaudiret]
474 2497 544 2521 Edin.
559 2498 648 2522 1—17.
673 2500 709 2522 19.
731 2499 840 2522 21-23.
860 2499 898 2524 26.
919 2500 959 2522 27.
980 2501 1092 2531 audiret;
1112 2501 1154 2526 Ed.
1175 2502 1213 2525 18.

313 2530 413 2554 audire:
433 2530 474 2555 Ed.
495 2531 534 2553 20.
554 2531 672 2556 exaudire

870 113 979 145 Ptin„
1002 113 1104 145 MEL.
1128 113 1312 146 SCRIPTA
1333 113 1607 146 DOGMATICA.

2170 117 2233 151 804

1345 207 1401 239 Sic
1434 207 1620 248 Prophetae
1660 209 1884 241 monstrabant
1917 210 2167 250 promissionem
2200 219 2231 243 et

1259 259 1355 281 usum
1378 249 1495 292 Legis,
1520 256 1657 281 econtra
1683 260 1763 281 vero
1792 253 2040 292 superstitiosas
2063 254 2231 293 opiniones

1259 293 1433 329 taxabant,
1458 298 1492 322 ut
1522 290 1634 323 lerem.
1657 293 1688 322 7.
1719 295 1780 330 [vs.
1803 293 1871 332 22]
1913 294 1986 325 Non
2013 296 2167 336 praecepi
2187 297 2230 333 ⁸⁸)

1260 334 1407 374 patribus
1421 335 1540 364 vestris
1557 334 1597 365 de
1616 333 1838 371 holocaustis3
1860 335 1900 366 Et
1922 335 2010 367 Psal.
2023 336 2075 367 50.
2090 339 2152 374 [vs.
2167 337 2230 374 184

1260 375 1474 407 Holocaustis
1497 386 1563 406 non
1587 375 1814 407 delectaberis.
1850 377 1941 408 Haec
1959 384 1990 408 et
2010 377 2126 409 similia
2146 379 2233 410 dicta

1260 418 1455 449 videbantur
1482 425 1595 458 aperte
1617 428 1766 460 pugnare
1795 429 1869 450 cum
1891 419 1999 461 Lege,
2022 430 2124 461 quare
2145 421 2231 461 impii

1260 459 1371 501 Reges
1395 466 1427 491 et
1450 459 1628 491 Pontifices
1651 462 1766 491 armati
1800 466 1971 502 praetextu
1994 461 2042 492 Le
2067 463 2094 492 is
2118 464 2232 494 crude-

1260 500 1335 532 liter
1357 502 1547 533 saeviebant
1576 503 1608 533 in
1632 502 1832 543 Prophetas3
1860 503 1927 534 Sed
1956 472 2142 544 Prophetae
2168 503 2232 536 hoc

1261 543 1434 581 volebant,
1464 544 1554 585 Lege
1583 555 1648 575 non
1671 544 1833 586 postulari
1858 547 2060 576 ceremonias
2084 546 2154 576 sine
2175 556 2233 577 no·

1261 587 1330 617 titia
1353 592 1385 617 et
1407 586 1527 617 fiducia
1552 587 1693 618 Messiae
1723 593 1754 618 81
1778 588 1849 618 51118
1871 588 2070 628 poenitentia
2097 597 2172 624 seu,
2198 595 2233 618 ut

1261 627 1361 669 vulgo
1384 627 1574 669 loquuntur,
1598 639 1637 659 ex
1661 640 1761 670 opere
1790 635 1941 670 operato,
1965 635 1996 660 et
2019 640 2093 660 cum
2115 630 2233 661 ceteris

1261 671 1440 707 8110111105,
1464 681 1548 711 111105
1572 672 1687 712 ignara
1710 670 1880 703 multitudo
1903 671 2094 713 affingebat.

1348 727 1443 763 Quod
1477 735 1585 760 autem
1616 731 1803 761 constitutio
1831 729 1887 761 illa
1915 729 2048 770 politiae
2068 729 2234 761 Mosaicae

1262 771 1388 801 dicatur
1410 772 1542 812 proprie
1553 778 1648 802 vetus
1661 771 1914 810 Testamentum,
1939 772 2132 804 confirmant
2153 772 2235 803 11380

1262 813 1361 849 dicta,
1385 812 1460 843 Gal.
1483 813 1513 843 4.
1539 816 1601 851 [vs.
1624 813 1690 852 24]
1724 813 1815 844 Haec
1837 820 1912 844 sunt
1935 815 1998 845 duo
2015 813 2235 852 Testamenta,

1261 865 1359 885 unum
1388 855 1519 895 quidem
1548 866 1588 886 ex
1615 861 1725 886 monte
1747 855 1827 887 Sina
1855 856 1897 886 ad
1926 856 2116 886 servitutem
2137 865 2236 898 gene-

1262 907 1357 934 rans,
1391 896 1423 927 id
1447 903 1514 935 est,
1545 896 1696 938 obligans
1718 898 1761 928 ad
1779 897 1863 928 hanc
1886 897 2044 938 politiam,
2066 907 2152 938 quae
2174 899 2234 929 etsi

1263 944 1332 969 erat
1356 949 1509 979 magnum
1522 939 1728 977 beneficium,
1751 939 1972 981 gratissimum
1991 945 2043 970 est
2054 939 2139 970 enim
2149 940 2236 971 scire

1263 987 1387 1012 certam
1409 980 1581 1012 Ecclesiae
1604 982 1734 1018 sedem,
1769 987 1877 1012 tamen
1907 981 2050 1012 servitus
2083 987 2171 1019 erat,
2203 982 2236 1013 id

1263 1029 1333 1060 est,
1367 1024 1511 1054 nondum
1538 1029 1609 1054 erat
1637 1023 1718 1054 illud
1741 1034 1900 1055 summum
1922 1024 2063 1060 bonum,
2095 1033 2183 1055 nova
2204 1029 2236 1054 et

1263 1071 1396 1096 aeterna
1419 1066 1502 1103 w'ta,
1536 1075 1620 1107 quae
1650 1066 1711 1097 erit
1739 1076 1818 1097 vera
1839 1064 1973 1096 libertas
1997 1064 2181 1096 exhibenda
2203 1066 2235 1096 in

1263 1117 1350 1139 novo
1362 1107 1588 1144 Testament03
1611 1109 1671 1139 sed
1694 1113 1763 1139 erat
1785 1108 1995 1139 ministerium
2005 1107 2118 1149 Legis,
2140 1117 2235 1148 prae-

1264 1150 1377 1180 dicans
1404 1151 1483 1181 iram
1515 1150 1677 1181 adversus
1705 1156 1877 1191 peccatum
1899 1156 1931 1181 et
1955 1152 2115 1181 coercens
2139 1149 2235 1180 111501-

1262 1191 1352 1233 plina
1375 1198 1406 1223 et
1428 1193 1580 1223 erudiens
1599 1191 1754 1233 populum
1776 1193 1898 1223 umbris
1921 1192 2115 1233 quibusdam
2132 1192 2173 1223 de
2189 1189 2235 1223 fu·

1262 1235 1344 1265 turis
1368 1235 1471 1265 bonis.

1344 1293 1406 1327 ,Sic
1433 1294 1474 1324 ad
1505 1293 1604 1324 Hebr.
1634 1294 1664 1324 7.
1697 1296 1758 1331 [vs.
1786 1293 1847 1331 184
1875 1298 1970 1324 vetus
1994 1293 2235 1326 Testamentum

1263 1336 1306 1366 ait
1340 1336 1512 1376 abrogari,
1547 1336 1634 1376 quod
1657 1334 1753 1366 fuerit
1787 1334 1949 1366 imbecille
1983 1345 2023 1366 ac
2037 1338 2082 1371 ³⁹)
2111 1335 2233 1367 inutile.

1262 1378 1336 1408 Non
1359 1376 1503 1418 loquitur
1526 1378 1566 1408 de
1583 1378 1803 1417 promissione
1820 1377 1949 1408 venturi
1966 1376 2125 1408 Messiae:
2144 1377 2235 1408 Haec

1262 1430 1328 1450 non
1350 1418 1409 1450 suit
1431 1418 1553 1450 inutilis
1575 1419 1747 1455 Patribus,
1780 1419 1841 1449 sed
1864 1419 1933 1449 Lex
1966 1418 2026 1450 fuit
2054 1419 2181 1450 infirma
2202 1425 2235 1450 et

1262 1461 1395 1499 inutilis,
1419 1459 1544 1493 scilicet
1567 1461 1609 1491 ad
1631 1460 1890 1491 iustificationem
1913 1470 1972 1491 seu
1994 1462 2037 1492 ad
2058 1459 2234 1492 tollendum

1262 1510 1432 1545 peccatum
1456 1509 1488 1534 et
1510 1508 1658 1533 mortem.
1692 1503 1764 1533 Hoc
1785 1503 1891 1543 ipsum
1914 1503 1998 1533 enim
2021 1502 2091 1534 vult
2112 1504 2234 1534 dicere:

1262 1546 1332 1577 Etsi
1354 1556 1507 1587 magnum
1531 1545 1723 1576 beneficium
1746 1550 1816 1575 erat
1838 1546 1906 1576 dari
1930 1550 2053 1576 certam
2063 1544 2235 1576 Ecclesiae

1263 1589 1375 1619 sedem
1397 1589 1429 1619 in
1452 1588 1565 1625 terris,
1600 1588 1753 1618 constitui
1766 1589 1810 1624 ⁴⁰)
1839 1586 2010 1628 pulchram
2033 1586 2179 1628 politiam
2202 1594 2233 1618 et

1263 1629 1483 1670 disciplinam,
1514 1636 1622 1661 tamen
1644 1629 1727 1661 haec
1755 1630 1842 1660 bona
1865 1629 1973 1660 omnia
1995 1635 2089 1660 erant
2110 1639 2165 1660 res
2187 1630 2233 1660 in-

1261 1674 1426 1710 tei-itui41)
1450 1679 1482 1704 et
1505 1673 1600 1703 morti
1630 1673 1807 1709 obnoxiae,
1837 1681 1901 1702 non
1932 1677 2026 1702 erant
2052 1672 2173 1702 iustitia
2202 1677 2233 1702 et

1262 1716 1327 1746 vita
1350 1721 1494 1746 aeterna.

1349 1766 1404 1797 Sic
1434 1771 1465 1796 et
1489 1765 1578 1797 clare
1600 1765 1752 1796 Ieremias
1783 1775 1854 1805 cap.
1877 1764 1928 1795 31.
1958 1766 2019 1802 [vs.
2043 1763 2107 1803 32]
2135 1769 2233 1795 vocat

1262 1814 1357 1839 vetus
1380 1808 1622 1839 Testamentum
1645 1806 1774 1844 foedus,
1799 1807 1886 1848 quod
1911 1805 2032 1837 factum
2056 1812 2125 1843 est,
2160 1815 2232 1836 cum

1262 1852 1455 1881 educeretur
1488 1849 1631 1891 populus
1666 1860 1707 1880 ex
1740 1849 1909 1890 Aegypt03
1951 1854 1982 1879 et
2016 1848 2233 1878 eruditissime

1262 1894 1417 1924 discernit
1445 1899 1541 1923 vetus
1565 1898 1595 1923 et
1620 1902 1749 1923 novum.
1795 1891 1900 1921 Vetus
1927 1889 1987 1920 fuit
2013 1888 2231 1931 promulgatio

1262 1942 1395 1966 externa
1418 1934 1520 1976 Legis
1544 1941 1575 1966 et
1599 1933 1777 1964 declaratio
1804 1932 1910 1963 iudicii
1933 1932 2095 1962 adversus
2116 1941 2232 1972 pecca-

1261 1984 1325 2008 tum
1360 1983 1391 2007 et
1425 1977 1612 2007 constitutio
1640 1974 1788 2016 politiae,
1821 1979 1857 2005 ut
1890 1979 1980 2005 certa
2008 1974 2107 2004 sedes
2141 1979 2231 2003 esset

1260 2020 1352 2050 verbi
1376 2024 1407 2050 et
1428 2019 1684 2049 testimoniorum
1713 2016 1786 2047 Dei.
1832 2016 1898 2047 Sed
1928 2025 2049 2046 novum
2076 2025 2142 2046 non
2170 2015 2231 2045 erit

1261 2069 1395 2093 externa
1404 2059 1620 2102 promulgatio
1629 2059 1740 2101 Legis,
1747 2059 1805 2089 5811
1814 2068 1899 2088 nova
1912 2063 1944 2088 et
1953 2058 2168 2094 aeternavita,
2175 2055 2230 2087 lux

1261 2110 1291 2135 et
1315 2105 1447 2141 iustitia,
1470 2103 1562 2134 Leve
1585 2102 1720 2133 ardente
1742 2102 1775 2131 in
1796 2101 1959 2137 cordibus,
1982 2098 2104 2131 abolita
2125 2104 2230 2130 morte

1261 2152 1293 2177 et
1315 2152 1463 2187 peccato.
1509 2128 1742 2185 (ffomplectitur
1776 2144 1860 2173 enim
1886 2142 2039 2173 Ieremias
2068 2146 2170 2172 totum
2198 2146 2230 2171 et

1260 2189 1420 2229 integrum
1444 2187 1591 2218 effectum
1618 2186 1694 2217 novi
1722 2185 1939 2221 Testamenti,
1972 2189 2007 2215 ut
2039 2182 2229 2224 plerumque

1261 2230 1445 2270 Prophetae
1469 2231 1509 2260 de
1533 2228 1699 2261 beneficiis
1712 2227 1856 2258 Messiae
1877 2226 2049 2267 loquentes
2071 2235 2137 2256 non
2159 2231 2229 2256 tan-

1260 2349 1306 2379 38)
1325 2349 1452 2380 praecepi]
1474 2352 1543 2377 811111.
1565 2354 1604 2376 18.
1623 2352 1664 2375 22.
1684 2349 1792 2380 praecipi

1259 2399 1305 2429 39)
1325 2399 1364 2431 ac]
1386 2400 1456 2424 Editt.
1478 2399 1550 2422 1—9.
1572 2399 1610 2422 12.
1631 2401 1657 2424 et

1258 2451 1304 2481 40)
1324 2450 1453 2480 constitui]
1472 2451 1543 2475 Editt..
1565 2451 1635 2475 1—4.
1654 2450 1677 2473 6.
1698 2451 1721 2473 7.
1741 2450 1763 2474 9.
1783 2450 1821 2474 12.
1840 2451 1991 2475 constituere

1258 2502 1303 2529 41)
1323 2500 1537 2560 121ιὲ81111111ιξ11111.
1558 2501 1646 2523 1—12.
1666 2501 1827 2531 interiturae;
1847 2501 1918 2525 Editt.
1939 2500 1976 2524 18.
1999 2501 2104 2525 15—18.
2123 2501 2164 2525 20.
2184 2502 2223 2525 21.

1360 2553 1365 2560 .
1383 2541 1407 2560 m
1420 2541 1455 2560 en
