2358 2933
110 121 174 153 453

111 214 257 245 credenti
279 219 342 244 etc.

111 262 163 287 est
193 255 336 287 volentis
366 264 473 294 neque
502 256 680 292 currentis,
712 255 772 285 sed
798 254 863 285 Dei
892 255 1089 293 miserentis,

110 309 176 329 non
211 297 310 329 efficit
340 297 591 337 promissionem
623 296 870 337 particularem,
901 297 962 327 sed
991 298 1089 327 docet

110 340 369 372 misericordiam
393 349 547 370 caussam
571 349 647 369 esse
671 338 859 374 electionis3
888 339 921 368 id
944 340 1033 379 quod
1057 346 1089 369 et

110 388 211 423 supra
238 382 386 412 diximus.
438 382 490 412 Ac
518 387 588 412 tota
614 380 670 411 illa
699 381 814 412 concio
838 379 931 411 Pauli
961 382 1001 411 de
1025 380 1088 412 ele-

110 426 218 456 ctione
236 424 383 455 instituta
401 431 462 461 est,
480 434 546 454 non
565 425 607 454 ad
624 424 864 463 perturbandas
877 429 1016 461 mentes,
1029 424 1089 454 sed

109 468 152 498 ad
175 465 409 497 consolandas.
453 466 495 496 Et
525 466 654 506 quidem
681 466 907 496 necessariam
935 465 1088 496 consola-

108 510 230 540 tionem
251 509 418 550 proponit,
442 508 583 539 detrahit
604 508 747 538 iustitiae
771 506 855 549 legis
879 508 1029 538 meritum
1048 518 1087 538 ac

109 552 317 593 dignitatem3
351 552 426 582 ideo
456 551 516 582 ait:
549 550 624 581 Non
647 556 698 580 est
722 549 863 580 volentis
889 560 996 590 neque
1015 561 1088 581 cur-

108 594 208 624 rentis
233 600 283 623 ete.
298 595 342 630 ⁴¹)
378 593 463 628 Quid
485 598 594 623 autem
617 590 793 632 optabilius
817 597 879 629 est,
903 602 1000 633 quam
1024 591 1088 623 ele—

108 636 251 666 ctionem
282 645 348 666 non
371 646 411 666 ex
434 636 591 676 dignitate
615 640 750 665 nostrae
773 634 933 672 iustitiae,
963 635 1023 665 sed
1047 645 1086 665 ex

107 678 334 714 misericordia
363 678 526 717 pendere,
553 682 589 707 ut
619 677 661 706 sit
687 682 769 706 rata.
814 676 943 707 Deinde
972 675 1033 707 fuit
1057 683 1088 708 et

106 720 190 751 haec
219 718 404 750 consolatio
432 719 641 755 necessaria,
670 719 781 749 dicere
810 719 851 749 de
880 719 1000 749 effectu
1023 718 1087 750 ele-

107 763 242 799 ctionis,
275 762 364 802 quod
397 761 551 792 videlicet
577 762 619 791 sit
647 759 757 801 aliqua
785 767 876 792 certa
906 760 1086 792 electorum

106 803 270 840 Ecclesia,
293 814 379 844 quae
402 805 505 834 verbo
528 803 592 834 Dei
617 804 738 839 credit;
779 814 821 834 ne
844 804 974 843 decepti
997 802 1086 834 illam

106 845 343 877 multitudinem
376 851 528 886 putemus
563 855 638 876 esse
670 844 858 876 Ecclesiam
886 845 965 883 Dei,
1000 856 1086 886 quae

106 895 241 929 propter
269 888 425 919 iustitiam
453 887 538 928 legis
567 894 703 929 arrogat
730 889 792 918 sibi
820 887 948 919 titulum
977 894 1008 918 et
1039 888 1086 918 in-

107 931 200 961 terim
232 931 442 970 persequitur
474 929 702 972 Evangelium.
755 930 829 961 Hoc
861 931 928 971 agit
961 929 1086 961 Paulus

108 972 214 1010 [Rom.
238 972 298 1010 9.],
331 978 365 1003 ut
398 971 549 1002 detrahat
582 972 711 1003 ludaeis
745 971 869 1003 titulum
903 971 1086 1010 Ecclesiae,

108 1024 205 1055 quem
228 1015 290 1045 sibi
311 1020 447 1054 propter
468 1015 622 1045 iustitiam
644 1013 730 1055 legis
755 1016 967 1055 arrogabant.
1008 1015 1086 1045 Ideo

107 1057 242 1097 opponit
264 1055 361 1087 aliam
384 1055 565 1086 electorum
589 1055 779 1092 ecclesiam3
803 1063 835 1087 et
858 1057 984 1087 interim
1009 1057 1086 1087 dicit

106 1097 243 1129 alteram
265 1098 423 1135 indurari,
445 1097 586 1139 loquens
608 1096 761 1129 videlicet
785 1099 825 1129 de
847 1109 955 1138 poena
972 1109 1086 1140 perse-

107 1141 258 1171 cutionis.
293 1140 347 1171 Ad
369 1139 453 1180 Eph.
479 1141 507 1171 l.
532 1143 597 1178 [vs.
620 1140 667 1178 4.]
691 1141 811 1181 inquit:
835 1140 944 1181 Elegit
966 1152 1029 1172 nos
1053 1142 1085 1171 in

107 1181 260 1218 Christo;
283 1188 320 1214 ut
341 1183 515 1213 admoneat
539 1181 709 1213 electionis
741 1193 894 1213 caussam
919 1193 995 1213 esse
1018 1194 1084 1214 non

107 1226 296 1267 dignitatem
318 1230 477 1262 nostram,
501 1225 560 1255 sed
574 1224 752 1262 Christum,
774 1235 828 1262 ne,
851 1231 978 1256 remoto
992 1224 1085 1256 Chri-

107 1274 158 1299 sto
181 1277 221 1298 ac
239 1265 432 1307 EvangeliO,
457 1267 498 1297 de
521 1265 683 1297 electione
706 1267 975 1308 cogitemus‚sed
989 1278 1084 1298 caus-

106 1319 177 1340 sam
207 1309 378 1340 electionis
401 1309 433 1339 in
458 1308 582 1340 Christi
610 1308 773 1340 beneficio
797 1320 837 1340 ac
860 1311 1084 1349 promissione

106 1361 311 1392 quaeramus.
356 1351 448 1389 Item,
470 1351 565 1383 Rom.
588 1351 619 1383 8.
645 1355 708 1389 [vs.
731 1351 799 1390 30.]
829 1352 922 1387 Quos
945 1353 1084 1393 praede-

105 1395 252 1431 stinavit,
281 1395 415 1426 eosdem
444 1400 475 1425 et
501 1395 651 1432 vocavit,
674 1403 758 1435 quos
781 1395 925 1431 vocavit,
949 1395 1083 1426 eosdem

106 1442 138 1467 et
165 1437 366 1475 iustificavit,
389 1439 500 1473 etc.⁴²)
551 1437 613 1468 Hic
643 1435 835 1468 consolatur
864 1444 1019 1474 53118105,
1048 1443 1084 1468 ut

106 1479 213 1510 sciant
247 1478 390 1520 aliquam
424 1484 547 1511 certam
571 1489 648 1510 esse
678 1479 857 1510 electorum
884 1479 1084 1517 Ecclesiam,

106 1523 192 1557 ut⁴³³)
221 1522 329 1552 sciant
350 1521 568 1563 Evangelium
595 1520 740 1552 futurum
772 1531 848 1553 esse
871 1521 990 1552 efficax
1019 1528 1083 1553 etc.

105 1564 234 1595 Deinde
257 1564 406 1606 adiungit
427 1565 651 1601 vocationem,
681 1569 717 1594 ut
747 1564 900 1595 ostendat
922 1574 991 1594 rem
1014 1565 1083 1605 geri

105 1617 165 1647 per
186 1606 335 1644 verbum,
359 1612 390 1637 et
412 1606 618 1637 vocationem
640 1606 802 1645 pertinere
821 1607 864 1637 ad
883 1605 1084 1638 electionem.

105 1649 197 1680 Haec
219 1649 301 1678 satis
325 1649 368 1679 sit
390 1650 431 1679 de
452 1648 750 1689 praedestinatione
772 1649 919 1679 breviter
943 1649 1086 1679 monuis-

106 1700 154 1722 se.
199 1690 252 1721 De
280 1701 400 1723 caussa
427 1689 521 1728 mali,
555 1691 632 1721 item
661 1690 701 1720 de
730 1691 956 1732 contingentia
985 1701 1086 1730 supra

106 1734 226 1764 dictum
248 1738 310 1763 est.

211 1832 272 1863 DE
295 1832 550 1865 DISGRlMlNE
574 1832 762 1864 VETERIS
784 1832 840 1863 ET
862 1833 971 1863 Novi

448 1875 738 1906 TESTAMENTI.

192 1942 357 1984 Supra⁴⁴)
381 1943 521 1974 diximus
541 1943 581 1973 de
603 1941 680 1983 lege
703 1948 735 1973 et
745 1941 938 1983 Evangelio.
962 1942 1084 1974 Etiam-

106 1985 134 2015 si
156 1984 226 2015 Lex
247 1985 358 2026 Moysi
387 1986 430 2016 ad
460 1991 584 2015 certum
614 1984 768 2025 populum
799 1995 839 2015 ac
863 1992 990 2026 tempus
1014 1996 1084 2016 cer-

105 2033 173 2058 tum
202 2028 376 2068 pertinuit,
405 2033 512 2058 tamen
542 2026 651 2068 legem
678 2033 814 2058 naturae
841 2029 984 2058 omnium
1008 2039 1084 2059 esse

106 2070 250 2111 gentium
273 2079 489 2107 communem,
508 2075 538 2099 et
561 2070 603 2099 ad
626 2080 739 2100 omnes
759 2075 882 2100 aetates
901 2071 1082 2110 pertinere3

104 2112 245 2152 ideoque
266 2112 298 2142 in
322 2118 438 2142 natura
460 2112 584 2151 scripta
603 2119 663 2142 est.
708 2112 837 2143 Rursus
856 2112 1083 2153 Evangelium,

104 2153 169 2184 hoc
189 2160 250 2191 est,
268 2155 445 2194 promissio
463 2152 739 2185 reconciliationis
758 2162 895 2195 propter
907 2154 1083 2193 Chnstum,

106 2197 202 2227 etiam
226 2196 268 2227 ad
291 2206 405 2227 omnes
427 2202 552 2226 aetates
576 2197 729 2236 pertinet3
763 2199 824 2228 etsi
846 2197 929 2229 haec
953 2199 1082 2238 quidem

106 2248 171 2270 non
195 2244 245 2269 est
267 2237 423 2270 naturalis
446 2239 570 2276 notitia,
593 2240 653 2270 sed
681 2241 723 2270 ab
746 2241 837 2271 initio
861 2238 1008 2272 revelata
1032 2248 1082 2272 est

106 2383 152 2414 41)
172 2385 217 2408 ete.
237 2381 350 2407 addunt
367 2383 440 2408 Editt.
457 2384 478 2405 7.
500 2383 524 2405 8.
544 2384 652 2406 11—14.
671 2385 698 2408 et
715 2384 775 2414 opp.

106 2433 152 2463 42)
171 2435 219 2458 etc.
239 2432 352 2457 addunt
370 2434 441 2458 Editt.
462 2434 484 2456 7.
504 2435 526 2457 8.
549 2434 656 2457 llffll-l.
676 2436 702 2459 et
721 2435 780 2464 opp.

106 2484 151 2514 43)
172 2486 199 2508 ut
217 2483 329 2508 addunt·
348 2484 421 2509 Editt.
441 2483 464 2507 7.
485 2485 507 2507 8.
530 2485 637 2507 11—14.
658 2486 683 2509 et
702 2485 762 2514 Ορρ.

106 2534 152 2565 44)
171 2535 231 2559 Vide
250 2541 326 2565 supra
345 2541 369 2566 p.
390 2536 439 2560 388
458 2542 512 2565 qu.
531 2538 557 2560 et
574 2537 624 2560 413
643 2542 698 2566 sqq.

555 120 577 150 1.
601 118 704 150 LOCI
725 119 1002 151 THEOLOGICI:
1033 120 1070 152 C.
1095 120 1306 152 SECUNDA
1328 122 1484 154 EORUM
1508 123 1663 154 AETAS.

387 212 428 242 Et
450 211 544 242 Pauli
567 213 687 243 dictum
711 212 818 250 [Rom.
841 212 873 250 9,
898 212 979 251 16.]:
1014 213 1089 243 Non
1108 218 1111 223 '

2048 123 2112 154 454

1132 215 1306 254 promissio
1341 215 1499 254 patribus.
1561 214 1657 245 Nunc
1690 215 1719 245 si
1755 220 1849 245 vetus
1883 220 2111 246 testamentum

1132 257 1263 296 proprie
1287 266 1445 287 vocamus
1469 255 1575 297 legem
1598 257 1726 297 Moysi,
1751 256 1815 286 hoc
1839 262 1908 294 est,
1930 262 2031 287 totam
2054 268 2112 297 po-

1131 297 1231 328 litiam
1271 298 1396 340 Moysi,
1441 298 1539 329 facile
1570 305 1619 329 est
1650 300 1841 329 discernere
1871 304 1968 329 vetus
1998 298 2112 329 Testa·

1132 347 1276 371 mentum
1300 351 1319 370 a
1342 351 1440 371 novo.
1477 341 1582 371 Vetus
1606 340 1863 379 Testamentum,
1887 340 1951 371 hoc
1974 347 2036 378 est,
2058 340 2112 371 lex

1132 381 1253 423 Moysi,
1277 383 1465 413 continebat
1488 382 1594 423 legem
1620 389 1651 413 et
1672 384 1912 423 promissiones
1937 384 1977 413 de
2000 382 2113 424 politia

1132 423 1243 464 populi
1278 423 1390 454 Israel.
1447 424 1621 466 Significat
1655 425 1740 455 enim
1776 425 2019 456 Testamentum
2054 435 2113 456 seu

1131 473 1229 506 pacta
1251 476 1311 496 seu
1334 467 1572 506 promissiones
1597 477 1655 497 seu
1680 467 1926 498 ordinationem.
1957 467 1998 497 Et
2019 467 2112 509 leges

1131 507 1208 538 illae
1231 509 1400 539 Mosaicae
1423 508 1487 539 11ο8
1510 509 1576 542 fine
1599 510 1736 539 traditae
1756 516 1842 547 sunt,
1866 520 1932 540 non
1957 510 2033 550 quia
2055 520 2113 550 po-

1131 549 1228 591 pulus
1252 558 1388 591 propter
1413 560 1468 581 eas
1493 558 1583 581 esset
1606 551 1712 581 iustus
1737 561 1850 581 coram
1872 551 1965 589 Deo,
1994 553 2056 582 sed
2078 557 2113 582 ut

1131 593 1357 623 discernerent
1391 592 1557 623 Israelitas
1587 603 1607 622 a
1637 591 1772 633 reliquis
1802 595 1974 634 gentibus,
2007 604 2113 634 usque

1130 635 1172 665 ad
1199 635 1477 674 praedicationem
1507 634 1640 665 Christi.
1686 634 1801 666 Voluit
1831 636 1916 666 enim
1946 635 2040 666 Deus
2062 646 2113 666 se-

1131 686 1274 718 gregare
1297 676 1385 707 hunc
1408 675 1566 717 populum
1589 687 1609 707 a
1633 678 1772 707 caeteris
1791 678 1963 719 gentibus,
1987 684 2021 708 ut
2044 688 2114 709 cer-

1130 726 1183 750 tus
1207 718 1325 760 aliquis
1348 718 1492 759 populus
1517 726 1623 757 esset,
1657 720 1689 749 in
1714 729 1779 760 quo
1802 726 1996 751 nasceretur
2020 719 2113 751 Chri-

1129 768 1215 798 stus,
1239 768 1270 792 et
1293 762 1326 791 in
1350 772 1414 802 quo
1438 767 1717 792 conservarentur
1734 763 1985 802 promissioneS,
2009 769 2041 793 et
2060 772 2114 793 ex-

1129 809 1237 834 tarent
1266 811 1356 834 certa
1385 804 1571 834 testimonia
1600 804 1641 834 de
1663 805 1767 834 verbo
1790 804 1866 834 Dei.
1911 805 1989 835 Ideo
2012 806 2112 836 tantis

1129 845 1298 877 miraculis
1321 845 1464 886 populus
1489 847 1628 877 eductus
1653 852 1704 876 est
1728 856 1769 876 ex
1791 847 1958 888 Aegypto,
1983 854 2014 879 et
2037 849 2112 879 sub-

1129 888 1205 919 inde
1234 899 1323 918 nova
1345 887 1502 919 miracula
1526 889 1699 919 extiterunt
1722 889 1753 919 in
1778 899 1817 919 eo
1841 888 1976 930 populo,
1999 890 2111 921 videli-

1131 936 1200 968 cet,
1224 936 1258 961 ut
1281 936 1406 961 certum
1428 937 1553 961 extaret
1574 931 1813 968 testimonium,
1844 933 1933 972 quod
1959 933 2022 963 iste
2054 944 2111 974 po-

1130 971 1228 1012 pulus
1251 972 1388 1003 haberet
1412 974 1550 1003 verbum
1572 972 1635 1003 Dei
1659 979 1690 1003 et
1712 974 1965 1014 promissionem
1995 976 2035 1006 de
2058 985 2111 1006 sa-

1129 1014 1196 1045 lute
1230 1014 1361 1045 humani
1396 1016 1538 1055 generis.
1585 1015 1781 1056 Quanquam
1814 1017 1911 1056 igitur
1944 1015 2112 1048 Israelitae

1130 1067 1195 1087 non
1223 1058 1434 1087 merebantur
1456 1058 1684 1088 remissionem
1707 1064 1920 1098 peccatorum
1943 1066 1974 1090 et
1997 1059 2110 1090 iustifi-

1129 1100 1302 1135 cationem,
1326 1100 1359 1130 id
1382 1105 1449 1136 est,
1473 1098 1773 1130 reconciliationem
1803 1111 1915 1131 coram
1937 1101 2012 1132 Deo
2035 1112 2111 1142 pro-

1129 1147 1201 1181 pter
1223 1140 1285 1171 has
1307 1140 1418 1182 leges,
1441 1148 1549 1172 tamen
1572 1142 1666 1173 Deus
1689 1142 1831 1173 subiecit
1854 1152 1913 1172 eos
1936 1144 2007 1174 istis
2030 1143 2110 1185 legi-

1129 1185 1203 1220 bus,
1226 1193 1311 1223 quae
1335 1189 1427 1214 erant
1449 1184 1679 1215 observandae
1702 1183 1793 1215 velut
1816 1184 1989 1225 disciplina
2012 1196 2112 1227 quae-

1129 1226 1214 1262 dam,
1238 1236 1302 1265 qua
1326 1225 1563 1257 coherceretur
1587 1237 1665 1257 caro
1690 1233 1752 1257 etc.
1783 1226 1875 1258 Sicut
1899 1228 2003 1268 inquit
2027 1228 2110 1258 Pau-

1127 1266 1180 1298 lus
1206 1266 1293 1304 [Gal.
1317 1268 1348 1305 3,
1372 1269 1456 1306 24.]:
1489 1268 1561 1299 Lex
1590 1275 1640 1299 est
1666 1270 1894 1311 paedagogus.
1939 1269 1981 1300 Et
2004 1276 2111 1301 tamen

1127 1310 1254 1340 interim
1278 1311 1487 1341 ceremoniae
1510 1310 1585 1342 illae
1607 1317 1701 1342 erant
1724 1312 1820 1342 etiam
1842 1312 1905 1352 piis
1928 1313 1996 1353 typi
2020 1318 2051 1343 et
2069 1313 2111 1343 si-

1128 1362 1194 1393 gna
1216 1353 1343 1383 venturi
1368 1352 1501 1383 Christi.
1547 1353 1846 1394 Consequebantur
1875 1360 1983 1385 autem
2005 1354 2111 1386 lsrae-

1127 1394 1205 1425 litae
1227 1396 1455 1426 remissionem
1478 1402 1692 1436 peccatorum
1716 1404 1748 1427 et
1769 1392 2033 1428 iustificabantur
2056 1408 2111 1428 co-

1127 1448 1197 1468 ram
1220 1437 1308 1475 Deo,
1331 1448 1398 1468 non
1422 1437 1488 1468 illis
1513 1439 1801 1470 observationibus
1826 1438 1923 1480 legis,
1947 1440 2007 1469 sed
2031 1439 2111 1470 fidu-

1129 1480 1180 1510 cia
1202 1480 1449 1511 misericordiae
1471 1480 1534 1511 Dei
1557 1481 1757 1521 promissae,
1779 1488 1916 1522 propter
1938 1488 2112 1512 venturum

1130 1521 1314 1558 Christum3
1338 1524 1423 1553 sicut
1447 1529 1477 1553 et
1499 1525 1605 1554 sancti
1628 1524 1660 1554 in
1683 1534 1772 1554 novo
1796 1523 2026 1560 Testamento;
2048 1533 2111 1555 nec

1129 1562 1190 1595 fuit
1219 1563 1322 1595 ullum
1352 1566 1538 1599 discrimen,
1565 1567 1655 1606 quod
1678 1567 1720 1597 ad
1744 1567 1973 1597 remissionem
1997 1576 2112 1607 pecca-

1129 1612 1236 1637 torum
1260 1612 1292 1636 et
1314 1607 1618 1639 reconciliationem
1642 1610 1774 1645 attinet3
1799 1610 1874 1650 quia
1896 1609 2027 1650 utrique
2050 1608 2113 1640 fide

1131 1648 1253 1679 Christi
1275 1649 1504 1687 iustificantur,
1527 1661 1594 1681 non
1617 1650 1702 1692 lege.

1217 1690 1308 1721 Haec
1332 1693 1468 1732 copiose
1491 1694 1699 1734 disputantur
1722 1694 1753 1724 in
1769 1693 1897 1724 Galatis
1922 1701 1953 1726 et
1971 1695 2113 1736 epistola

1131 1733 1173 1763 ad
1196 1733 1378 1764 Hebraeos.
1403 1734 1555 1765 Detrahit
1580 1736 1665 1766 enim
1687 1735 1812 1766 Paulus
1830 1735 1896 1777 legi
1914 1737 2110 1769 iustificatio-

1130 1785 1204 1805 nem
1247 1782 1278 1806 et
1311 1776 1468 1807 transfert
1504 1779 1536 1807 in
1571 1777 1745 1809 Christum.
1813 1778 1880 1809 Iam
1915 1782 2110 1821 cogitemuS‚

1131 1823 1287 1857 quantum
1311 1818 1481 1850 offenderit
1504 1819 1643 1851 ludaeos
1663 1831 1702 1851 ea
1721 1821 1881 1859 doctrina,
1901 1823 1955 1862 qui
1975 1823 2016 1853 de
2033 1822 2109 1865 lege

1130 1861 1327 1890 contrariam
1355 1863 1601 1901 persuasionem
1624 1862 1808 1901 habebant,
1842 1864 1986 1902 scilicet,
2021 1867 2110 1906 quod

1129 1907 1263 1942 propter
1293 1913 1374 1933 suos
1404 1903 1511 1934 cultus
1542 1911 1573 1935 et
1597 1915 1697 1945 opera
1719 1904 1803 1946 legis
1827 1916 2111 1947 consequerentur

1130 1945 1356 1975 remissionem
1390 1953 1602 1986 peccatorum
1635 1954 1666 1978 et
1698 1947 1966 1980 iustificationem
1996 1960 2110 1981 coram

1129 1986 1214 2017 Deo.
1261 1987 1302 2017 Et
1329 1987 1392 2019 hac
1417 1988 1536 2020 fiducia
1560 1999 1641 2020 suae
1664 1991 1804 2021 iustitiae
1829 1997 1859 2021 et
1884 1990 2029 2022 cultuum
2054 2004 2110 2023 cu-

1128 2027 1295 2060 mulabant
1318 2030 1490 2062 sacrificia.
1521 2032 1614 2063 Sicut
1636 2038 1668 2063 et
1689 2033 1721 2062 in
1743 2031 1897 2064 Ecclesia
1919 2033 2009 2064 multi
2034 2045 2109 2065 sen-

1129 2078 1252 2109 serunt,
1275 2071 1412 2103 Missam
1437 2079 1467 2104 et
1490 2080 1640 2105 caeteras
1664 2076 1888 2106 ordinationes
1908 2075 2109 2107 ecclesiasti-

1129 2124 1186 2144 cas
1220 2116 1338 2145 mereri
1367 2116 1595 2147 remissionem
1618 2123 1831 2157 peccatorum
1855 2124 1887 2148 et
1910 2119 2108 2150 iustificatio-

1128 2166 1219 2192 nem;
1266 2163 1295 2187 et
1322 2157 1385 2188 hae
1416 2160 1568 2199 opinione
1599 2160 1821 2191 ordinationes
1848 2161 1939 2201 ipsas
1965 2161 2108 2192 cumula-

1128 2205 1212 2230 runt.
1257 2199 1298 2229 Et
1327 2200 1457 2240 quidem
1487 2202 1528 2231 ad
1560 2201 1785 2232 defensionem
1809 2213 1942 2234 suarum
1966 2205 2108 2235 traditio—

1127 2253 1202 2272 num
1238 2241 1380 2283 allegant
1414 2243 1598 2283 exemplum
1625 2243 1710 2286 legis
1740 2244 1920 2277 Mosaicae.
1976 2245 2108 2287 Decipit

1128 2285 1211 2315 enim
1244 2295 1301 2315 eos
1332 2287 1488 2323 κακοζηλία
1511 2285 1612 2327 legis,
1647 2297 1743 2327 quam
1778 2298 1844 2318 non
1877 2293 1968 2319 recte
1999 2289 2106 2320 detor-

1127 2333 1228 2367 quent
1260 2328 1302 2358 ad
1336 2328 1618 2366 iustificationem,
1647 2340 1709 2360 nec
1724 2331 1769 2363 ⁴⁵)
1802 2336 1893 2361 recte
1921 2341 2107 2362 accommo-

1126 2371 1203 2400 dant
1236 2370 1277 2400 ad
1312 2376 1423 2400 nostra
1447 2381 1558 2411 opera.
1610 2371 1700 2402 Sicut
1722 2372 1822 2413 igitur
1850 2383 1938 2403 nunc
1966 2371 2106 2404 fremunt

1125 2412 1231 2451 impii,
1255 2413 1385 2452 quando
1409 2413 1595 2443 iustificatio
1620 2413 1801 2445 detrahitur
1823 2414 1946 2445 Missae
1977 2421 2008 2445 et
2032 2426 2104 2446 cae-

1124 2537 1170 2567 45)
1190 2537 1248 2567 nec]
1266 2538 1307 2562 Ed.
1331 2539 1369 2563 11.
1387 2544 1436 2563 non

1900 2590 1948 2616 29⁹
