2358 2933
239 138 300 167 435

871 128 978 158 l’lllL.
1004 127 1104 157 MEL.
1126 125 1279 159 SCRIPT
1281 126 1311 156 A
1335 124 1605 156 DOGMATtCA.

2165 129 2228 160 436

239 229 288 256 sio
313 235 419 256 terrae
444 223 650 254 Palaestinae
673 227 702 251 et
730 220 861 260 politiae
885 219 1038 250 iudaicae
1063 218 1141 249 nibil
1164 219 1207 249 ad
1228 228 1229 250 1
1252 218 1313 248 sibi
1336 216 1492 248 horribile
1517 217 1646 247 exitium
1669 217 1700 246 in
1731 215 1840 247 multis
1864 216 1946 248 locis
1967 220 2226 252 accersiverunt.

240 279 300 299 nos
325 268 502 307 pertinent.

241 316 386 350 pertinet.
410 309 457 337 sic
471 304 644 347 generales
658 304 894 343 promissiones
915 303 1045 333 additae
1063 301 1128 343 legi
1141 314 1208 333 mo-

241 350 299 380 rali
323 350 363 380 ud
387 358 498 378 otnues
523 348 698 385 pertinent:
722 347 805 375 sicut
832 344 1015 383 [Exod.20‚
1032 345 1112 382 1:34:
1145 344 1208 374 lio-

241 403 319 421 nora
350 398 472 430 patrem
501 396 530 419 et
563 395 713 418 matrem.
748 393 780 417 ut
816 388 861 417 sis
895 386 1081 427 longaevus
1110 396 1209 426 super

241 442 368 463 terram.
426 430 519 460 Vol-o
555 431 653 469 igitur
686 428 812 469 legales
847 429 1098 468 promissiones,
1133 429 1209 469 quia

239 475 368 504 additae
391 479 463 502 sunt
489 471 617 511 legibus
642 471 832 501 moralibus.
858 471 996 510 quaead
1010 480 1123 501 omnes
1136 480 1209 511 per-

240 518 349 545 tinent.
395 514 475 543 sum
505 520 614 543 autem
643 524 737 543 nemo
768 512 831 552 logi
860 511 1062 548 satisfaciat,
1097 517 1209 543 essent

240 558 347 586 irritae
370 556 603 595 promissiones
627 554 771 595 legales,
795 555 855 584 nisi
878 564 917 583 ex
941 554 1124 595 Evangelio
1146 555 1210 584 iam

239 599 414 628 sciremus.
444 596 675 627 reconciliatos
700 597 900 636 pronuntiari
925 597 1046 633 iustos,
1076 596 1210 637 perinde

239 651 279 670 ac
309 641 335 668 si
360 638 424 680 legi
448 638 700 669 satisfecissent.
746 638 837 667 'l‘unc
865 639 962 679 igitur
992 639 1076 668 bona
1107 648 1207 679 opera

239 681 419 711 iudicantur
432 681 591 722 quaedam
611 679 693 721 legis
714 679 866 719 impletio.
891 686 921 709 et
936 687 1102 710 merentur
1114 691 1207 714 prae-

239 723 312 753 mia.
336 733 408 752 cum
433 723 508 753 liunt
534 723 577 752 ab
602 722 664 759 his,
687 723 741 762 qui
766 722 829 751 lide
852 723 914 751 iam
939 723 1109 753 consecuti
1134 727 1209 752 sunt

239 765 459 794 remissionem
488 771 698 803 peccatorum
729 770 758 793 et
791 763 1101 794 reconciliationem.
1147 764 1209 794 Fa·

239 804 300 836 cile
323 812 430 836 autem
459 807 593 836 iudicari
624 812 744 845 potest,
770 806 841 835 ideo
872 816 933 835 nos
961 805 1003 834 ad
1028 806 1110 836 bene
1133 816 1209 845 ope-

239 849 371 879 randum
396 847 580 888 frigidiores
605 857 698 884 esse,
729 848 801 887 quia
826 848 1026 877 somniamus
1052 858 1152 888 opera
1178 854 1208 878 et

238 891 390 920 exercitia
422 897 533 920 nostra
563 890 694 930 indigna
727 899 803 919 esse
830 890 1001 929 praemiis,
1032 895 1087 920 aut
1120 895 1209 920 certe

239 931 358 962 frustra
382 933 504 971 suscipi
529 929 673 971 pericula
700 938 730 961 et
756 931 900 961 labores.
945 930 1048 962 Tanta
1069 938 1119 961 est
1137 942 1209 972 per-

239 974 377 1004 versitas
400 974 496 1003 animi
521 973 666 1010 humani,
690 980 723 1003 ut
744 984 804 1003 nec
828 972 1011 1014 Evangelio
1036 984 1097 1004 nec
1120 972 1209 1014 lega-

238 1015 322 1046 libus
346 1016 616 1055 promissionibus
645 1016 769 1045 credat.
814 1015 848 1046 si
873 1021 964 1045 certo
989 1022 1208 1046 statueremus

237 1057 342 1088 Deum
362 1058 456 1088 nobis
486 1059 695 1097 precantibus
720 1062 748 1087 et
781 1068 840 1097 pro
868 1058 992 1087 nostris
1023 1057 1207 1089 benefactis

237 1109 349 1139 pacem
373 1106 402 1129 et
426 1099 487 1130 alia
514 1100 597 1130 bona
624 1100 819 1130 redditurum
839 1110 931 1136 csse,
960 1100 1065 1130 maius
1097 1101 1128 1130 111
1152 1110 1209 1129 110-

238 1142 285 1171 bis
304 1142 442 1172 studium
462 1149 549 1172 essct
571 1148 658 1172 recte
677 1141 826 1172 faciendi.
862 1142 939 1172 Ideo
960 1141 1134 1182 diligenter
1153 1152 1208 1171 no-

237 1184 284 1213 bis
309 1184 388 1213 11515
412 1190 442 1213 et
466 1183 641 1214 Ecclesiae
669 1183 872 1214 inculcemus
896 1194 960 1214 non
989 1183 1110 1214 frustra
1136 1194 1208 1214 sus—

236 1226 297 1265 cipi
320 1194 474 1263 iabores,
497 1227 555 1256 scd
579 1237 697 1267 magna
722 1228 865 1266 praemia
891 1237 951 1256 uos
976 1227 1208 1266 impetraturos

236 1277 311 1297 esse
336 1267 517 1299 benefactis
548 1270 681 1299 nostris.
728 1269 782 1298 Sic
813 1269 959 1298 exerceri
991 1268 1085 1298 fidem
1114 1268 1207 1298 Deus

236 1310 405 1349 praecipit,
429 1318 460 1340 et
480 1311 522 1341 oio
546 1310 632 1340 hanc
653 1321 787 1341 causam
811 1312 964 1350 operibus
988 1311 1110 1342 addidit
1132 1320 1207 1351 pro-

234 1352 426 1384 missiones,
456 1359 489 1383 ut
514 1353 610 1383 fidem
633 1363 692 1393 per
721 1352 806 1383 tales
831 1353 1029 1383 occasiones
1053 1362 1206 1383 exercea-

235 1406 316 1431 mus,
340 1396 522 1435 cogitemus
536 1406 595 1425 nos
609 1396 746 1425 daturos
762 1405 837 1425 essa
851 1394 1106 1435 eleemosynam,
1130 1395 1204 1435 quia

235 1436 306 1468 Deo
330 1436 459 1477 placeat
492 1436 555 1467 hoc
580 1436 741 1473 officinm,
765 1443 796 1466 et
821 1447 1008 1477 quanquam
1032 1438 1137 1467 minus
1161 1437 1206 1466 vi-

233 1482 367 1511 deamur
391 1490 614 1520 comparcere.
640 1486 747 1509 tamen
767 1478 859 1510 Deus
882 1480 921 1509 sit
947 1477 1126 1509 facultates
1150 1489 1206 1509 110-

234 1530 322 1553 stras
347 1528 612 1552 conservaturus.
637 1523 676 1552 sit
703 1522 838 1552 daturus
863 1531 977 1561 pacem
1002 1527 1031 1551 et
1061 1520 1126 1551 alia
1149 1531 1206 1561 pu-

235 1564 319 1596 blica
344 1565 529 1595 commoda:
560 1574 644 1604 qnae
671 1565 698 1594 si
722 1574 785 1593 non
816 1563 1030 1595 haberemus,
1059 1561 1205 1593 funditus

235 1608 375 1647 perirent
406 1613 434 1636 et
466 1607 613 1645 privatae
641 1604 828 1636 facultates.
874 1606 964 1635 Haec
993 1606 1033 1635 de
1066 1605 1205 1645 promis-

235 1649 383 1680 sionibus
418 1647 581 1689 legalibus
600 1649 675 1677 duxi
713 1648 932 1678 adscribenda
976 1657 1068 1683 esse,
1104 1654 1135 1677 et
1170 1652 1203 1677 ut

236 1694 378 1723 sciamus
404 1701 468 1721 non
492 1701 566 1721 esse
589 1692 707 1727 irritas,
727 1700 913 1730 quanquam
932 1688 997 1730 legi
1022 1699 1084 1719 non
1109 1690 1205 1719 satis-

237 1733 384 1765 facimus.
409 1734 467 1763 sed
487 1733 703 1763 obedientiam
728 1733 757 1761 in
783 1731 1001 1763 reconciliatis·
1015 1741 1092 1761 esse
1105 1741 1205 1772 quan-

237 1777 309 1806 dam
333 1775 416 1815 legis
446 1773 681 1814 impletionem3
710 1780 740 1804 et
767 1781 801 1804 ut
830 1775 1069 1804 meminerimus
1099 1774 1131 1803 in
1155 1772 1204 1802 his

236 1819 388 1857 operibus
413 1818 675 1853 muscitantium,
705 1817 922 1847 exercendam
948 1822 978 1846 et
1009 1815 1204 1847 confirman-

236 1861 309 1890 dam
333 1870 407 1890 esse
431 1859 537 1889 fidem.

319 1901 464 1941 Exposui
495 1912 632 1937 causas,
661 1911 744 1940 quae
772 1910 832 1930 nos
865 1901 906 1930 ad
936 1898 1205 1930 benefaciendum

237 1944 418 1973 accendere
430 1943 545 1973 debent
557 1954 564 1972 :
589 1944 831 1977 necessitatem,
845 1943 1032 1983 dignitatem
1046 1943 1205 1972 bonorum

236 1996 381 2023 operum,
406 1986 562 2023 praemia,
586 1985 772 2015 exercitium
797 1985 880 2015 fidei.
926 1984 977 2014 Ad
1000 1983 1061 2014 has
1085 1994 1204 2014 causas

236 2026 289 2056 illa
318 2028 492 2067 praecipue
521 2027 725 2067 adiungenda
755 2033 822 2064 est,
857 2027 943 2067 quod
973 2026 1119 2067 quamvis
1149 2027 1204 2055 ob-

236 2069 372 2098 edientia
398 2067 585 2108 imperfecta
611 2075 672 2105 est,
697 2074 803 2098 tamen
828 2070 889 2098 iam
913 2067 1019 2108 placet
1039 2070 1069 2098 in
1090 2078 1204 2098 recon-

236 2109 361 2140 ciliatis.
407 2110 446 2140 Et
482 2112 568 2150 quod
597 2122 614 2141 a
645 2110 764 2150 Spiritu
799 2117 914 2141 sancto
949 2112 1139 2141 adiuvamur
1173 2116 1203 2140 et

235 2153 449 2189 custodimur,
480 2163 520 2182 ne
543 2152 705 2183 Diabolus
736 2153 901 2192 pertrahat
932 2164 994 2183 nos
1017 2154 1048 2183 in
1073 2162 1203 2183 errores

234 2194 447 2233 perniciosos,
471 2201 523 2225 aut
548 2196 589 2225 ad
614 2195 752 2235 flagitia:
776 2196 849 2225 ideo
872 2196 1027 2236 scriptum
1051 2201 1101 2226 est
1121 2194 1202 2233 [1011.

236 2235 380 2272 14‚18.1:
404 2237 476 2266 Non
501 2236 678 2277 relinquam
703 2248 763 2267 vos·
788 2238 964 2277 orphanos.
1010 2238 1081 2269 Hoc
1106 2238 1203 2267 bene·

234 2278 359 2313 ficium,
383 2289 478 2318 quam
502 2278 565 2309 late
588 2286 711 2318 pateat.
736 2290 832 2319 quam
859 2286 985 2310 oratum
1009 2281 1103 2310 nobis
1127 2289 1203 2310 esse

235 2319 367 2355 debeat,
398 2319 483 2350 nulla
508 2332 570 2350 vox
591 2321 729 2351 lmmana
761 2332 819 2361 pro
843 2305 1064 2363 ifiaguitudine
1093 2321 1201 2362 eloqui

234 2367 351 2398 potest.
386 2361 533 2392 Vidimus
552 2363 787 2403 Anabaptistas
806 2364 857 2394 his
876 2366 968 2394 3111115
986 2364 1092 2404 plane,
1114 2363 1202 2394 velut

234 2400 358 2431 fascino
399 2403 506 2443 aliquo
552 2404 773 2435 ‹lenieintatos.
820 2405 927 2444 palam
968 2407 1101 2444 impias,
1145 2407 1200 2436 ab·

234 2444 351 2473 surdas
376 2451 405 2474 et
430 2446 604 2475 seditiosas
629 2446 798 2484 opiniones
823 2447 865 2475 ita
888 2446 1053 2476 mordicus
1078 2452 1201 2482 tenere,

236 2492 267 2514 ut
291 2496 354 2515 non
386 2485 489 2516 solum
520 2488 597 2526 cripi
627 2488 687 2516 sibi
713 2486 784 2517 illas
815 2498 877 2517 non
903 2494 1107 2528 paterentur,
1142 2488 1200 2517 sed

235 2527 328 2556 etiam
369 2530 602 2567 superbissime
653 2535 895 2560 contemnerent
932 2530 1124 2560 monitores:
1157 2530 1199 2559 ita

533 271 639 293 tamen
671 264 753 293 sicut
780 262 846 291 Lex
871 260 1003 292 moralis
1026 262 1069 291 ad
1092 270 1206 291 «nunes
1228 261 1230 298 i
1252 260 1312 290 Hic
1336 260 1592 295 consideremus,
1616 263 1771 298 quantum
1793 258 1854 289 Dei
1881 259 2073 291 beneficium
2097 262 2150 298 sit,
2173 274 2227 294 cu-

1253 302 1379 339 stodiri,
1403 312 1442 331 nc
1465 301 1593 341 decepti
1620 310 1638 330 a
1663 299 1794 331 diabolo
1824 301 1885 332 hos
1913 308 1970 333 aut
1993 302 2114 333 similes
2138 314 2227 335 erro-

1253 353 1306 374 res
1342 343 1586 384 amplectamur.
1637 341 1720 372 Nam
1751 344 1904 374 mirificas
1939 344 2058 375 diaboli
2093 347 2228 377 insidias

1253 384 1340 416 nulla
1368 385 1509 415 humana
1539 385 1709 424 prudentia
1743 386 1814 417 sine
1837 386 1959 426 Spiritu
1992 393 2109 418 sancto
2146 390 2227 420 satis

1253 438 1372 458 cavere
1396 433 1514 467 potest.
1559 426 1752 458 Exuscitent
1771 429 1869 469 igitur
1885 439 1948 459 nos
1960 430 2001 459 ad
2023 429 2227 462 benefacien-

1253 470 1328 500 dum
1362 470 1458 500 etiam
1491 470 1553 500 hae
1589 480 1728 507 causae,
1770 472 1856 511 quod
1892 472 1953 501 iam
1987 470 2095 512 aliquo
2130 473 2226 503 modo

1253 512 1295 542 sit
1318 510 1486 552 possibilis
1511 512 1601 549 Lex,
1625 513 1699 553 quia
1722 512 1829 552 placet
1854 512 2007 544 inchoata
2031 515 2226 553 obedientia,

1254 560 1285 584 et
1307 554 1395 594 quod
1418 555 1614 594 promittitur
1636 555 1731 585 nobis
1755 554 1918 586 auxilium.

1338 595 1481 626 Econtra
1506 597 1772 633 consideremus,
1795 604 1949 639 quantum
1972 605 2114 629 noceant
2141 598 2226 630 mala

1409 638 1550 669 Primum
1574 645 1738 669 merentur
1755 640 1834 670 iram
1853 639 1915 670 Dei
1936 645 1967 670 et
1988 641 2227 672 damnationem

1254 687 1428 710 aeternam.
1474 680 1648 711 Praeterea
1672 680 1853 712 deformant
1868 680 2079 720 Evangelium
2104 688 2135 713 et
2157 681 2226 723 glo-

1254 723 1332 752 riam
1357 722 1429 752 Dei.
1476 722 1565 753 Sicut
1597 723 1695 763 inquit
1727 724 1886 764 propheta
1919 724 2052 762 [Ezech.
2072 724 2124 762 36,
2142 724 2225 763 22.]:

1252 763 1392 804 Propter
1421 774 1482 794 vos
1510 764 1596 795 male
1625 765 1713 795 audit
1743 776 1858 796 nomen
1888 766 1949 797 Dei
1979 767 2063 796 inter
2090 772 2225 807 gentes3

1252 816 1354 846 quare
1376 805 1592 846 multipliciter
1609 806 1715 837 Deum
1739 808 1914 838 offendunt.
1961 808 2081 846 Tertio,
2104 808 2225 839 habent

1252 858 1377 887 poenas
1399 855 1609 888 praesentes,
1631 848 1760 879 Diaboli
1784 850 2005 890 tyrannidem,
2034 851 2087 890 qui
2110 851 2226 890 impios

1251 891 1282 919 in
1306 896 1471 930 potestate
1495 890 1604 928 habet,
1628 896 1659 920 et
1682 890 1816 931 impellit
1838 893 1869 921 in
1894 893 1998 922 omnis
2022 892 2154 931 generis
2176 901 2225 922 er-

1253 942 1346 962 rores
1371 942 1410 962 ac
1434 933 1568 973 flagitia.
1614 933 1706 963 Sicut
1717 932 1797 963 Saul
1820 938 1992 973 postquam
2017 934 2139 963 exarsit
2150 934 2225 964 odio

1251 974 1408 1011 Davidis,
1431 975 1514 1004 adeo
1538 973 1630 1011 furit,
1660 981 1693 1005 ut
1724 975 1819 1004 etiam
1843 975 2041 1005 Sacerdotes
2071 975 2224 1006 innocen-

1252 1017 1395 1046 tissimos
1420 1016 1567 1047 homines
1592 1016 1768 1047 crudeliter
1791 1017 1939 1046 trucidet.
1986 1016 2174 1056 Sequuntur
2193 1022 2225 1047 et

1252 1068 1378 1098 poenae
1391 1057 1593 1098 corporaleS,
1606 1057 1694 1088 bella
1705 1065 1736 1089 et
1748 1057 1832 1089 aliae
1845 1057 2056 1089 calamitates.
2087 1058 2224 1096 Quarto,

1252 1101 1470 1140 impediuntur
1494 1101 1601 1130 onmia
1623 1099 1805 1140 spiritualia
1828 1101 1999 1138 exercitia,
2030 1101 2225 1141 extinguitur

1252 1142 1335 1172 fides
1359 1143 1390 1172 in
1414 1142 1477 1179 1115,
1497 1143 1550 1183 qui
1573 1142 1743 1183 indulgent
1762 1143 1999 1183 cupiditatibus,
2040 1142 2224 1180 Postremo,

1251 1185 1339 1224 quod
1363 1185 1500 1215 maxime
1523 1184 1721 1215 horrendum
1746 1191 1808 1221 est,
1830 1190 1969 1224 peccata
1991 1190 2155 1215 merentur
2177 1185 2224 1214 in-

1251 1227 1472 1263 durationem,
1507 1233 1539 1256 et
1572 1228 1746 1266 puniuntur
1779 1227 1943 1267 peccatis3
1985 1227 2069 1257 sicut
2102 1225 2223 1257 Paulus

1250 1268 1343 1299 Rom.
1366 1269 1394 1298 l.
1418 1269 1592 1309 significat.
1638 1268 1707 1298 Hae
1736 1278 1857 1299 causae
1885 1267 2056 1308 diligenter
2079 1269 2224 1309 cogitan-

1251 1311 1311 1340 dae
1334 1317 1420 1347 sunt,
1443 1316 1477 1341 ut
1501 1311 1710 1341 securitatem
1734 1309 1898 1341 carnalem
1921 1311 2086 1341 eiiciamus
2100 1320 2139 1341 ex
2158 1311 2224 1341 ani-

1250 1353 1321 1389 mis9
1346 1358 1377 1383 et
1401 1353 1566 1383 discamus
1590 1353 1702 1383 timere
1724 1353 1802 1383 iram
1826 1352 1905 1389 Dei,
1929 1362 1968 1382 ac
1990 1362 2053 1382 nos
2075 1352 2116 1383 ad
2139 1353 2224 1383 bene

1250 1394 1450 1434 operandum
1475 1396 1664 1425 excitemus.
1711 1394 1771 1424 Est
1794 1400 1825 1424 et
1857 1395 1998 1424 breviter
2028 1395 2222 1432 addendum,

1250 1447 1334 1477 quae
1365 1447 1466 1476 opera
1496 1437 1702 1477 requirantur
1731 1447 1751 1466 a
1778 1435 1991 1473 Christianis,
2022 1442 2053 1466 et
2082 1437 2135 1477 qui
2160 1437 2224 1466 sint

1249 1480 1318 1508 veri
1343 1478 1450 1509 cultus
1469 1478 1549 1513 Dei,
1580 1477 1731 1509 videlicet
1761 1488 1879 1519 opera,
1908 1488 1991 1518 quae
2013 1477 2105 1509 Deus
2129 1478 2224 1509 nobis

1248 1521 1417 1561 praecipit..
1463 1521 1554 1551 Sicut
1578 1520 1700 1551 Paulus
1724 1521 1838 1557 docet,
1869 1531 1941 1551 cum
1965 1521 2008 1550 ait
2031 1520 2074 1559 [l.
2094 1519 2174 1550 Tim.
2195 1520 2222 1556 l,

1248 1563 1311 1600 5.]:
1335 1563 1467 1593 Summa
1494 1562 1577 1604 legis
1598 1569 1647 1593 est
1666 1561 1795 1593 dilectio
1815 1573 1854 1593 ex
1874 1562 1975 1592 corde
1994 1573 2077 1602 puro
2097 1566 2129 1592 et
2147 1570 2223 1592 con-

1248 1605 1385 1635 scientia
1408 1606 1495 1635 bona
1518 1611 1550 1635 et
1573 1604 1635 1635 fide
1658 1615 1723 1634 non
1747 1604 1832 1635 ficta.
1864 1604 2008 1634 Possunt
2026 1609 2132 1634 autem
2148 1608 2223 1643 apte

1248 1646 1366 1677 includi
1390 1647 1423 1677 in
1447 1646 1652 1688 decalogum.

1334 1688 1498 1719 Pei-tinent
1512 1689 1553 1719 ad
1571 1690 1707 1728 primum
1723 1695 1933 1728 praeceptum
1952 1690 2151 1729 poenitentia
2163 1697 2222 1720 seu

1248 1732 1360 1768 timor,
1396 1731 1495 1767 fides,
1530 1741 1589 1761 seu
1620 1730 1736 1761 fiducia
1767 1732 2010 1762 misericordiae
2038 1731 2221 1772 promissae

1248 1779 1380 1813 propter
1409 1772 1592 1810 Christum,
1625 1783 1709 1814 quae
1737 1783 1802 1803 non
1831 1778 1881 1803 est
1905 1773 2120 1804 existimanda
2146 1772 2222 1803 leve

1248 1821 1303 1845 aut
1325 1814 1477 1855 frigidum
1500 1826 1599 1855 opus,
1633 1816 1691 1846 sed
1715 1817 1832 1856 ingens
1860 1820 1968 1845 motus
1998 1820 2067 1852 est,
2101 1824 2166 1855 quo
2188 1815 2220 1845 in

1249 1867 1328 1887 vera
1352 1858 1562 1893 contritione,
1588 1858 1617 1887 id
1642 1863 1707 1894 est,
1736 1858 1822 1887 veris
1846 1858 2023 1897 pavoribus
2053 1857 2221 1898 eriguntur

1249 1899 1367 1935 corda,
1402 1905 1432 1929 et
1467 1900 1599 1930 vincunt
1629 1906 1774 1929 terrores
1809 1900 1935 1939 peccati
1970 1905 2001 1929 et
2035 1899 2220 1939 concipiunt

1250 1940 1506 1971 consolationem
1530 1947 1559 1972 et
1583 1952 1701 1972 novam
1725 1952 1764 1972 ac
1787 1941 1987 1981 spiritualem
2011 1942 2118 1972 vitam.
2146 1941 2220 1971 Est-

1249 1994 1310 2024 que
1334 1983 1417 2014 haec
1441 1984 1558 2014 fiducia
1581 1984 1712 2014 assidue
1735 1985 1916 2014 exercenda
1947 1985 1979 2014 in
2001 1984 2219 2020 invocatione,

1248 2026 1278 2055 in
1303 2027 1451 2055 omnibus
1479 2025 1631 2066 periculis
1661 2031 1691 2056 et
1716 2027 1872 2067 negotiis,
1902 2031 1934 2056 et
1961 2026 2150 2065 petendum,
2184 2031 2219 2055 ut

1247 2067 1339 2098 Deus
1362 2068 1555 2098 misereatur
1573 2069 1688 2105 nostri,
1711 2079 1750 2098 ac
1767 2068 1957 2105 sanctificet,
1981 2074 2084 2108 regat,
2103 2069 2218 2109 guber-

1247 2117 1320 2148 net,
1343 2110 1473 2141 adiuvet
1498 2121 1569 2140 nos.
1605 2110 1649 2140 113
1675 2112 1704 2140 111
1730 2112 1814 2140 0111111
1839 2112 1904 2141 vita
1928 2109 2085 2140 latissime
2108 2115 2218 2150 patent

1248 2153 1400 2182 exercitia
1425 2152 1520 2182 huius
1544 2152 1628 2182 fidei.
1664 2152 1703 2182 Et
1727 2152 1809 2183 haec
1833 2153 1951 2183 fiducia
1973 2153 2056 2192 parit
2073 2151 2218 2183 dilectio-

1247 2205 1319 2225 nem
1343 2194 1415 2224 Dei.
1462 2194 1541 2224 Cum
1565 2196 1647 2224 enim
1672 2196 1865 2236 agnovimus
1890 2195 2139 2235 magnitudinem
2162 2195 2216 2224 1111-

1247 2237 1447 2267 sericordiae
1470 2236 1548 2273 Det,
1578 2238 1639 2267 iam
1663 2244 1694 2267 et
1718 2236 1852 2277 diligere
1881 2238 2068 2276 incipimus,
2097 2242 2129 2267 et.
2152 2242 2217 2266 sta-

1246 2280 1364 2310 tuimus
1392 2290 1453 2309 nos
1479 2289 1577 2309 curae
1608 2290 1684 2309 esse
1707 2279 1780 2309 Deo
1810 2284 1839 2309 et
1864 2279 2008 2309 exaudiri
2033 2285 2094 2309 etc.
2140 2278 2217 2308 Per-

1246 2323 1324 2352 tinet.
1339 2323 1367 2359 ³)
1409 2323 1451 2352 ad
1489 2322 1625 2362 primum
1662 2328 1870 2361 praeceptum
1905 2322 1999 2351 etiam
2033 2321 2216 2351 obedientia

1246 2365 1276 2393 in
1301 2364 1541 2394 adflictionibns
1567 2374 1627 2394 scu
1646 2364 1811 2403 patientia,
1836 2364 1876 2394 de
1899 2374 1963 2403 qua
1985 2373 2046 2393 suo
2065 2361 2140 2392 loco
2171 2362 2215 2391 di-

1244 2416 1366 2436 cemus.

1253 647 1364 678 opera.

1244 2539 1272 2566 3)
1294 2538 1412 2568 Pertinet]
1436 2539 1475 2563 Ed.
1495 2542 1527 2561 tt.
1549 2544 1572 2563 et
1594 2544 1669 2569 ορμτ
1691 2541 1817 2565 Pet-tinent
