2358 2933
117 119 178 151 521

120 218 205 248 stra,
234 217 313 241 tunc
342 217 374 240 et
403 220 464 240 vos
495 219 568 239 cum
601 220 639 239 eo
663 208 948 239 manifestabimini
972 209 1004 238 in
1029 207 1098 248 glo-

120 255 178 284 ria.
223 253 250 283 1.
274 252 364 282 10311.
390 251 419 282 3.
446 254 508 289 [vs.
532 252 578 289 2]
602 251 698 281 Nunc
722 250 778 281 filii
802 250 864 280 Dei
890 260 1015 287 sumus,
1040 251 1099 280 sed

118 295 261 327 nondum
273 291 570 325 manifestatumffl)
595 299 656 329 est,
681 292 795 334 quales
820 293 956 327 erimusj.
977 292 1099 322 scimus

120 343 242 374 autem,
274 346 347 366 curn
373 334 655 373 manifestabitur,
684 334 808 366 similes
831 344 893 364 nos
918 335 946 364 ei
970 332 1099 364 futuros

119 389 214 415 esse,
236 378 311 418 quia
334 378 516 408 videbimus
548 388 636 414 eum,
665 376 939 418 quemadmodum
963 382 1012 406 est
1037 382 1099 406 etc.

118 421 226 451 Docet
253 426 285 450 et
307 419 361 450 hic
382 419 477 450 locus
501 418 638 461 gloriam
661 419 753 459 regni
778 418 900 449 Christi
929 428 995 448 non
1025 428 1101 449 esse

117 462 287 502 imperium
317 462 534 499 mundanum,
563 462 623 492 sed
652 459 838 501 spirituale,
873 459 937 490 1100
967 466 1033 498 051,
1064 467 1097 490 111

119 504 309 534 resuscitati
333 503 515 535 habeamus
545 513 665 534 novam
695 508 726 533 et
755 508 923 533 aeternam
947 503 1100 533 iustitiam

118 556 159 577 ac
182 547 293 583 vitam,
317 545 425 586 qualis
448 551 498 576 est
522 544 643 576 Christi
672 545 860 575 resuscitati
884 543 1002 586 gloria.

204 588 295 625 Item,
319 587 443 618 Paulus
476 588 520 626 [2.
544 586 662 618 Thess.
686 587 719 624 2,
742 586 762 617 3
785 589 873 627 sqq.]
900 585 989 616 clare
1013 587 1100 624 dicit,

118 629 358 660 Antichristum
390 630 630 660 dominaturum
660 639 736 660 esse
765 638 872 669 usque
896 629 938 659 ad
962 629 1100 658 novissi-

116 682 205 702 mum
235 673 404 708 iudicium,
445 673 477 702 in
508 682 572 712 quo
600 673 735 702 veniens
765 670 916 701 Christus
953 671 1100 701 destruet

118 723 254 754 regumn
277 713 482 744 Antichristi.
534 713 636 754 Igitur
662 724 741 744 vera
764 711 917 743 Ecclesia
950 723 1017 742 non
1048 723 1102 743 oc·

119 756 251 796 cupabit
273 756 418 796 imperia,
442 756 502 786 sed
524 755 627 785 multo
651 756 758 797 magis
778 755 966 786 versabitur
983 756 1016 784 in
1035 765 1102 785 ma-

117 798 211 828 ximis
234 796 389 837 periculis
414 803 446 828 et
468 796 714 828 afflictionibus
751 797 791 827 Et
814 798 844 827 2.
858 796 948 827 Petri
961 797 990 827 3.
1017 800 1101 835 [vss.

118 839 138 869 3
162 842 229 880 sq.]
254 840 388 876 dicitur,
413 839 581 870 Venturos
604 850 681 870 esse
703 840 879 880 postremis
898 840 1100 880 temporibus

117 880 294 919 illusores,
325 882 379 922 qui
408 881 518 922 palam
548 882 716 912 derideant
750 881 941 923 religiones.
999 881 1101 911 Erunt

123 933 217 964 ergo,
242 925 296 964 qui
318 929 558 964 persequentur
577 923 774 955 Ecclesiam.
809 924 851 953 Et
869 923 989 953 Daniel
1014 926 1101 963 [cap.

120 966 165 1004 7.]
191 964 281 996 clare
305 966 400 1002 dicit,
423 966 566 1002 Bestias,
589 965 654 996 hoc
678 972 739 1003 est,
762 966 897 1005 imperia
921 966 1039 996 coniici
1069 966 1102 995 in

120 1008 246 1049 ignem,
274 1017 347 1038 cum
370 1013 506 1048 apparet
531 1007 684 1038 Christus
704 1008 746 1037 ad
770 1008 988 1038 iudicandum.
1033 1006 1103 1037 Du-

119 1050 240 1080 rabunt
275 1050 374 1089 igitur
407 1050 543 1090 imperia
577 1049 687 1089 aliqua
718 1050 816 1089 impia
841 1051 884 1086 ⁹⁰)
918 1059 1025 1089 usque
1060 1049 1102 1078 ad

119 1091 333 1121 novissimum
362 1092 455 1121 diem.
508 1091 598 1122 Ioan.
628 1092 680 1121 ⁶20.
717 1102 790 1121 cum
820 1090 973 1121 Christus
1008 1091 1101 1121 mittit

120 1132 316 1173 Apostolos,
339 1138 464 1163 tantum
489 1134 545 1163 dat
568 1135 755 1164 mandatum
780 1133 930 1170 docendi,
948 1139 980 1163 et
998 1133 1102 1173 inquit

122 1177 186 1213 [vs.
210 1175 292 1212 21.]:
318 1174 409 1206 Sicut
433 1184 485 1205 me
508 1175 595 1205 misit
620 1175 730 1212 Pater,
754 1176 803 1204 sic
827 1184 888 1215 ego
912 1175 1004 1205 mitto
1028 1184 1101 1205 vos.

121 1216 263 1248 Constat
291 1222 399 1247 autem
424 1216 592 1247 Christum
621 1218 757 1247 missum
787 1226 863 1247 esse
894 1218 936 1247 ad
959 1217 1102 1246 ministe-

120 1259 203 1290 rium
226 1258 411 1299 Evangelii,
440 1269 505 1289 non
530 1259 572 1289 ad
597 1259 793 1299 occupanda
816 1259 952 1299 imperia
975 1259 1102 1294 mundi;

120 1302 207 1332 sicut
229 1301 301 1340 ipse
323 1301 426 1341 inquit
446 1300 526 1337 [Ioh.
554 1300 605 1338 18,
625 1301 708 1339 364:
739 1300 890 1342 Regnum
910 1311 1017 1331 meum
1036 1311 1102 1331 non

120 1348 172 1373 est
194 1343 235 1373 de
258 1342 322 1373 hoc
345 1343 478 1373 mundo.
524 1342 565 1373 Et
593 1343 744 1384 prohibet
769 1342 942 1383 Apostolis
967 1344 1102 1383 imperia

120 1394 251 1425 rapere,
276 1395 350 1415 cum
373 1385 417 1415 ait
443 1384 534 1422 [Luc.
560 1385 612 1423 22,
636 1386 724 1423 254:
748 1385 861 1426 Reges
882 1385 1027 1427 gentium
1046 1386 1102 1415 do-

119 1427 300 1464 minantur,
331 1436 392 1457 vos
415 1432 523 1457 autem
552 1437 618 1457 non
648 1429 707 1458 sic.
738 1427 819 1457 Item
842 1427 957 1458 Matth.
982 1427 1013 1458 5.
1039 1430 1101 1464 [vs.

119 1468 185 1506 394
248 1468 319 1510 Ego
362 1474 471 1499 autem
510 1470 677 1510 praecipio
711 1471 826 1507 vobis,
859 1480 902 1500 ne
935 1470 1101 1500 resistatis

122 1509 229 1545 malo;
258 1510 324 1542 hoc
348 1516 410 1547 est,
433 1521 475 1541 ne
497 1518 673 1551 praetextu
697 1511 872 1552 Evangelii
896 1518 929 1542 et
952 1513 1029 1542 novi
1052 1522 1102 1542 re-

122 1553 178 1593 gni
207 1553 428 1583 constituendi
458 1563 550 1583 arma
579 1555 729 1593 capiatis.
775 1554 859 1584 Sunt
887 1555 987 1596 igitur
1009 1555 1101 1584 missi

121 1593 276 1635 Apostoli
298 1595 340 1625 ad
363 1595 576 1626 ministerium
595 1595 781 1636 Evangelii,
804 1595 869 1627 hoc
893 1602 955 1634 est,
980 1597 1023 1627 ad
1046 1597 1102 1627 do-

122 1637 279 1674 cendum,
306 1647 372 1667 non
397 1637 438 1666 ad
461 1638 621 1677 rapienda
645 1638 778 1678 imperia
803 1639 924 1668 mundi.
969 1638 1046 1669 Ideo
1070 1645 1101 1669 et

120 1678 246 1709 Paulus
276 1680 396 1719 inquit:
432 1678 652 1719 Evangelium
683 1686 732 1710 est
763 1680 976 1711 ministerium
1001 1681 1101 1721 Spiri-

121 1727 190 1757 tus;
218 1721 250 1751 id
275 1727 341 1751 est:
366 1721 401 1751 In
424 1720 608 1762 Evangelio
632 1721 814 1752 offeruntur
838 1723 924 1752 bona
948 1724 1100 1763 spiritua-

120 1761 164 1793 lia
195 1769 227 1793 et
259 1769 418 1799 aeterna,
459 1774 526 1793 non
561 1764 790 1794 constituimus
830 1774 918 1794 nova
963 1766 1100 1805 imperia

119 1805 240 1835 mundi.
287 1805 327 1835 Et
355 1805 385 1835 2.
411 1803 559 1835 Corinth.
593 1806 642 1836 lo.
675 1809 736 1843 [vs.
766 1807 809 1844 4.]
843 1806 962 1847 inquit:
997 1807 1098 1837 Arma

119 1846 253 1878 militiae
279 1853 415 1878 nostrae
448 1857 515 1877 non
550 1854 626 1878 sunt
661 1848 827 1885 carnalia,
863 1849 922 1879 sed
952 1849 1099 1889 potentia

119 1888 194 1920 Deo
234 1890 278 1920 ad
312 1888 536 1920 demoliendas
572 1891 802 1932 cogitationes.
855 1890 936 1921 Item
969 1892 999 1921 2.
1036 1890 1099 1921 Co-

119 1931 218 1962 rinth.
235 1933 280 1967 ⁹¹)
314 1931 343 1963 5.
375 1935 434 1969 [vs.
458 1932 524 1970 204
554 1932 620 1963 Pro
645 1931 777 1963 Christo
801 1932 969 1974 legatione
993 1932 1099 1975 fungi-

119 1984 203 2011 mur,
226 1975 494 2005 commendantes
518 1984 580 2004 nos
604 1981 762 2015 tanquam
786 1975 849 2006 Dei
873 1976 1042 2006 ministros
1065 1977 1098 2006 in

119 2014 364 2047 afflictionibus.
410 2016 489 2046 Item
514 2017 555 2053 [2.
581 2016 659 2048 Cor.
686 2018 714 2055 1,
737 2017 821 2055 234:
848 2018 922 2048 Non
954 2019 1099 2049 domina-

118 2068 191 2088 mur
213 2057 289 2088 fidei
311 2065 452 2089 vestrae,

206 2099 288 2130 Cum
317 2101 416 2141 igitur
445 2099 599 2139 Apostoli
631 2107 756 2132 tantum
784 2102 931 2132 habeant
964 2104 1097 2133 manda-

118 2148 185 2172 tum
219 2142 374 2180 docendi,
409 2143 541 2182 impium
571 2149 622 2173 est
652 2145 793 2182 sentire,
827 2145 915 2185 quod
944 2146 1098 2176 doctores

119 2183 293 2225 Evangelii
317 2185 456 2215 debeant
480 2186 581 2215 armis
607 2187 806 2217 constituere
829 2197 917 2217 nova
936 2189 1098 2227 quaedam

118 2226 270 2266 imperia:
294 2227 379 2257 sicut.
403 2226 513 2257 Iudaei
538 2233 567 2256 et
583 2227 824 2268 Anabaptistae
844 2230 1020 2267 somniant,
1040 2241 1098 2270 po-

119 2269 248 2298 stremis
277 2269 479 2308 temporibus
504 2279 640 2310 regnum
662 2269 724 2300 Dei
754 2272 785 2301 in
809 2272 907 2301 terris
931 2271 997 2302 tale
1020 2282 1094 2302 con—

120 2311 317 2341 stituendum
345 2320 437 2347 esse,
468 2312 500 2341 111
529 2322 594 2352 quo
622 2313 728 2343 sancti
757 2313 962 2343 dominentur
992 2320 1024 2344 et
1047 2324 1098 2345 ar-

120 2395 164 2423 89)
183 2395 384 2426 manifestatum]
406 2396 478 2420 Editt.
499 2397 522 2420 8.
545 2396 650 2420 11—13.
669 2398 695 2420 et
714 2397 786 2426 opu:
804 2398 969 2423 manifestum

120 2445 164 2472 90⁷)
186 2446 269 2475 aliqua
288 2446 364 2475 impia
385 2446 526 2469 omittunt
544 2446 586 2470 Ed.
609 2448 646 2469 11.
667 2450 691 2471 et
712 2447 771 2476 opp.

119 2496 165 2523 91)
185 2497 207 2519 2.
229 2495 352 2525 Corinth]
371 2495 406 2520 sic
436 2496 506 2520 Editt.
527 2497 549 2519 2.
570 2496 644 2521 5—8.
668 2497 775 2519 11—14.
796 2499 821 2521 et
840 2497 917 2528 Opp.;
936 2498 1008 2522 Editt.
1031 2500 1052 2520 1.
1072 2498 1096 2521 4.

187 2529 225 2551 9.:
246 2529 353 2553 Corinth.
373 2529 409 2558 (2.
430 2529 558 2558 omisso).

563 117 584 146 I.
609 116 710 147 LOCI
733 115 1008 147 THEOLOGICI:
1034 116 1069 147 C.
1095 115 1306 147 SECUNDA
1328 116 1484 147 EORUM
1508 116 1662 147 AETAS.

2053 116 2115 147 522

1143 209 1203 238 mis
1217 207 1348 239 deleant
1362 218 1476 239 omnes
1493 209 1621 249 impios,
1644 218 1706 239 nec
1718 209 1750 238 in
1763 206 1915 238 Ecclesia
1927 207 2117 248 hypocritas

1142 249 1231 280 ullos
1263 250 1392 281 futuros
1424 261 1510 281 esse.
1555 252 1665 292 Atque
1692 250 1757 281 hoc
1779 250 1946 280 Iudaicum
1969 249 2118 280 delirium

1144 302 1246 332 saepe
1268 294 1300 322 in
1324 291 1510 323 Ecclesiam
1534 293 1673 334 irrepsit.
1709 293 1853 323 Fuerunt
1877 293 1962 323 enim
1986 298 2018 322 et
2042 291 2119 321 olim

1143 332 1278 365 fanatici
1307 335 1440 374 spiritus
1472 334 1654 365 Chiliastae
1688 341 1719 365 et
1747 334 1939 375 Pepusiani,
1973 334 2027 375 qui
2054 332 2120 364 tale

1144 386 1281 417 regnum
1305 376 1594 417 Anabaptisticum
1618 378 1832 407 somniarunt.

1229 417 1403 459 Reliquum
1428 424 1495 456 est,
1525 425 1561 449 ut
1583 420 1767 449 testimonia
1792 418 2003 460 colligamuS‚
2038 427 2122 458 quae

1145 461 1263 490 (1000111
1289 461 1321 490 111
1344 459 1497 491 Ecclesia
1516 471 1620 501 usque
1642 462 1685 491 ad
1707 461 1920 491 novissimum
1944 461 2030 491 diem
2047 470 2123 500 pro-

1143 503 1269 533 miscue
1294 501 1422 533 futuros
1448 504 1553 533 bonos
1574 509 1603 533 et
1629 502 1743 533 malos.
1789 502 1867 533 Luc.
1896 503 1945 533 17.
1971 506 2031 540 [vs.
2055 500 2120 538 ⁶28]

1145 543 1237 574 Sicut
1267 543 1392 574 factum
1416 551 1466 574 est
1489 546 1521 575 in
1546 545 1662 575 diebus
1686 545 1766 582 Lot,
1798 546 1848 574 sic
1870 545 1947 582 erit,
1982 554 2047 584 qua
2071 544 2122 574 die

1144 586 1231 617 filius
1254 585 1395 616 hominis
1420 586 1629 617 revelabitur.
1676 587 1755 617 Item
1779 587 1865 623 [ibid.
1890 596 1938 618 vs,
1963 585 2045 623 34.]:
2086 585 2123 615 In

1144 627 1199 658 illa
1224 633 1324 658 nocte
1347 635 1441 658 erunt
1466 630 1530 659 duo
1553 630 1584 659 in
1608 628 1695 659 lecto
1718 639 1802 666 uno,
1828 639 1913 659 unus
1937 634 2123 659 assumetur

1145 676 1177 700 et
1210 669 1294 700 alter
1328 669 1531 711 relinquetlu·
1564 672 1684 710 etc.⁹²)
1729 669 1846 701 Matth.
1883 670 1932 701 13.
1966 674 2028 708 [vs.
2057 669 2121 707 30.]

1145 713 1185 743 de
1209 713 1360 743 zizaniis:
1384 712 1487 743 Sinite
1509 718 1649 754 utraque
1672 722 1826 743 crescere
1848 723 1953 754 usque
1975 712 2017 743 ad
2039 722 2124 742 mes-

1145 764 1215 785 sem
1239 761 1301 785 etc.
1338 754 1378 784 Et
1401 754 1503 795 paulo
1525 762 1602 796 post
1629 759 1709 793 [vss.
1723 754 1775 785 39.
1799 755 1883 792 41.]:
1907 754 2029 785 Messis
2047 765 2123 785 con-

1145 798 1318 828 summatio
1343 796 1448 827 seculi
1472 803 1541 833 est;
1574 798 1677 828 mittet.
1700 796 1786 828 filius
1809 796 1950 827 hominis
1973 796 2123 838 Angelos

1146 849 1236 877 suos,
1260 845 1291 869 et
1316 838 1474 880 colligent
1497 840 1538 870 de
1561 849 1663 881 regno
1688 840 1757 871 eius
1781 840 1889 870 omnia
1912 839 2073 870 scandala
2093 845 2124 869 et

1147 891 1218 918 eos,
1254 882 1306 922 qui
1329 880 1452 911 faciunt
1468 883 1512 918 ⁹3)
1536 883 1741 922 iniquitatem
1764 888 1827 912 etc.
1873 882 1952 912 Item
1977 885 2058 919 [vss.
2082 881 2125 911 49

1147 927 1227 964 sq,]:
1274 923 1331 953 Sic
1359 925 1419 953 erit
1449 924 1481 954 in
1512 925 1795 955 consummatione
1818 923 1935 955 seculi:
1980 923 2123 956 Exibunt

1147 965 1269 1007 Angeli
1293 972 1326 995 et
1348 967 1547 1006 separabunt
1571 965 1676 997 malos
1698 977 1717 997 a
1741 967 1847 1004 iustis,
1871 973 1901 997 et
1920 967 2047 997 mittent
2065 977 2124 997 eos

1146 1008 1178 1037 in
1213 1008 1375 1038 caminum
1408 1008 1495 1049 ignis
1531 1014 1592 1039 etc.
1639 1009 1711 1039 Hae
1740 1010 1922 1040 sententiae
1949 1015 2125 1046 testantur,

1146 1059 1211 1079 non
1240 1048 1383 1080 futuram
1414 1059 1488 1080 esse
1519 1052 1762 1091 separationem
1785 1057 1976 1082 sanctorum
1999 1052 2042 1082 ab
2065 1051 2124 1093 hy-

1145 1092 1293 1132 pocritis,
1316 1092 1378 1121 nisi
1401 1093 1433 1122 in
1456 1093 1636 1123 novissimo
1659 1094 1788 1125 iudicio.

1232 1133 1412 1164 Praeterea
1436 1141 1465 1164 01
1489 1135 1555 1165 1100
1579 1136 1856 1167 001151ἀο1311(111111
1876 1142 1942 1167 est:
1965 1136 2124 1168 Pastores

1145 1176 1271 1205 habent
1308 1176 1498 1207 mandatum
1527 1179 1831 1208 excommunicandi
1860 1180 1964 1209 verbo
1992 1180 2064 1210 sine
2093 1181 2123 1211 vi

1147 1216 1312 1257 corporali
1346 1228 1422 1249 reos
1458 1218 1708 1250 manifestorum
1742 1220 1912 1252 scelerum.
1964 1221 2038 1252 Non
2074 1229 2124 1253 est

1145 1259 1276 1290 humani
1306 1260 1413 1291 iudicii
1445 1262 1546 1291 corda
1576 1263 1739 1302 inspicere
1763 1269 1795 1293 et
1818 1264 1858 1293 de
1881 1262 1943 1293 illis
1967 1264 2123 1303 iudicare,

1146 1302 1198 1342 qui
1224 1312 1290 1331 non
1313 1301 1437 1333 habent
1460 1302 1634 1334 manifesta
1657 1303 1785 1336 delicta.
1831 1305 1909 1336 Ideo
1932 1304 2054 1337 Paulus
2078 1308 2123 1337 di-

1147 1345 1189 1374 cit
1203 1345 1242 1380 [1.
1258 1343 1338 1374 Τ1111.
1351 1344 1384 1382 5,
1400 1344 1480 1383 19.];
1505 1346 1678 1377 Adversus
1701 1348 1931 1389 presbyterum
1953 1358 2020 1379 non
2042 1350 2123 1380 reci·

1145 1386 1217 1426 pias
1255 1388 1505 1419 accusationem
1538 1389 1601 1419 nisi
1635 1390 1775 1420 testibus
1811 1390 1976 1422 adhibitis.
2032 1391 2122 1433 Ergo

1146 1429 1200 1468 qui
1230 1438 1295 1458 non
1325 1436 1465 1469 possunt
1495 1431 1645 1461 convinci
1670 1433 1883 1470 testimoniis,
1914 1443 1980 1464 non
2004 1434 2124 1464 debent

1145 1470 1288 1500 humano
1312 1471 1429 1502 iudicio
1453 1474 1610 1513 separari.
1657 1473 1864 1514 Impossibile
1887 1480 1938 1505 est
1959 1476 2059 1516 igitur
2077 1481 2123 1506 13-

1144 1512 1208 1543 10111
1231 1512 1414 1544 Ecclesiam
1438 1516 1638 1546 constituere
1654 1522 1734 1547 ante
1746 1517 1959 1547 novissimum
1975 1518 2070 1555 diem,
2089 1518 2123 1548 in

1145 1565 1209 1596 qua
1222 1554 1303 1586 nulli
1318 1561 1394 1586 sunt
1405 1556 1610 1598 hypocritae.
1641 1558 1707 1589 Sed
1720 1558 1879 1590 Pastores
1891 1558 2016 1590 faciant
2028 1570 2123 1590 suum

1145 1596 1299 1635 officium,
1322 1609 1404 1638 pure
1428 1605 1459 1630 et
1481 1599 1621 1631 fideliter
1643 1602 1795 1639 doceant,
1820 1608 1852 1632 et
1866 1600 2040 1633 Ecclesiae
2075 1601 2123 1633 lo-

1145 1641 1360 1670 riticationem
1390 1644 1616 1673 commendent
1645 1642 1786 1675 Christo.
1838 1644 1969 1675 Interim
1998 1645 2030 1674 in
2082 1655 2123 1676 ac

1144 1683 1211 1712 vita
1234 1692 1365 1723 semper
1389 1690 1485 1714 erunt
1504 1684 1678 1716 Ecclesiae
1702 1687 1839 1717 admixti
1862 1686 1951 1724 mali,
1977 1694 2007 1718 et
2030 1687 2121 1719 multi

1144 1724 1230 1764 impii
1254 1726 1411 1755 tenebunt
1434 1727 1568 1766 imperia
1594 1729 1719 1765 mundi,
1754 1735 1786 1759 et
1810 1729 1987 1760 crudeliter
2009 1740 2121 1770 perse-

1144 1772 1284 1807 quentur
1307 1766 1502 1798 Ecclesiam
1516 1779 1622 1810 usque
1645 1771 1686 1800 ad
1711 1769 1894 1812 gloriosum
1918 1771 2041 1803 Christi
2063 1773 2119 1803 ad-

1143 1814 1286 1839 ventum.
1332 1809 1374 1839 Et
1396 1816 1505 1840 tamen
1528 1812 1560 1841 in
1583 1810 1635 1841 his
1659 1814 1947 1852 persecutionibus
1967 1813 2120 1845 Christus

1143 1861 1204 1881 suo
1234 1850 1373 1881 consilio
1414 1851 1543 1893 aliquas
1572 1853 1727 1894 reliquias
1758 1861 1885 1893 servat,
1916 1865 1958 1886 ne
1991 1857 2120 1897 penitus

1143 1892 1291 1923 deleatur
1314 1893 1480 1925 Ecclesia.
1525 1894 1606 1926 Tale
1629 1902 1680 1926 est
1703 1907 1839 1938 regnum
1856 1897 1979 1929 Christi
2002 1900 2034 1929 in
2056 1898 2120 1930 hac

1142 1936 1217 1966 vita.

1230 1976 1369 2008 Constat
1404 1984 1435 2009 et
1470 1978 1578 2010 aliud:
1624 1980 1759 2011 Etiamsi
1790 1991 1876 2013 nova
1904 1981 2013 2024 aliqua
2043 1982 2118 2016 talis

1142 2018 1294 2050 Ecclesia
1317 2019 1425 2051 futura
1451 2027 1552 2059 esset,
1572 2028 1681 2053 tamen
1706 2024 1860 2055 doctores
1883 2027 2017 2066 proprio
2042 2038 2118 2058 con-

1142 2061 1215 2092 silio
1239 2063 1310 2092 sine
1332 2061 1507 2094 manifesto
1530 2065 1685 2096 mandato
1708 2065 1771 2097 Dei
1793 2077 1860 2097 non
1884 2068 2002 2099 debent
2025 2080 2118 2100 arma

1142 2114 1262 2144 capere
1305 2105 1347 2135 ad
1386 2104 1485 2136 talem
1526 2106 1711 2138 Ecclesiam
1752 2110 2014 2141 constituendam
2054 2118 2116 2142 etc.

1142 2146 1339 2187 Quanquam
1369 2157 1431 2178 nec
1476 2147 1576 2179 ullum
1620 2160 1739 2181 novum
1791 2152 1981 2183 mandatum
2021 2163 2117 2194 expe-

1142 2190 1294 2220 ctandum
1329 2195 1397 2225 est;
1427 2200 1492 2220 non
1529 2192 1611 2221 enim
1647 2193 1720 2223 edet
1745 2192 1897 2224 Christus
1931 2196 2116 2226 mandatum

1142 2232 1340 2261 contrarium
1360 2231 1549 2273 Evangelio

1228 2273 1323 2308 Quod
1351 2284 1430 2303 vero
1460 2275 1569 2305 Iudaei
1599 2281 1631 2306 et
1653 2276 1891 2317 Anabaptistae
1913 2279 2013 2309 citant
2035 2279 2116 2310 Pro-

1140 2314 1271 2355 phetas,
1296 2316 1362 2356 qui,
1386 2326 1458 2347 cum
1482 2317 1523 2347 de
1546 2327 1647 2359 regno
1663 2318 1784 2349 Christi
1804 2319 1991 2360 loquuntur,
2015 2331 2115 2361 saepe

1140 2357 1254 2397 figuris
1278 2364 1412 2388 utuntur
1434 2360 1572 2399 sumptis
1595 2361 1636 2390 ab
1660 2361 1802 2400 imperiis
1825 2363 1944 2393 mundi.
1973 2363 2026 2393 Ad
2049 2364 2113 2394 hoe

1139 2400 1278 2439 primum
1313 2401 1516 2439 respondeo:
1562 2401 1778 2443 Evangelium
1810 2410 1858 2434 est
1889 2405 2112 2445 interpretatio

1140 2483 1186 2512 92)
1206 2485 1254 2507 etc.
1274 2484 1415 2507 omittunt
1433 2485 1505 2509 Editt.
1526 2486 1549 2509 7.
1570 2486 1593 2509 8.
1616 2487 1721 2512 11—14.
1742 2490 1766 2512 et
1785 2489 1846 2519 Opp.

1139 2532 1185 2559 93)
1205 2532 1312 2563 faciunt]
1331 2533 1372 2558 Ed.
1395 2535 1433 2556 11.
1454 2536 1478 2558 et
1497 2535 1569 2565 Opp.:
1588 2535 1681 2561 facient
