2358 2933
88 100 154 132 649

86 192 355 229 ratiocinandum,
388 201 525 232 prorsus
559 190 683 222 nullam
706 201 782 223 esse
799 191 984 223 libertatem
1003 191 1068 223 ele-

88 236 204 267 ctionis
237 234 406 265 humanae.
453 233 505 265 Ac
538 233 639 264 multo
673 235 779 265 minus
813 234 879 265 hoc
909 235 1067 275 sequitur,

87 279 203 309 Omnia
237 278 324 308 bona
358 282 390 307 et
422 275 508 306 mala
541 277 732 307 necessario
766 282 798 307 et
832 287 852 306 a
878 276 951 307 Deo
986 276 1066 307 fieri.

87 320 198 355 Quare
230 319 351 349 dictum
384 318 540 349 Ieremiae
574 319 688 349 dextre
723 317 939 360 intelligatur,
978 320 1067 359 quod

87 362 237 394 videlicet
261 360 342 391 solis
366 360 516 392 humanis
541 360 685 392 consiliis
710 367 742 392 et
761 362 885 392 viribus
903 371 969 391 non
988 371 1066 400 pos-

85 406 152 436 sint
173 403 330 434 salutaria
352 402 448 435 effici.

171 446 348 477 Discamus
366 456 520 487 magnum
550 452 582 476 et
603 446 721 487 ingens
745 446 866 476 donum
888 444 953 476 Dei
977 455 1066 483 esse,

84 489 189 520 iuvari
211 499 291 526 nos,
322 494 357 519 ut
385 490 486 519 simus
511 498 636 529 organa
658 488 723 518 Dei
745 487 904 519 salutaria
927 489 959 518 in
978 489 1065 518 omni

84 531 381 568 administratione,
412 541 474 561 nec
502 531 625 561 deserti
653 532 755 561 simus
790 537 901 570 pestes
932 531 1064 571 generis

84 573 227 611 humani,
249 580 283 604 ut
295 573 439 610 Pharao,
463 573 564 610 Nero,
577 572 791 603 Manichacus
816 579 848 603 et
871 572 1007 610 similes,
1032 579 1065 604 et

85 616 229 657 quotidie
268 625 329 646 nos
362 615 428 646 hoc
461 615 581 645 dictum
616 614 754 652 Christi,
789 615 867 647 Sine
899 626 951 646 me
984 615 1066 646 nihil

86 659 225 698 potestis
249 657 379 695 facere,
413 658 590 694 exuscitet,
613 663 649 687 ut
673 658 864 688 ardentibus
883 659 969 688 votis
992 668 1064 697 pre—

85 710 207 737 cemur,
230 706 263 730 ut
286 710 305 730 a
327 699 402 731 Deo
426 710 588 740 regamur,
634 699 852 739 Perspicuum
881 706 932 730 est
955 705 1064 730 autem

84 753 149 773 non
183 743 277 783 sequi
310 741 399 780 hinc,
450 742 558 772 Deum
591 752 668 772 esse
703 752 858 772 caussam
892 740 1064 772 efficacem

84 786 222 825 peccati.
240 787 268 819 2)
313 784 380 815 11110
411 784 567 815 Ecclesia
598 784 679 822 Dei,
720 794 794 814 cum
827 785 911 815 sciat
955 784 1064 814 Deum

84 837 179 865 vere,
210 828 296 858 serio
321 833 354 857 et
376 826 577 858 horribiliter
600 827 713 857 odisse
734 825 887 857 libidines
910 826 1064 864 Neronis,

83 880 289 910 nequaquam
318 871 402 900 dicet
433 880 490 900 eas
518 876 574 900 aut
602 870 795 900 necessario
823 870 987 901 accidisse
1010 874 1066 900 aut

83 911 216 943 volente
238 912 312 942 Deo
335 913 511 943 accidisse.

170 955 376 985 Obiiciuntur
411 960 442 985 et
475 953 559 984 haec
593 954 695 984 dicta:
730 953 813 994 Eph.
851 955 880 984 1.
910 957 972 991 [vs.
999 954 1064 992 ll.]

83 996 189 1028 Electi
216 997 399 1027 secuudum
425 998 631 1037 propositum
661 996 750 1033 eius,
780 997 833 1037 qui
856 995 934 1026 facit
958 997 1066 1027 onmia

83 1039 265 1070 secundum
301 1038 472 1069 consilium
503 1037 683 1069 voluntatis
718 1048 808 1069 suae.
854 1039 895 1069 Et
931 1039 959 1068 l.
989 1038 1064 1069 Cor.

85 1082 134 1112 12.
161 1084 224 1118 [vs.
247 1080 290 1119 6.]
337 1081 425 1111 Idem
449 1087 499 1112 est
523 1081 616 1111 Deus
644 1090 748 1121 agens
777 1083 886 1111 omnia
910 1082 941 1111 in
966 1082 1065 1111 omni-

82 1125 157 1155 bus.
192 1123 282 1154 Haec
306 1124 394 1154 dicta
418 1129 544 1154 certum
568 1130 618 1154 est
643 1123 674 1152 in
698 1123 763 1153 illis
787 1124 868 1164 ipsis
888 1122 985 1160 locis,
1009 1124 1063 1153 ubi

82 1172 266 1208 ponuntur,
293 1172 418 1196 tantum
443 1165 533 1206 loqui
557 1166 597 1196 de
620 1164 773 1196 Ecclesia
796 1172 827 1196 et
851 1167 892 1196 de
915 1164 1066 1196 salutari-

83 1211 145 1240 bus
176 1209 378 1245 actionibus,
411 1218 494 1248 quas
516 1208 610 1239 Deus
640 1209 763 1238 excitat
786 1214 817 1238 et
841 1209 924 1249 regit
947 1209 979 1238 in
1003 1208 1065 1237 Ec-

83 1251 185 1282 clesia
214 1260 294 1286 suag
339 1261 402 1281 nec
425 1250 515 1291 loqui
540 1251 580 1281 de
603 1249 780 1281 universali
803 1261 912 1281 rerum
936 1256 1066 1281 susten-

82 1294 204 1324 tatione
232 1302 292 1323 seu
326 1293 367 1323 de
401 1292 542 1335 singulis
571 1294 714 1324 omnium
741 1293 952 1324 animantium
974 1294 1066 1324 moti-

82 1337 155 1368 bus.
199 1335 326 1366 Dextre
356 1336 453 1377 igitur
474 1334 698 1377 intelligantur
720 1335 804 1367 haec
828 1337 932 1374 dicta,
961 1346 1023 1366 nec
1047 1346 1066 1366 a

81 1379 193 1410 nativa
216 1379 377 1409 sententia
401 1377 642 1409 transferantur
665 1379 698 1409 in
720 1379 938 1420 peregrinam.

167 1420 243 1451 Hoc
272 1427 383 1451 monet
406 1420 549 1459 Paulus,
572 1432 639 1452 non
661 1420 813 1452 humanis
837 1421 986 1452 consiliis
1010 1426 1066 1452 aut

83 1463 206 1495 viribus
230 1464 358 1494 servari
383 1470 414 1494 et
438 1464 507 1505 regi
530 1462 727 1501 Ecclesiam,
751 1465 811 1495 sed
833 1465 990 1495 mirandis
1003 1464 1066 1494 Dei

83 1506 250 1547 operibus·
302 1504 453 1537 Servatio
472 1506 545 1537 Noe'
564 1507 597 1536 in
621 1505 756 1544 diluvio,
779 1506 929 1537 defensio
953 1505 1065 1547 populi

81 1550 113 1579 in
137 1548 292 1590 Aegypto
321 1554 352 1579 et
382 1550 414 1578 in
445 1549 594 1586 deserto,
628 1559 683 1579 res
714 1555 830 1591 gestae
858 1549 984 1591 Moysi,
1016 1549 1065 1580 10-

82 1601 173 1629 suae,
197 1589 377 1628 Samuelis,
406 1590 545 1622 Davidis
570 1597 601 1622 et
624 1590 763 1622 aliorum
784 1593 911 1632 piorum
935 1591 1066 1623 fuerunt

81 1639 114 1664 et
138 1639 214 1664 sunt
238 1643 341 1674 opera
352 1633 416 1664 Dei
439 1634 471 1664 in
493 1633 559 1664 illis
583 1635 726 1665 excitata
749 1635 790 1665 ad
813 1635 990 1666 iuvandam
1003 1634 1064 1666 Ec-

81 1675 217 1706 clesiam
241 1681 273 1706 et
295 1676 337 1706 ad
355 1678 629 1718 propagationem
653 1686 753 1708 verae
777 1677 955 1708 doctrinae.

168 1717 280 1753 Quare
309 1717 392 1749 haec
416 1719 501 1749 dicta
528 1718 774 1750 consolationes
799 1726 886 1757 sunt,
911 1731 996 1761 quae
1018 1727 1064 1751 te-

81 1766 211 1792 stantur
240 1761 362 1792 adesse
392 1760 499 1792 Deum
534 1763 689 1793 membris
717 1761 892 1794 Ecclesiae
921 1773 1002 1794 suae
1032 1769 1064 1794 et

82 1801 235 1844 opitulari
268 1803 337 1834 suis
372 1804 405 1833 in
439 1803 594 1844 periculis
629 1811 661 1835 et
695 1806 868 1837 aerumnis.
920 1806 1064 1837 Adiuvat

80 1846 174 1877 Deus
219 1844 436 1886 proeliantem
478 1846 659 1885 Davidem,
705 1848 838 1878 adiuvat
871 1850 1064 1879 morientem

81 1888 304 1926 Laurentium,
327 1899 369 1919 ne
392 1889 522 1920 abiiciat
549 1888 795 1921 confessionem
814 1889 940 1922 fractus
964 1898 1062 1922 metu.

80 1931 140 1962 His
174 1931 272 1973 igitur
305 1932 400 1963 dictis
434 1937 466 1962 et
492 1933 770 1973 promissionibus
805 1944 868 1964 nos
893 1934 1063 1965 confirme-

79 1984 165 2011 mus,
189 1984 229 2004 ac
252 1975 320 2015 regi
340 1984 403 2006 nos
425 1980 587 2015 petamus,
611 1976 697 2006 sicut
716 1986 817 2016 saepe
841 1975 960 2008 clamat
982 1977 1063 2007 Pro-

79 2015 194 2055 pheta:
227 2016 345 2058 Dirige
379 2028 431 2048 me
465 2018 496 2048 in
525 2018 664 2049 veritate
686 2024 744 2049 tua
767 2025 797 2049 et
817 2020 901 2050 doce
924 2029 975 2050 me
998 2025 1061 2051 etc.

80 2058 198 2089 Omnia
227 2060 299 2100 agis
332 2060 365 2089 in
387 2059 541 2091 Ecclesia
574 2066 630 2092 tua
663 2059 836 2100 salutan'a,
870 2064 917 2093 sis
947 2063 979 2093 in
1010 2073 1062 2094 me

79 2111 222 2142 quoque,
245 2107 280 2132 ut
303 2102 336 2132 in
360 2104 505 2133 membro
529 2109 605 2134 tuae
627 2103 818 2143 Ecclesiae,
848 2104 985 2142 efficax,
1008 2104 1062 2136 fac

79 2154 130 2174 me
155 2154 305 2186 organon
329 2143 475 2175 salutare
499 2152 529 2176 et
554 2156 613 2177 vas
632 2147 878 2179 misericordiae
902 2154 963 2179 etc.
1009 2148 1060 2180 Ac

78 2185 196 2217 horum
221 2187 382 2218 dictorum
406 2187 582 2229 explicatio
606 2187 716 2219 multis
741 2189 813 2221 aliis
834 2190 994 2222 similibus
1013 2190 1061 2222 lu-

79 2238 149 2259 cem
172 2229 276 2260 affert.

163 2271 338 2303 Postremo
373 2278 403 2303 et
437 2271 516 2303 illud
550 2274 736 2306 addendum
770 2282 832 2314 est,
856 2275 960 2307 Recte
985 2277 1059 2315 dici,

77 2315 311 2346 necessitatem
340 2326 417 2346 esse
443 2314 615 2356 duplicem.
665 2317 742 2348 Alia
765 2319 950 2350 necessitas
980 2330 1060 2350 nun-

78 2363 215 2397 cupatur
240 2356 412 2396 absoluta,
442 2369 516 2389 cum
547 2358 698 2390 videlicet
720 2371 775 2391 res
798 2368 854 2393 aut
876 2363 1059 2403 propositio

77 2399 269 2441 simpliciter
291 2402 483 2432 necessaria
506 2408 573 2440 est,
596 2412 636 2433 ac
659 2404 736 2442 poni
760 2405 945 2445 oppositum
967 2416 1060 2446 pror-

76 2537 105 2567 2)
126 2538 222 2568 peccati
240 2538 322 2564 abest
337 2539 373 2564 ab
391 2539 463 2564 Editt.
487 2540 507 2562 1.
528 2541 551 2564 3.

557 98 581 128 Ι.
599 97 700 130 LOCI
723 97 997 130 THEOLOGICI:
1020 99 1063 130 D.
1087 100 1249 132 TERTIA
1270 100 1428 132 EORUM
1450 101 1608 136 AETAS.

2028 105 2093 135 650

1111 203 1170 224 sus
1203 194 1408 234 impossibile
1443 201 1494 226 est
1528 202 1560 226 et
1593 196 1775 227 destructio
1799 197 1941 227 onmium
1964 207 2091 234 rerum3

1111 241 1146 266 ut
1180 235 1243 266 hae
1276 238 1522 277 propositiones
1556 244 1633 269 sunt
1660 240 1873 270 necessariae
1892 241 2092 272 necessitate

1111 277 1279 309 absoluta:
1303 278 1395 310 Deus
1420 286 1488 317 est,
1512 280 1606 311 Deus
1630 287 1681 312 est
1705 283 1868 320 essentia,
1890 281 2090 324 intelligens,

1111 326 1256 357 aeterna,
1286 321 1464 352 immensae
1490 324 1687 362 sapientiae,
1720 325 1904 364 potentiae,
1937 326 2091 364 iustitiae,

1111 363 1278 401 bonitatis,
1302 362 1418 394 volens
1442 365 1540 402 iusta,
1565 372 1668 403 casta,
1687 377 1753 396 non
1773 367 1892 398 volens
1912 369 2093 409 pugnantia

1113 415 1186 435 cum
1209 415 1269 435 sua
1292 412 1412 442 mente,
1436 406 1588 438 iniustam
1612 407 1849 447 crudelitatem,
1861 411 2008 441 incestas
2021 410 2092 441 libi-

1111 447 1204 477 dines
1228 454 1290 478 etc.

1198 489 1265 520 Sed
1288 489 1353 520 alia
1375 496 1426 521 est
1449 492 1633 522 necessitas
1653 496 1920 535 consequentiae,
1939 506 2023 536 quae
2042 502 2093 527 est

1111 541 1223 562 earum
1250 542 1358 563 rerum
1387 538 1444 563 aut
1473 534 1753 574 propositionum,
1784 547 1869 570 qnae
1891 544 2032 570 Pomone
2054 546 2092 561 ec

1110 580 1226 604 natura
1249 584 1309 605 sua
1333 574 1428 605 aliter
1449 574 1583 609 habere,
1606 576 1665 603 sed
1689 574 1769 602 fiunt
1792 573 2014 610 necessariae,
2038 572 2093 603 vel

1108 622 1244 656 propter
1266 617 1505 656 praecedentes
1530 624 1684 652 caussas,
1716 613 1769 645 vel
1797 615 1873 655 quia
1897 615 2092 645 determina-

1108 663 1162 687 tae
1185 664 1271 687 sunt.
1317 658 1356 686 Et
1381 658 1414 686 in
1436 656 1488 686 his
1512 666 1633 697 magna
1656 663 1732 687 sunt
1757 657 1955 688 discrimina.
1986 656 2093 688 Aliter

1108 698 1201 729 Deus
1226 699 1420 729 determinat
1442 699 1548 735 bona,
1568 709 1652 740 quae
1675 698 1761 737 vult,
1786 700 1969 730 cuiusmodi
1991 699 2093 731 multa

1109 742 1286 781 expressit,
1309 747 1345 771 ut
1366 741 1486 771 mortui
1505 748 1595 771 certo
1615 742 1666 772 die
1684 742 1985 774 resuscitabuntur:
2009 742 2093 773 haec

1110 790 1161 814 est
1184 784 1386 821 necessaria,
1408 785 1607 814 necessitate
1620 785 1888 825 consequentiae.
1917 783 2024 816 Aliter
2038 785 2092 815 de-

1110 827 1260 857 terminat
1283 825 1380 863 mala,
1401 836 1485 867 quae
1508 837 1574 857 non
1599 826 1687 864 vult,
1712 838 1785 857 cum
1809 826 1963 858 videlicet
1985 833 2092 858 metas

1110 870 1297 905 constituit,
1332 879 1394 899 nec
1424 869 1499 899 sinit
1531 870 1679 910 grassari
1706 868 1843 901 ulterius
1872 869 1989 901 malos.
2035 870 2092 901 Sic

1110 912 1145 942 fit
1168 912 1378 942 necessaria:
1400 911 1532 942 Pharao
1556 919 1773 953 persequetur
1796 911 2091 955 Israelitasgvhaec

1110 965 1176 985 non
1200 960 1249 984 est
1274 964 1335 984 sua
1358 960 1473 984 natura
1497 956 1706 993 necessaria,
1736 956 1795 986 sed
1825 965 1942 986 revera
1966 956 2091 986 contin-

1111 1007 1203 1038 gens.
1250 997 1302 1026 Ac
1326 997 1396 1026 fieri
1420 997 1606 1037 oppositum
1630 1008 1695 1028 non
1719 1004 1810 1029 esset
1825 1000 1853 1033 3)
1876 997 2091 1039 impossibile,

1111 1040 1170 1069 sed
1195 1040 1268 1079 quia
1292 1039 1342 1069 sic
1366 1040 1491 1077 evenit,
1520 1040 1636 1070 dicitur
1658 1042 1865 1078 necessaria,
1893 1042 2092 1072 necessitate

1111 1082 1380 1122 consequen.iae.
1427 1082 1517 1112 Haec
1540 1081 1676 1122 puerilis
1700 1084 1865 1114 distinctio
1888 1094 1953 1114 non
1977 1089 2027 1114 est
2046 1084 2092 1114 in-

1110 1124 1211 1161 utilis,
1235 1130 1265 1154 et
1289 1133 1391 1164 saepe
1415 1125 1555 1155 traditur
1577 1126 1610 1155 iu
1629 1125 1765 1163 scholis,
1783 1132 1819 1156 ut
1831 1127 2092 1164 consideremus,

1111 1168 1165 1207 qui
1194 1172 1333 1197 eventus
1364 1176 1443 1197 vere
1471 1168 1634 1206 pendeant
1657 1175 1689 1199 et.
1713 1169 1860 1199 oriantur
1878 1179 1898 1199 a
1922 1167 2092 1200 voluntate

1110 1209 1183 1247 Dei,
1208 1209 1262 1249 qui
1285 1208 1415 1239 aliunde
1439 1210 1597 1240 oriantur.

1197 1251 1259 1282 Hic
1304 1252 1436 1286 etiam⁴)
1483 1253 1523 1282 de
1558 1252 1703 1294 Physica
1743 1254 1943 1284 necessitate
1984 1254 2092 1284 dicen-

1110 1294 1186 1325 dum
1216 1300 1285 1331 est,
1314 1301 1351 1325 ut
1378 1295 1463 1335 ignis
1486 1296 1676 1327 necessario
1706 1295 1875 1334 calefacit,
1903 1295 1956 1327 sol
1979 1307 2092 1327 neces-

1111 1338 1198 1367 sario
1226 1343 1386 1368 movetur.
1443 1338 1511 1369 Sed
1539 1337 1626 1369 hanc
1653 1338 1831 1380 Physicam
1859 1340 2094 1370 necessitatem

1111 1380 1260 1410 doctrina
1284 1379 1458 1411 Ecclesiae
1481 1381 1577 1411 etiam
1601 1382 1644 1412 ait
1665 1392 1742 1412 esse
1765 1383 1996 1413 necessitatem
2016 1392 2093 1413 con-

1111 1423 1311 1463 sequentiae.
1356 1423 1412 1454 Sic
1441 1429 1593 1455 movetur
1615 1423 1684 1462 sol,
1716 1426 1791 1465 quia
1813 1425 1907 1456 Deus
1930 1424 2017 1455 hunc
2042 1436 2093 1456 or-

1110 1466 1218 1495 dinem
1240 1465 1395 1503 instituit,
1425 1471 1457 1496 et
1480 1471 1606 1497 mutare
1629 1473 1756 1507 potest,
1791 1474 1823 1498 ut
1847 1468 2024 1499 ostendunt
2046 1467 2093 1498 hi-

1110 1509 1233 1538 storiae
1255 1507 1373 1539 Iosuae
1397 1514 1429 1539 et
1451 1508 1625 1540 Ezechiae.
1671 1510 1762 1541 Haec
1785 1510 1867 1541 alias
1877 1512 1904 1548 ⁵)
1925 1512 2092 1551 copiosius

1109 1551 1292 1581 traduntur.

1195 1609 1344 1641 Recitavi
1367 1612 1562 1651 praecipuas
1586 1612 1752 1650 materias,
1772 1614 1901 1654 quaein
1915 1612 1978 1644 hac
1992 1623 2091 1654 quae-

1109 1654 1216 1684 stione
1239 1654 1356 1695 agitari
1381 1652 1506 1691 solent,
1535 1655 1653 1695 quibus
1676 1654 1849 1697 diligenter
1872 1656 2092 1687 consideratis

1109 1696 1248 1726 studiosi
1283 1697 1400 1727 dextre
1436 1697 1476 1727 de
1509 1696 1573 1728 hac
1602 1703 1673 1728 tota
1696 1700 1925 1729 controversia
1947 1699 2093 1729 iudicare

1108 1744 1274 1779 poterunt,
1299 1745 1330 1769 et
1355 1740 1434 1770 satis
1458 1741 1634 1780 perspicue
1656 1740 1859 1782 intelligent,
1884 1752 2093 1782 nequaquam

1110 1781 1240 1812 Stoicas
1275 1782 1446 1822 opiniones
1476 1784 1508 1813 in
1542 1782 1726 1814 Ecclesiam
1764 1783 1969 1815 invehendas
2005 1794 2091 1815 esse.

1110 1823 1284 1859 Quomodo
1298 1825 1399 1864 ‚enim
1429 1825 1596 1856 invocabit
1618 1825 1726 1857 Deum
1749 1828 1793 1863 is,
1829 1827 1883 1868 qui
1906 1827 2014 1858 onmia
2036 1837 2091 1857 ne·

1110 1868 1259 1897 cessario
1284 1870 1422 1898 evenire
1444 1868 1583 1898 statuit?
1606 1868 1735 1900 Deinde
1760 1876 1791 1900 et
1814 1870 1961 1901 moribus
1985 1870 2092 1910 perni-

1109 1910 1235 1940 ciosum
1266 1915 1316 1940 est
1344 1908 1439 1947 illud,
1474 1911 1563 1951 quod
1593 1912 1624 1941 in
1647 1911 1832 1954 Tragoedia
1863 1913 1996 1943 dicitur:
2020 1912 2092 1943 Fati

1107 1953 1168 1982 ista
1194 1951 1292 1992 culpa
1316 1958 1385 1990 est,
1408 1953 1512 1984 Nemo
1536 1954 1571 1984 fit
1591 1953 1660 1984 sato
1683 1965 1821 1986 nocens.
1858 1955 1952 1986 Sicut
1976 1961 2006 1986 et
2030 1955 2091 1985 Ze-

1107 1996 1205 2026 nonis
1238 2005 1357 2025 servus
1388 1996 1517 2027 dicebat
1551 2006 1587 2027 se
1620 1998 1739 2028 iniuste
1769 1997 1887 2039 plecti,
1921 1999 1999 2039 quia
2021 1996 2091 2029 fato

1108 2044 1245 2069 coactus
1280 2043 1370 2068 esset
1404 2049 1556 2079 peccare.
1603 2039 1701 2071 Tales
1735 2041 1834 2081 igitur
1863 2051 2034 2072 sermones
2059 2047 2091 2072 ot

1107 2081 1278 2121 opiniones
1303 2079 1478 2121 fugiamus.
1506 2081 1603 2112 Plato
1626 2082 1798 2114 honestius
1817 2083 1974 2125 loquitur,
1994 2084 2090 2115 cuius

1105 2123 1189 2154 haec
1212 2129 1289 2154 sunt
1312 2124 1416 2155 verba
1439 2124 1471 2155 in
1494 2126 1641 2156 secundo
1664 2124 1747 2157 libro
1770 2128 1944 2157 πολιτειῶνε
1991 2126 2088 2157 0111111

1107 2167 1316 2197 contentione
1350 2168 1560 2208 pugnandum
1595 2174 1663 2206 est,
1698 2179 1740 2199 ne
1774 2170 1847 2210 quis
1881 2170 1914 2200 in
1946 2170 2089 2208 civitate,

1106 2220 1205 2250 quam
1229 2210 1312 2240 bene
1334 2210 1405 2250 regi
1428 2209 1592 2248 volumus,
1616 2210 1671 2242 vel
1694 2212 1793 2250 dicat,
1815 2211 1869 2243 vel
1888 2213 2008 2250 audiat,
2028 2222 2090 2244 seu

1105 2262 1207 2283 senex
1231 2261 1291 2282 seu
1313 2252 1453 2290 iuvenis,
1478 2263 1537 2284 seu
1560 2254 1592 2283 in
1616 2257 1769 2293 poemate
1793 2265 1852 2286 seu
1871 2255 1903 2285 in
1927 2254 1991 2286 alia
2014 2265 2089 2286 nar-

1104 2294 1358 2333 ratione,Deum
1371 2305 1526 2327 caussam
1537 2295 1634 2327 alicui
1644 2298 1685 2332 ⁵³)
1704 2307 1780 2328 esse
1799 2296 1969 2329 malorum.
1990 2297 2088 2333 Quod

1104 2389 1132 2419 3)
1151 2389 1231 2420 esset]
1253 2389 1325 2414 Etlitt.
1344 2391 1385 2415 22.
1405 2391 1445 2415 24.
1465 2393 1515 2422 typ.
1534 2397 1637 2416 errore:
1657 2398 1716 2417 esse

1103 2439 1131 2470 4)
1151 2440 1238 2471 etiam]
1261 2441 1333 2471 (ἴοι-ρ.
1353 2442 1377 2466 2.
1396 2443 1419 2466 4.
1438 2442 1523 2466 male:
1542 2443 1609 2468 enim

1102 2491 1131 2521 5)
1150 2492 1207 2516 Scil.
1229 2492 1253 2516 in
1272 2493 1367 2518 libellis
1387 2493 1508 2522 physices
1528 2495 1553 2518 et
1570 2494 1728 2520 Dialectices.

1103 2543 1144 2573 52³)
1165 2543 1270 2574 alicubi]
1291 2544 1362 2575 Corp.
1384 2545 1450 2569 1-8
1470 2545 1563 2570 alicubi
