<?xml version="1.0" encoding="UTF-8"?>
<!DOCTYPE html PUBLIC "-//W3C//DTD XHTML 1.0 Transitional//EN"
    "http://www.w3.org/TR/xhtml1/DTD/xhtml1-transitional.dtd">
<html xmlns="http://www.w3.org/1999/xhtml" xml:lang="en" lang="en">
 <head>
  <title>
</title>
<meta http-equiv="Content-Type" content="text/html;charset=utf-8" />
  <meta name='ocr-system' content='tesseract 3.04.00' />
  <meta name='ocr-capabilities' content='ocr_page ocr_carea ocr_par ocr_line ocrx_word'/>
</head>
<body>
  <div class='ocr_page' id='page_1' title='image "./operaquaesupersu21melauoft_0379.png"; bbox 0 0 2358 2933; ppageno 0'>
   <div class='ocr_carea' id='block_1_1' title="bbox 95 150 155 181">
    <p class='ocr_par' dir='ltr' id='par_1_1' title="bbox 95 150 155 181">
     <span class='ocr_line' id='line_1_1' title="bbox 95 150 155 181; baseline 0 0"><span class='ocrx_word' id='word_1_1' title='bbox 95 150 155 181; x_wconf 89' lang='grc'>729</span> 
     </span>
    </p>
   </div>
   <div class='ocr_carea' id='block_1_2' title="bbox 91 236 1065 702">
    <p class='ocr_par' dir='ltr' id='par_1_2' title="bbox 91 236 1065 702">
     <span class='ocr_line' id='line_1_2' title="bbox 94 236 1065 284; baseline -0.008 -10"><span class='ocrx_word' id='word_1_2' title='bbox 94 244 183 284; x_wconf 86' lang='lat' dir='ltr'>cipes</span> <span class='ocrx_word' id='word_1_3' title='bbox 217 241 372 282; x_wconf 85' lang='lat' dir='ltr'>suspensi</span> <span class='ocrx_word' id='word_1_4' title='bbox 395 246 488 277; x_wconf 89' lang='lat' dir='ltr'>sunt,</span> <span class='ocrx_word' id='word_1_5' title='bbox 522 244 554 270; x_wconf 90' lang='lat' dir='ltr'>et</span> <span class='ocrx_word' id='word_1_6' title='bbox 577 238 739 270; x_wconf 85' lang='lat' dir='ltr'><strong>interfecti</strong></span> <span class='ocrx_word' id='word_1_7' title='bbox 761 237 868 268; x_wconf 89' lang='grc'>24000</span> <span class='ocrx_word' id='word_1_8' title='bbox 890 236 1065 267; x_wconf 90' lang='lat' dir='ltr'>hominum.</span> 
     </span>
     <span class='ocr_line' id='line_1_3' title="bbox 93 278 1065 322; baseline -0.007 -6"><span class='ocrx_word' id='word_1_9' title='bbox 93 285 199 317; x_wconf 89' lang='lat' dir='ltr'>Levit.</span> <span class='ocrx_word' id='word_1_10' title='bbox 225 284 274 315; x_wconf 88' lang='grc'>18.</span> <span class='ocrx_word' id='word_1_11' title='bbox 299 286 365 321; x_wconf 85' lang='lat' dir='ltr'>[VS.</span> <span class='ocrx_word' id='word_1_12' title='bbox 388 283 454 320; x_wconf 88' lang='grc'>24.]</span> <span class='ocrx_word' id='word_1_13' title='bbox 479 283 636 322; x_wconf 90' lang='lat' dir='ltr'>scriptum</span> <span class='ocrx_word' id='word_1_14' title='bbox 659 287 721 318; x_wconf 87' lang='lat' dir='ltr'>est,</span> <span class='ocrx_word' id='word_1_15' title='bbox 744 280 845 312; x_wconf 88' lang='lat' dir='ltr'>deleri</span> <span class='ocrx_word' id='word_1_16' title='bbox 869 278 1065 310; x_wconf 90' lang='lat' dir='ltr'>Cananaeos</span> 
     </span>
     <span class='ocr_line' id='line_1_4' title="bbox 92 323 1065 369; baseline -0.007 -11"><span class='ocrx_word' id='word_1_17' title='bbox 92 332 226 369; x_wconf 88' lang='lat' dir='ltr'>propter</span> <span class='ocrx_word' id='word_1_18' title='bbox 256 326 402 356; x_wconf 85' lang='lat' dir='ltr'>incestas</span> <span class='ocrx_word' id='word_1_19' title='bbox 435 323 596 355; x_wconf 84' lang='lat' dir='ltr'>libidines.</span> <span class='ocrx_word' id='word_1_20' title='bbox 643 323 742 354; x_wconf 89' lang='lat' dir='ltr'>Iudic.</span> <span class='ocrx_word' id='word_1_21' title='bbox 771 323 824 353; x_wconf 89' lang='grc'>20.</span> <span class='ocrx_word' id='word_1_22' title='bbox 858 330 964 362; x_wconf 89' lang='lat' dir='ltr'>paene</span> <span class='ocrx_word' id='word_1_23' title='bbox 997 327 1065 351; x_wconf 89' lang='lat' dir='ltr'>tota</span> 
     </span>
     <span class='ocr_line' id='line_1_5' title="bbox 92 363 1064 406; baseline -0.008 -5"><span class='ocrx_word' id='word_1_24' title='bbox 92 370 195 401; x_wconf 88' lang='lat' dir='ltr'>tribus</span> <span class='ocrx_word' id='word_1_25' title='bbox 212 368 381 398; x_wconf 86' lang='lat' dir='ltr'><strong>Beniamin</strong></span> <span class='ocrx_word' id='word_1_26' title='bbox 404 365 513 398; x_wconf 91' lang='lat' dir='ltr'>deleta</span> <span class='ocrx_word' id='word_1_27' title='bbox 535 372 586 397; x_wconf 93' lang='lat' dir='ltr'>est</span> <span class='ocrx_word' id='word_1_28' title='bbox 607 371 743 406; x_wconf 87' lang='lat' dir='ltr'>propter</span> <span class='ocrx_word' id='word_1_29' title='bbox 765 369 948 405; x_wconf 84' lang='lat' dir='ltr'>stupratam</span> <span class='ocrx_word' id='word_1_30' title='bbox 970 363 1064 394; x_wconf 88' lang='lat' dir='ltr'>Levi-</span> 
     </span>
     <span class='ocr_line' id='line_1_6' title="bbox 92 405 1062 450; baseline -0.008 -8"><span class='ocrx_word' id='word_1_31' title='bbox 92 418 145 442; x_wconf 85' lang='lat' dir='ltr'>tae</span> <span class='ocrx_word' id='word_1_32' title='bbox 177 419 324 441; x_wconf 75' lang='lat' dir='ltr'>uxorem.</span> <span class='ocrx_word' id='word_1_33' title='bbox 360 409 391 439; x_wconf 92' lang='grc'>2.</span> <span class='ocrx_word' id='word_1_34' title='bbox 414 409 497 450; x_wconf 83' lang='lat' dir='ltr'>Reg.</span> <span class='ocrx_word' id='word_1_35' title='bbox 524 409 573 439; x_wconf 87' lang='grc'>12.</span> <span class='ocrx_word' id='word_1_36' title='bbox 588 409 634 449; x_wconf 74' lang='lat'>3²)</span> <span class='ocrx_word' id='word_1_37' title='bbox 670 407 714 445; x_wconf 88' lang='grc'>[2.</span> <span class='ocrx_word' id='word_1_38' title='bbox 735 407 822 438; x_wconf 92' lang='lat' dir='ltr'>Sam.</span> <span class='ocrx_word' id='word_1_39' title='bbox 844 406 895 443; x_wconf 84' lang='grc'>12,</span> <span class='ocrx_word' id='word_1_40' title='bbox 919 405 949 436; x_wconf 89' lang='grc'>9.</span> <span class='ocrx_word' id='word_1_41' title='bbox 976 409 1062 446; x_wconf 87' lang='lat' dir='ltr'>sqq.]</span> 
     </span>
     <span class='ocr_line' id='line_1_7' title="bbox 92 447 1062 492; baseline -0.007 -8"><span class='ocrx_word' id='word_1_42' title='bbox 92 453 211 484; x_wconf 89' lang='lat' dir='ltr'>Davidi</span> <span class='ocrx_word' id='word_1_43' title='bbox 241 452 456 492; x_wconf 84' lang='lat' dir='ltr'>gravissimae</span> <span class='ocrx_word' id='word_1_44' title='bbox 485 460 613 491; x_wconf 90' lang='lat' dir='ltr'>poenae</span> <span class='ocrx_word' id='word_1_45' title='bbox 635 455 769 490; x_wconf 88' lang='lat' dir='ltr'>propter</span> <span class='ocrx_word' id='word_1_46' title='bbox 791 447 985 479; x_wconf 81' lang='lat' dir='ltr'>adulterium</span> <span class='ocrx_word' id='word_1_47' title='bbox 1009 448 1062 477; x_wconf 90' lang='lat' dir='ltr'>de-</span> 
     </span>
     <span class='ocr_line' id='line_1_8' title="bbox 91 489 1063 532; baseline -0.007 -6"><span class='ocrx_word' id='word_1_48' title='bbox 91 496 296 526; x_wconf 84' lang='lat' dir='ltr'>nuntiantm·:</span> <span class='ocrx_word' id='word_1_49' title='bbox 332 492 488 524; x_wconf 81' lang='lat' dir='ltr'>Salomon</span> <span class='ocrx_word' id='word_1_50' title='bbox 521 493 659 523; x_wconf 77' lang='lat' dir='ltr'>admittit</span> <span class='ocrx_word' id='word_1_51' title='bbox 689 489 836 532; x_wconf 85' lang='lat' dir='ltr'>exempla</span> <span class='ocrx_word' id='word_1_52' title='bbox 859 489 1063 520; x_wconf 86' lang='lat' dir='ltr'>idololatriae</span> 
     </span>
     <span class='ocr_line' id='line_1_9' title="bbox 91 534 1062 578; baseline -0.005 -11"><span class='ocrx_word' id='word_1_53' title='bbox 91 542 224 578; x_wconf 89' lang='lat' dir='ltr'>propter</span> <span class='ocrx_word' id='word_1_54' title='bbox 246 535 409 566; x_wconf 81' lang='lat' dir='ltr'>libidines.</span> <span class='ocrx_word' id='word_1_55' title='bbox 454 535 495 566; x_wconf 89' lang='lat' dir='ltr'>Et</span> <span class='ocrx_word' id='word_1_56' title='bbox 517 535 669 565; x_wconf 81' lang='lat' dir='ltr'>Ieremias</span> <span class='ocrx_word' id='word_1_57' title='bbox 694 543 794 574; x_wconf 85' lang='lat' dir='ltr'>saepe</span> <span class='ocrx_word' id='word_1_58' title='bbox 817 534 900 563; x_wconf 91' lang='lat' dir='ltr'>inter</span> <span class='ocrx_word' id='word_1_59' title='bbox 923 542 1062 562; x_wconf 89' lang='lat' dir='ltr'>caussas</span> 
     </span>
     <span class='ocr_line' id='line_1_10' title="bbox 91 573 1062 619; baseline -0.006 -10"><span class='ocrx_word' id='word_1_60' title='bbox 91 580 206 610; x_wconf 86' lang='lat' dir='ltr'>excidii</span> <span class='ocrx_word' id='word_1_61' title='bbox 241 577 490 619; x_wconf 83' lang='lat' dir='ltr'>Hierosolymae</span> <span class='ocrx_word' id='word_1_62' title='bbox 524 582 675 612; x_wconf 83' lang='lat' dir='ltr'>recenset</span> <span class='ocrx_word' id='word_1_63' title='bbox 709 575 879 606; x_wconf 91' lang='lat' dir='ltr'>adulteria.</span> <span class='ocrx_word' id='word_1_64' title='bbox 941 574 976 604; x_wconf 92' lang='lat' dir='ltr'>ln</span> <span class='ocrx_word' id='word_1_65' title='bbox 1010 573 1062 604; x_wconf 86' lang='lat' dir='ltr'>his</span> 
     </span>
     <span class='ocr_line' id='line_1_11' title="bbox 91 617 1062 661; baseline -0.006 -9"><span class='ocrx_word' id='word_1_66' title='bbox 91 620 248 661; x_wconf 85' lang='lat' dir='ltr'>exemplis</span> <span class='ocrx_word' id='word_1_67' title='bbox 267 621 340 651; x_wconf 91' lang='lat' dir='ltr'>ideo</span> <span class='ocrx_word' id='word_1_68' title='bbox 364 620 487 660; x_wconf 85' lang='lat' dir='ltr'>scripta</span> <span class='ocrx_word' id='word_1_69' title='bbox 510 624 561 650; x_wconf 87' lang='lat' dir='ltr'>est</span> <span class='ocrx_word' id='word_1_70' title='bbox 584 627 723 655; x_wconf 81' lang='lat' dir='ltr'>caussa,</span> <span class='ocrx_word' id='word_1_71' title='bbox 742 624 776 649; x_wconf 95' lang='lat' dir='ltr'>ut</span> <span class='ocrx_word' id='word_1_72' title='bbox 799 623 949 648; x_wconf 78' lang='lat' dir='ltr'>extarent</span> <span class='ocrx_word' id='word_1_73' title='bbox 973 617 1062 647; x_wconf 88' lang='lat' dir='ltr'>testi-</span> 
     </span>
     <span class='ocr_line' id='line_1_12' title="bbox 91 660 1063 702; baseline -0.005 -8"><span class='ocrx_word' id='word_1_74' title='bbox 91 664 198 694; x_wconf 91' lang='lat' dir='ltr'>monia</span> <span class='ocrx_word' id='word_1_75' title='bbox 220 672 380 702; x_wconf 82' lang='lat' dir='ltr'>expressa</span> <span class='ocrx_word' id='word_1_76' title='bbox 404 661 444 692; x_wconf 87' lang='lat' dir='ltr'>dc</span> <span class='ocrx_word' id='word_1_77' title='bbox 466 661 584 692; x_wconf 90' lang='lat' dir='ltr'>iudicio</span> <span class='ocrx_word' id='word_1_78' title='bbox 608 660 680 698; x_wconf 85' lang='lat' dir='ltr'>Dei,</span> <span class='ocrx_word' id='word_1_79' title='bbox 705 666 736 691; x_wconf 88' lang='lat' dir='ltr'>et</span> <span class='ocrx_word' id='word_1_80' title='bbox 760 661 918 691; x_wconf 86' lang='lat' dir='ltr'>sciremus</span> <span class='ocrx_word' id='word_1_81' title='bbox 941 660 1063 700; x_wconf 87' lang='lat' dir='ltr'>ubique</span> 
     </span>
    </p>
   </div>
   <div class='ocr_carea' id='block_1_3' title="bbox 90 701 1086 746">
    <p class='ocr_par' dir='ltr' id='par_1_3' title="bbox 90 701 1086 746">
     <span class='ocr_line' id='line_1_13' title="bbox 90 701 1086 746; baseline -0.004 -11"><span class='ocrx_word' id='word_1_82' title='bbox 90 706 195 746; x_wconf 89' lang='lat' dir='ltr'>puniri</span> <span class='ocrx_word' id='word_1_83' title='bbox 230 704 399 741; x_wconf 85' lang='lat' dir='ltr'>libidines,</span> <span class='ocrx_word' id='word_1_84' title='bbox 433 713 495 733; x_wconf 89' lang='lat' dir='ltr'>nec</span> <span class='ocrx_word' id='word_1_85' title='bbox 529 709 650 734; x_wconf 90' lang='lat' dir='ltr'>temere</span> <span class='ocrx_word' id='word_1_86' title='bbox 679 703 831 734; x_wconf 86' lang='lat' dir='ltr'>accidere</span> <span class='ocrx_word' id='word_1_87' title='bbox 855 701 1086 740; x_wconf 66' lang='lat' dir='ltr'>calamitates3</span> 
     </span>
    </p>
   </div>
   <div class='ocr_carea' id='block_1_4' title="bbox 89 745 2083 822">
    <p class='ocr_par' dir='ltr' id='par_1_4' title="bbox 89 745 2083 822">
     <span class='ocr_line' id='line_1_14' title="bbox 89 745 1086 789; baseline -0.005 -11"><span class='ocrx_word' id='word_1_88' title='bbox 89 746 239 789; x_wconf 90' lang='lat' dir='ltr'>pollutis,</span> <span class='ocrx_word' id='word_1_89' title='bbox 264 746 323 777; x_wconf 92' lang='lat' dir='ltr'>sed</span> <span class='ocrx_word' id='word_1_90' title='bbox 345 755 470 786; x_wconf 90' lang='lat' dir='ltr'>poenas</span> <span class='ocrx_word' id='word_1_91' title='bbox 494 756 587 783; x_wconf 85' lang='lat' dir='ltr'>esse,</span> <span class='ocrx_word' id='word_1_92' title='bbox 617 746 735 786; x_wconf 91' lang='lat' dir='ltr'>quibus</span> <span class='ocrx_word' id='word_1_93' title='bbox 754 745 844 776; x_wconf 91' lang='lat' dir='ltr'>Deus</span> <span class='ocrx_word' id='word_1_94' title='bbox 866 746 948 775; x_wconf 86' lang='lat' dir='ltr'>iram</span> <span class='ocrx_word' id='word_1_95' title='bbox 970 753 1064 774; x_wconf 86' lang='lat' dir='ltr'>suam</span> <span class='ocrx_word' id='word_1_96' title='bbox 1084 755 1086 786; x_wconf 40' lang='grc' dir='ltr'>ζ</span> 
     </span>
     <span class='ocr_line' id='line_1_15' title="bbox 1085 777 2083 822; baseline -0.011 -5"><span class='ocrx_word' id='word_1_97' title='bbox 1085 794 1086 798; x_wconf 76' lang='grc'>’</span> <span class='ocrx_word' id='word_1_98' title='bbox 1108 787 1187 817; x_wconf 87' lang='lat' dir='ltr'>fiunt</span> <span class='ocrx_word' id='word_1_99' title='bbox 1211 791 1374 822; x_wconf 78' lang='lat' dir='ltr'>amentes,</span> <span class='ocrx_word' id='word_1_100' title='bbox 1405 794 1466 813; x_wconf 85' lang='lat' dir='ltr'>nec</span> <span class='ocrx_word' id='word_1_101' title='bbox 1490 783 1601 813; x_wconf 69' lang='lat' dir='ltr'>vident</span> <span class='ocrx_word' id='word_1_102' title='bbox 1623 792 1684 812; x_wconf 89' lang='lat' dir='ltr'>nec</span> <span class='ocrx_word' id='word_1_103' title='bbox 1707 781 1842 811; x_wconf 85' lang='lat' dir='ltr'>audiunt</span> <span class='ocrx_word' id='word_1_104' title='bbox 1864 783 1955 809; x_wconf 86' lang='lat' dir='ltr'>recta</span> <span class='ocrx_word' id='word_1_105' title='bbox 1978 777 2083 808; x_wconf 87' lang='lat' dir='ltr'>consi-</span> 
     </span>
    </p>
   </div>
   <div class='ocr_carea' id='block_1_5' title="bbox 89 785 1064 828">
    <p class='ocr_par' dir='ltr' id='par_1_5' title="bbox 89 785 1064 828">
     <span class='ocr_line' id='line_1_16' title="bbox 89 785 1064 828; baseline -0.004 -8"><span class='ocrx_word' id='word_1_106' title='bbox 89 790 250 820; x_wconf 82' lang='lat' dir='ltr'>adversus</span> <span class='ocrx_word' id='word_1_107' title='bbox 283 787 348 819; x_wconf 89' lang='lat' dir='ltr'>hoc</span> <span class='ocrx_word' id='word_1_108' title='bbox 378 794 549 828; x_wconf 88' lang='lat' dir='ltr'>peccatum</span> <span class='ocrx_word' id='word_1_109' title='bbox 572 787 729 818; x_wconf 76' lang='lat' dir='ltr'>declarat.</span> <span class='ocrx_word' id='word_1_110' title='bbox 775 787 851 818; x_wconf 89' lang='lat' dir='ltr'>ldeo</span> <span class='ocrx_word' id='word_1_111' title='bbox 876 785 989 818; x_wconf 85' lang='lat' dir='ltr'>clades</span> <span class='ocrx_word' id='word_1_112' title='bbox 1014 796 1064 816; x_wconf 88' lang='lat' dir='ltr'>se-</span> 
     </span>
    </p>
   </div>
   <div class='ocr_carea' id='block_1_6' title="bbox 89 827 1087 955">
    <p class='ocr_par' dir='ltr' id='par_1_6' title="bbox 89 827 1087 955">
     <span class='ocr_line' id='line_1_17' title="bbox 90 827 1087 870; baseline -0.002 -8"><span class='ocrx_word' id='word_1_113' title='bbox 90 837 185 863; x_wconf 86' lang='lat' dir='ltr'>cutae</span> <span class='ocrx_word' id='word_1_114' title='bbox 230 836 332 861; x_wconf 89' lang='lat' dir='ltr'>tetras</span> <span class='ocrx_word' id='word_1_115' title='bbox 371 829 521 861; x_wconf 85' lang='lat' dir='ltr'>libidines</span> <span class='ocrx_word' id='word_1_116' title='bbox 555 831 643 870; x_wconf 90' lang='lat' dir='ltr'>apud</span> <span class='ocrx_word' id='word_1_117' title='bbox 676 829 835 860; x_wconf 91' lang='lat' dir='ltr'>Ethnicos</span> <span class='ocrx_word' id='word_1_118' title='bbox 870 827 1064 860; x_wconf 83' lang='lat' dir='ltr'>referendae</span> <span class='ocrx_word' id='word_1_119' title='bbox 1085 854 1087 860; x_wconf 76' lang='grc'>,</span> 
     </span>
     <span class='ocr_line' id='line_1_18' title="bbox 89 871 1087 913; baseline -0.003 -10"><span class='ocrx_word' id='word_1_120' title='bbox 89 879 166 904; x_wconf 90' lang='lat' dir='ltr'>sunt</span> <span class='ocrx_word' id='word_1_121' title='bbox 188 874 230 904; x_wconf 92' lang='lat' dir='ltr'>ad</span> <span class='ocrx_word' id='word_1_122' title='bbox 253 873 388 903; x_wconf 86' lang='lat' dir='ltr'>eandem</span> <span class='ocrx_word' id='word_1_123' title='bbox 413 882 567 903; x_wconf 84' lang='lat' dir='ltr'>caussam</span> <span class='ocrx_word' id='word_1_124' title='bbox 590 878 620 902; x_wconf 86' lang='lat' dir='ltr'>et</span> <span class='ocrx_word' id='word_1_125' title='bbox 641 873 682 903; x_wconf 92' lang='lat' dir='ltr'>ad</span> <span class='ocrx_word' id='word_1_126' title='bbox 700 871 786 903; x_wconf 85' lang='lat' dir='ltr'>hanc</span> <span class='ocrx_word' id='word_1_127' title='bbox 799 871 957 913; x_wconf 85' lang='lat' dir='ltr'>regulam,</span> <span class='ocrx_word' id='word_1_128' title='bbox 981 880 1064 912; x_wconf 87' lang='lat' dir='ltr'>quae</span> <span class='ocrx_word' id='word_1_129' title='bbox 1085 895 1087 910; x_wconf 62' lang='lat'>³</span> 
     </span>
     <span class='ocr_line' id='line_1_19' title="bbox 90 913 1087 955; baseline -0.003 -9"><span class='ocrx_word' id='word_1_130' title='bbox 90 920 177 946; x_wconf 81' lang='lat' dir='ltr'>extat</span> <span class='ocrx_word' id='word_1_131' title='bbox 199 916 231 946; x_wconf 87' lang='lat' dir='ltr'>in</span> <span class='ocrx_word' id='word_1_132' title='bbox 253 913 403 955; x_wconf 84' lang='lat' dir='ltr'>Epistola</span> <span class='ocrx_word' id='word_1_133' title='bbox 425 916 467 945; x_wconf 90' lang='lat' dir='ltr'>ad</span> <span class='ocrx_word' id='word_1_134' title='bbox 490 914 661 945; x_wconf 89' lang='lat' dir='ltr'>Hebraeos</span> <span class='ocrx_word' id='word_1_135' title='bbox 687 914 750 952; x_wconf 71' lang='lat'>113,</span> <span class='ocrx_word' id='word_1_136' title='bbox 770 915 832 953; x_wconf 82' lang='lat'>4.]:</span> <span class='ocrx_word' id='word_1_137' title='bbox 873 914 1064 944; x_wconf 86' lang='lat' dir='ltr'>Fornicato-</span> <span class='ocrx_word' id='word_1_138' title='bbox 1085 930 1087 952; x_wconf 47' lang='lat' dir='ltr'><strong><em>g</em></strong></span> 
     </span>
    </p>
   </div>
   <div class='ocr_carea' id='block_1_7' title="bbox 88 957 1064 1040">
    <p class='ocr_par' dir='ltr' id='par_1_7' title="bbox 88 957 1064 1040">
     <span class='ocr_line' id='line_1_20' title="bbox 88 957 648 997; baseline -0.004 -8"><span class='ocrx_word' id='word_1_139' title='bbox 88 968 143 989; x_wconf 87' lang='lat' dir='ltr'>res</span> <span class='ocrx_word' id='word_1_140' title='bbox 168 963 199 989; x_wconf 89' lang='lat' dir='ltr'>et</span> <span class='ocrx_word' id='word_1_141' title='bbox 222 957 390 988; x_wconf 91' lang='lat' dir='ltr'>adulteros</span> <span class='ocrx_word' id='word_1_142' title='bbox 412 958 523 997; x_wconf 90' lang='lat' dir='ltr'>puniet</span> <span class='ocrx_word' id='word_1_143' title='bbox 545 957 648 987; x_wconf 92' lang='lat' dir='ltr'>Deus.</span> 
     </span>
     <span class='ocr_line' id='line_1_21' title="bbox 174 998 1064 1040; baseline -0.002 -11"><span class='ocrx_word' id='word_1_144' title='bbox 174 999 279 1030; x_wconf 89' lang='lat' dir='ltr'>Porro</span> <span class='ocrx_word' id='word_1_145' title='bbox 313 1000 395 1030; x_wconf 87' lang='lat' dir='ltr'>adeo</span> <span class='ocrx_word' id='word_1_146' title='bbox 427 1004 512 1030; x_wconf 88' lang='lat' dir='ltr'>tetra</span> <span class='ocrx_word' id='word_1_147' title='bbox 546 998 695 1040; x_wconf 83' lang='lat' dir='ltr'>exempla</span> <span class='ocrx_word' id='word_1_148' title='bbox 729 1005 805 1030; x_wconf 90' lang='lat' dir='ltr'>sunt</span> <span class='ocrx_word' id='word_1_149' title='bbox 839 998 994 1035; x_wconf 90' lang='lat' dir='ltr'>Ethnica,</span> <span class='ocrx_word' id='word_1_150' title='bbox 1028 1003 1064 1028; x_wconf 92' lang='lat' dir='ltr'>ut</span> 
     </span>
    </p>
   </div>
   <div class='ocr_carea' id='block_1_8' title="bbox 89 1042 1087 1169">
    <p class='ocr_par' dir='ltr' id='par_1_8' title="bbox 89 1042 1087 1169">
     <span class='ocr_line' id='line_1_22' title="bbox 89 1042 1087 1083; baseline -0.003 -11"><span class='ocrx_word' id='word_1_151' title='bbox 89 1051 196 1083; x_wconf 89' lang='lat' dir='ltr'>neque</span> <span class='ocrx_word' id='word_1_152' title='bbox 227 1042 364 1082; x_wconf 81' lang='lat' dir='ltr'>cogitari</span> <span class='ocrx_word' id='word_1_153' title='bbox 398 1051 503 1082; x_wconf 90' lang='lat' dir='ltr'>neque</span> <span class='ocrx_word' id='word_1_154' title='bbox 537 1042 668 1072; x_wconf 80' lang='lat' dir='ltr'>recitari</span> <span class='ocrx_word' id='word_1_155' title='bbox 696 1043 826 1082; x_wconf 85' lang='lat' dir='ltr'>possint</span> <span class='ocrx_word' id='word_1_156' title='bbox 849 1042 920 1071; x_wconf 86' lang='lat' dir='ltr'>sine</span> <span class='ocrx_word' id='word_1_157' title='bbox 942 1050 1087 1081; x_wconf 69' lang='lat' dir='ltr'>magno¹</span> 
     </span>
     <span class='ocr_line' id='line_1_23' title="bbox 89 1077 1087 1125; baseline -0.002 -10"><span class='ocrx_word' id='word_1_158' title='bbox 89 1084 226 1120; x_wconf 86' lang='lat' dir='ltr'>dolore;</span> <span class='ocrx_word' id='word_1_159' title='bbox 260 1084 421 1124; x_wconf 87' lang='lat' dir='ltr'>quasdam</span> <span class='ocrx_word' id='word_1_160' title='bbox 457 1089 583 1114; x_wconf 89' lang='lat' dir='ltr'>tantum</span> <span class='ocrx_word' id='word_1_161' title='bbox 616 1085 762 1125; x_wconf 82' lang='lat' dir='ltr'>insignes</span> <span class='ocrx_word' id='word_1_162' title='bbox 791 1084 987 1114; x_wconf 85' lang='lat' dir='ltr'>mutationes</span> <span class='ocrx_word' id='word_1_163' title='bbox 1015 1077 1087 1112; x_wconf 66' lang='lat' dir='ltr'>ree-&#39;³</span> 
     </span>
     <span class='ocr_line' id='line_1_24' title="bbox 90 1125 1086 1169; baseline -0.005 -12"><span class='ocrx_word' id='word_1_164' title='bbox 90 1137 229 1169; x_wconf 85' lang='lat' dir='ltr'>gnorum</span> <span class='ocrx_word' id='word_1_165' title='bbox 252 1126 499 1163; x_wconf 83' lang='lat' dir='ltr'>annotabimuS,</span> <span class='ocrx_word' id='word_1_166' title='bbox 529 1127 647 1167; x_wconf 91' lang='lat' dir='ltr'>quibus</span> <span class='ocrx_word' id='word_1_167' title='bbox 672 1127 882 1157; x_wconf 85' lang='lat' dir='ltr'>occasionem</span> <span class='ocrx_word' id='word_1_168' title='bbox 904 1125 1064 1165; x_wconf 89' lang='lat' dir='ltr'>praebue-</span> <span class='ocrx_word' id='word_1_169' title='bbox 1085 1148 1086 1152; x_wconf 68' lang='grc'>,</span> 
     </span>
    </p>
   </div>
   <div class='ocr_carea' id='block_1_9' title="bbox 89 1166 1068 2395">
    <p class='ocr_par' dir='ltr' id='par_1_9' title="bbox 89 1166 1066 1718">
     <span class='ocr_line' id='line_1_25' title="bbox 89 1166 1065 1209; baseline -0.004 -9"><span class='ocrx_word' id='word_1_170' title='bbox 89 1175 163 1200; x_wconf 87' lang='lat' dir='ltr'>runt</span> <span class='ocrx_word' id='word_1_171' title='bbox 184 1168 347 1199; x_wconf 78' lang='lat' dir='ltr'>libidines,</span> <span class='ocrx_word' id='word_1_172' title='bbox 393 1167 491 1199; x_wconf 90' lang='lat' dir='ltr'>Troia</span> <span class='ocrx_word' id='word_1_173' title='bbox 524 1174 658 1209; x_wconf 88' lang='lat' dir='ltr'>propter</span> <span class='ocrx_word' id='word_1_174' title='bbox 679 1174 806 1209; x_wconf 87' lang='lat' dir='ltr'>raptam</span> <span class='ocrx_word' id='word_1_175' title='bbox 828 1166 987 1198; x_wconf 86' lang='lat' dir='ltr'>Helenam</span> <span class='ocrx_word' id='word_1_176' title='bbox 1011 1167 1065 1197; x_wconf 90' lang='lat' dir='ltr'>de-</span> 
     </span>
     <span class='ocr_line' id='line_1_26' title="bbox 89 1209 1066 1251; baseline -0.004 -10"><span class='ocrx_word' id='word_1_177' title='bbox 89 1210 154 1242; x_wconf 84' lang='lat' dir='ltr'>leta</span> <span class='ocrx_word' id='word_1_178' title='bbox 190 1217 251 1241; x_wconf 88' lang='lat' dir='ltr'>est.</span> <span class='ocrx_word' id='word_1_179' title='bbox 308 1210 441 1241; x_wconf 84' lang='lat' dir='ltr'>Thebae</span> <span class='ocrx_word' id='word_1_180' title='bbox 480 1216 615 1251; x_wconf 90' lang='lat' dir='ltr'>propter</span> <span class='ocrx_word' id='word_1_181' title='bbox 654 1216 782 1250; x_wconf 87' lang='lat' dir='ltr'>raptum</span> <span class='ocrx_word' id='word_1_182' title='bbox 823 1209 1000 1250; x_wconf 86' lang='lat' dir='ltr'>Chrysippi</span> <span class='ocrx_word' id='word_1_183' title='bbox 1034 1214 1066 1238; x_wconf 88' lang='lat' dir='ltr'>et</span> 
     </span>
     <span class='ocr_line' id='line_1_27' title="bbox 89 1251 1064 1293; baseline -0.003 -9"><span class='ocrx_word' id='word_1_184' title='bbox 89 1255 250 1284; x_wconf 85' lang='lat' dir='ltr'>incestum</span> <span class='ocrx_word' id='word_1_185' title='bbox 274 1253 389 1293; x_wconf 88' lang='lat' dir='ltr'>Oedipi</span> <span class='ocrx_word' id='word_1_186' title='bbox 413 1253 546 1292; x_wconf 90' lang='lat' dir='ltr'>punitae</span> <span class='ocrx_word' id='word_1_187' title='bbox 569 1259 654 1283; x_wconf 88' lang='lat' dir='ltr'>sunt.</span> <span class='ocrx_word' id='word_1_188' title='bbox 700 1252 825 1283; x_wconf 85' lang='lat' dir='ltr'>Romae</span> <span class='ocrx_word' id='word_1_189' title='bbox 848 1261 945 1293; x_wconf 81' lang='lat' dir='ltr'>reges</span> <span class='ocrx_word' id='word_1_190' title='bbox 969 1251 1064 1281; x_wconf 91' lang='lat' dir='ltr'>eiecti</span> 
     </span>
     <span class='ocr_line' id='line_1_28' title="bbox 89 1294 1065 1335; baseline -0.003 -9"><span class='ocrx_word' id='word_1_191' title='bbox 89 1302 165 1326; x_wconf 87' lang='lat' dir='ltr'>sunt</span> <span class='ocrx_word' id='word_1_192' title='bbox 187 1300 323 1335; x_wconf 87' lang='lat' dir='ltr'>propter</span> <span class='ocrx_word' id='word_1_193' title='bbox 345 1300 526 1335; x_wconf 79' lang='lat' dir='ltr'>stupratam</span> <span class='ocrx_word' id='word_1_194' title='bbox 548 1294 745 1326; x_wconf 86' lang='lat' dir='ltr'>Lucretiam.</span> <span class='ocrx_word' id='word_1_195' title='bbox 790 1294 916 1326; x_wconf 83' lang='lat' dir='ltr'>Mutata</span> <span class='ocrx_word' id='word_1_196' title='bbox 949 1294 1065 1324; x_wconf 89' lang='lat' dir='ltr'>iterum</span> 
     </span>
     <span class='ocr_line' id='line_1_29' title="bbox 89 1335 1065 1378; baseline -0.003 -9"><span class='ocrx_word' id='word_1_197' title='bbox 89 1335 289 1378; x_wconf 83' lang='lat' dir='ltr'>Respublica</span> <span class='ocrx_word' id='word_1_198' title='bbox 315 1342 449 1377; x_wconf 89' lang='lat' dir='ltr'>propter</span> <span class='ocrx_word' id='word_1_199' title='bbox 478 1337 578 1377; x_wconf 90' lang='lat' dir='ltr'>Appii</span> <span class='ocrx_word' id='word_1_200' title='bbox 607 1337 781 1368; x_wconf 85' lang='lat' dir='ltr'>decemviri</span> <span class='ocrx_word' id='word_1_201' title='bbox 811 1336 934 1367; x_wconf 90' lang='lat' dir='ltr'>scelus.</span> <span class='ocrx_word' id='word_1_202' title='bbox 980 1336 1065 1366; x_wconf 91' lang='lat' dir='ltr'>Lon-</span> 
     </span>
     <span class='ocr_line' id='line_1_30' title="bbox 90 1377 1064 1422; baseline -0.002 -12"><span class='ocrx_word' id='word_1_203' title='bbox 90 1390 151 1422; x_wconf 88' lang='lat' dir='ltr'>gus</span> <span class='ocrx_word' id='word_1_204' title='bbox 182 1385 233 1411; x_wconf 91' lang='lat' dir='ltr'>est</span> <span class='ocrx_word' id='word_1_205' title='bbox 260 1378 433 1420; x_wconf 83' lang='lat' dir='ltr'>catalogus</span> <span class='ocrx_word' id='word_1_206' title='bbox 464 1378 538 1410; x_wconf 86' lang='lat' dir='ltr'>talis</span> <span class='ocrx_word' id='word_1_207' title='bbox 567 1380 654 1420; x_wconf 86' lang='lat' dir='ltr'>apud</span> <span class='ocrx_word' id='word_1_208' title='bbox 677 1378 891 1410; x_wconf 85' lang='lat' dir='ltr'>Aristotelem</span> <span class='ocrx_word' id='word_1_209' title='bbox 914 1377 1010 1409; x_wconf 89' lang='lat' dir='ltr'>Polit.</span> <span class='ocrx_word' id='word_1_210' title='bbox 1034 1377 1064 1408; x_wconf 90' lang='lat'>5.</span> 
     </span>
     <span class='ocr_line' id='line_1_31' title="bbox 89 1420 1066 1463; baseline -0.003 -10"><span class='ocrx_word' id='word_1_211' title='bbox 89 1423 145 1453; x_wconf 90' lang='lat' dir='ltr'>ubi</span> <span class='ocrx_word' id='word_1_212' title='bbox 168 1431 304 1453; x_wconf 87' lang='lat' dir='ltr'>caussas</span> <span class='ocrx_word' id='word_1_213' title='bbox 328 1427 498 1458; x_wconf 84' lang='lat' dir='ltr'>recenset,</span> <span class='ocrx_word' id='word_1_214' title='bbox 528 1432 612 1462; x_wconf 89' lang='lat' dir='ltr'>quae</span> <span class='ocrx_word' id='word_1_215' title='bbox 635 1423 830 1453; x_wconf 80' lang='lat' dir='ltr'>mutationes</span> <span class='ocrx_word' id='word_1_216' title='bbox 854 1422 966 1463; x_wconf 84' lang='lat' dir='ltr'>regnis</span> <span class='ocrx_word' id='word_1_217' title='bbox 990 1420 1066 1451; x_wconf 87' lang='lat' dir='ltr'>affe-</span> 
     </span>
     <span class='ocr_line' id='line_1_32' title="bbox 92 1463 1066 1501; baseline -0.003 -6"><span class='ocrx_word' id='word_1_218' title='bbox 92 1471 181 1495; x_wconf 81' lang='lat' dir='ltr'>runt:</span> <span class='ocrx_word' id='word_1_219' title='bbox 208 1465 241 1494; x_wconf 91' lang='lat' dir='ltr'>in</span> <span class='ocrx_word' id='word_1_220' title='bbox 264 1463 316 1494; x_wconf 84' lang='lat' dir='ltr'>his</span> <span class='ocrx_word' id='word_1_221' title='bbox 339 1463 491 1494; x_wconf 87' lang='lat' dir='ltr'>libidines</span> <span class='ocrx_word' id='word_1_222' title='bbox 515 1471 674 1501; x_wconf 82' lang='lat' dir='ltr'>numerat,</span> <span class='ocrx_word' id='word_1_223' title='bbox 698 1470 729 1495; x_wconf 91' lang='lat' dir='ltr'>et</span> <span class='ocrx_word' id='word_1_224' title='bbox 752 1464 855 1495; x_wconf 89' lang='lat' dir='ltr'>multa</span> <span class='ocrx_word' id='word_1_225' title='bbox 877 1469 988 1495; x_wconf 86' lang='lat' dir='ltr'>narrat</span> <span class='ocrx_word' id='word_1_226' title='bbox 1013 1473 1066 1493; x_wconf 86' lang='lat' dir='ltr'>ex-</span> 
     </span>
     <span class='ocr_line' id='line_1_33' title="bbox 91 1505 1066 1547; baseline -0.002 -10"><span class='ocrx_word' id='word_1_227' title='bbox 91 1506 208 1547; x_wconf 90' lang='lat' dir='ltr'>empla.</span> <span class='ocrx_word' id='word_1_228' title='bbox 254 1505 393 1536; x_wconf 88' lang='lat' dir='ltr'>Athenis</span> <span class='ocrx_word' id='word_1_229' title='bbox 429 1505 486 1536; x_wconf 88' lang='lat' dir='ltr'>filii</span> <span class='ocrx_word' id='word_1_230' title='bbox 507 1506 671 1537; x_wconf 84' lang='lat' dir='ltr'>Pisistrati</span> <span class='ocrx_word' id='word_1_231' title='bbox 701 1508 795 1538; x_wconf 92' lang='lat' dir='ltr'>eiecti</span> <span class='ocrx_word' id='word_1_232' title='bbox 828 1513 903 1537; x_wconf 90' lang='lat' dir='ltr'>sunt</span> <span class='ocrx_word' id='word_1_233' title='bbox 931 1511 1066 1546; x_wconf 87' lang='lat' dir='ltr'>propter</span> 
     </span>
     <span class='ocr_line' id='line_1_34' title="bbox 90 1546 1066 1589; baseline -0.002 -9"><span class='ocrx_word' id='word_1_234' title='bbox 90 1548 321 1580; x_wconf 84' lang='lat' dir='ltr'>contumeliam</span> <span class='ocrx_word' id='word_1_235' title='bbox 344 1546 468 1579; x_wconf 87' lang='lat' dir='ltr'>factam</span> <span class='ocrx_word' id='word_1_236' title='bbox 490 1547 630 1589; x_wconf 89' lang='lat' dir='ltr'>puellae.</span> <span class='ocrx_word' id='word_1_237' title='bbox 676 1548 753 1580; x_wconf 80' lang='lat' dir='ltr'>Dux</span> <span class='ocrx_word' id='word_1_238' title='bbox 775 1548 961 1580; x_wconf 88' lang='lat' dir='ltr'>Laconicus</span> <span class='ocrx_word' id='word_1_239' title='bbox 984 1548 1066 1578; x_wconf 90' lang='lat' dir='ltr'>Pau-</span> 
     </span>
     <span class='ocr_line' id='line_1_35' title="bbox 91 1590 1066 1632; baseline -0.002 -10"><span class='ocrx_word' id='word_1_240' title='bbox 91 1592 202 1622; x_wconf 84' lang='lat' dir='ltr'>sanias</span> <span class='ocrx_word' id='word_1_241' title='bbox 224 1591 376 1632; x_wconf 83' lang='lat' dir='ltr'>Byzantii</span> <span class='ocrx_word' id='word_1_242' title='bbox 399 1596 527 1631; x_wconf 88' lang='lat' dir='ltr'>raptam</span> <span class='ocrx_word' id='word_1_243' title='bbox 550 1591 582 1621; x_wconf 93' lang='lat' dir='ltr'>vi</span> <span class='ocrx_word' id='word_1_244' title='bbox 604 1590 748 1631; x_wconf 84' lang='lat' dir='ltr'>puellam</span> <span class='ocrx_word' id='word_1_245' title='bbox 771 1591 932 1632; x_wconf 73' lang='lat' dir='ltr'>stupravit</span> <span class='ocrx_word' id='word_1_246' title='bbox 955 1596 987 1621; x_wconf 88' lang='lat' dir='ltr'>et</span> <span class='ocrx_word' id='word_1_247' title='bbox 1008 1600 1066 1630; x_wconf 88' lang='lat' dir='ltr'>po—</span> 
     </span>
     <span class='ocr_line' id='line_1_36' title="bbox 91 1632 1065 1675; baseline -0.001 -11"><span class='ocrx_word' id='word_1_248' title='bbox 91 1640 163 1665; x_wconf 86' lang='lat' dir='ltr'>stea</span> <span class='ocrx_word' id='word_1_249' title='bbox 197 1632 371 1670; x_wconf 79' lang='lat' dir='ltr'>interfecit,</span> <span class='ocrx_word' id='word_1_250' title='bbox 386 1634 432 1673; x_wconf 71' lang='lat'>33)</span> <span class='ocrx_word' id='word_1_251' title='bbox 469 1644 509 1664; x_wconf 88' lang='lat' dir='ltr'>ac</span> <span class='ocrx_word' id='word_1_252' title='bbox 542 1634 625 1663; x_wconf 88' lang='lat' dir='ltr'>miro</span> <span class='ocrx_word' id='word_1_253' title='bbox 658 1634 808 1675; x_wconf 84' lang='lat' dir='ltr'>prodigio</span> <span class='ocrx_word' id='word_1_254' title='bbox 843 1644 907 1665; x_wconf 83' lang='lat' dir='ltr'>vox</span> <span class='ocrx_word' id='word_1_255' title='bbox 937 1639 1065 1665; x_wconf 84' lang='lat' dir='ltr'>statuae</span> 
     </span>
     <span class='ocr_line' id='line_1_37' title="bbox 90 1675 764 1718; baseline -0.001 -11"><span class='ocrx_word' id='word_1_256' title='bbox 90 1686 231 1718; x_wconf 87' lang='lat' dir='ltr'>poenam</span> <span class='ocrx_word' id='word_1_257' title='bbox 254 1676 283 1706; x_wconf 91' lang='lat' dir='ltr'>ei</span> <span class='ocrx_word' id='word_1_258' title='bbox 305 1676 452 1706; x_wconf 85' lang='lat' dir='ltr'>minitata</span> <span class='ocrx_word' id='word_1_259' title='bbox 476 1681 537 1713; x_wconf 86' lang='lat' dir='ltr'>est,</span> <span class='ocrx_word' id='word_1_260' title='bbox 560 1675 624 1707; x_wconf 92' lang='lat' dir='ltr'>hoc</span> <span class='ocrx_word' id='word_1_261' title='bbox 648 1686 764 1707; x_wconf 83' lang='lat' dir='ltr'>versu:</span> 
     </span>
    </p>

    <p class='ocr_par' dir='ltr' id='par_1_10' title="bbox 91 1716 1066 2056">
     <span class='ocr_line' id='line_1_38' title="bbox 178 1716 1005 1755; baseline 0.001 -7"><span class='ocrx_word' id='word_1_262' title='bbox 178 1717 291 1749; x_wconf 84' lang='lat' dir='ltr'>Poena</span> <span class='ocrx_word' id='word_1_263' title='bbox 313 1716 434 1748; x_wconf 90' lang='lat' dir='ltr'>luenda</span> <span class='ocrx_word' id='word_1_264' title='bbox 456 1719 515 1749; x_wconf 89' lang='lat' dir='ltr'>tibi</span> <span class='ocrx_word' id='word_1_265' title='bbox 539 1724 600 1755; x_wconf 89' lang='lat' dir='ltr'>est,</span> <span class='ocrx_word' id='word_1_266' title='bbox 624 1718 719 1749; x_wconf 86' lang='lat' dir='ltr'>affert</span> <span class='ocrx_word' id='word_1_267' title='bbox 741 1720 856 1750; x_wconf 89' lang='lat' dir='ltr'>iniuria</span> <span class='ocrx_word' id='word_1_268' title='bbox 882 1717 1005 1749; x_wconf 86' lang='lat' dir='ltr'>clades.</span> 
     </span>
     <span class='ocr_line' id='line_1_39' title="bbox 92 1760 1065 1801; baseline -0.002 -9"><span class='ocrx_word' id='word_1_269' title='bbox 92 1762 142 1792; x_wconf 83' lang='lat' dir='ltr'>Ac</span> <span class='ocrx_word' id='word_1_270' title='bbox 188 1766 306 1801; x_wconf 87' lang='lat' dir='ltr'>postea</span> <span class='ocrx_word' id='word_1_271' title='bbox 344 1760 539 1801; x_wconf 77' lang='lat' dir='ltr'>Byzantium</span> <span class='ocrx_word' id='word_1_272' title='bbox 579 1761 700 1792; x_wconf 86' lang='lat' dir='ltr'>reiecto</span> <span class='ocrx_word' id='word_1_273' title='bbox 738 1762 903 1792; x_wconf 85' lang='lat' dir='ltr'>Pausania</span> <span class='ocrx_word' id='word_1_274' title='bbox 942 1760 1065 1801; x_wconf 89' lang='lat' dir='ltr'>recepit</span> 
     </span>
     <span class='ocr_line' id='line_1_40' title="bbox 91 1802 1065 1844; baseline -0.001 -10"><span class='ocrx_word' id='word_1_275' title='bbox 91 1802 321 1834; x_wconf 84' lang='lat' dir='ltr'>Athenienses.</span> <span class='ocrx_word' id='word_1_276' title='bbox 378 1802 452 1843; x_wconf 91' lang='lat' dir='ltr'>lpse</span> <span class='ocrx_word' id='word_1_277' title='bbox 485 1813 565 1834; x_wconf 81' lang='lat' dir='ltr'>vero</span> <span class='ocrx_word' id='word_1_278' title='bbox 601 1814 786 1844; x_wconf 87' lang='lat' dir='ltr'>quanquam</span> <span class='ocrx_word' id='word_1_279' title='bbox 820 1814 874 1834; x_wconf 91' lang='lat' dir='ltr'>res</span> <span class='ocrx_word' id='word_1_280' title='bbox 908 1804 1065 1834; x_wconf 84' lang='lat' dir='ltr'>maximas</span> 
     </span>
     <span class='ocr_line' id='line_1_41' title="bbox 92 1845 1066 1888; baseline -0.001 -12"><span class='ocrx_word' id='word_1_281' title='bbox 92 1851 242 1888; x_wconf 85' lang='lat' dir='ltr'>gesserat</span> <span class='ocrx_word' id='word_1_282' title='bbox 254 1851 286 1876; x_wconf 92' lang='lat' dir='ltr'>et</span> <span class='ocrx_word' id='word_1_283' title='bbox 294 1845 466 1876; x_wconf 88' lang='lat' dir='ltr'>Persicum</span> <span class='ocrx_word' id='word_1_284' title='bbox 475 1846 652 1877; x_wconf 85' lang='lat' dir='ltr'>exercitum</span> <span class='ocrx_word' id='word_1_285' title='bbox 664 1845 842 1884; x_wconf 85' lang='lat' dir='ltr'>deleverat,</span> <span class='ocrx_word' id='word_1_286' title='bbox 855 1852 963 1877; x_wconf 87' lang='lat' dir='ltr'>tamen</span> <span class='ocrx_word' id='word_1_287' title='bbox 976 1851 1066 1886; x_wconf 90' lang='lat' dir='ltr'>post-</span> 
     </span>
     <span class='ocr_line' id='line_1_42' title="bbox 92 1887 1066 1929; baseline -0.001 -10"><span class='ocrx_word' id='word_1_288' title='bbox 92 1898 132 1919; x_wconf 91' lang='lat' dir='ltr'>ea</span> <span class='ocrx_word' id='word_1_289' title='bbox 154 1888 195 1918; x_wconf 89' lang='lat' dir='ltr'>ab</span> <span class='ocrx_word' id='word_1_290' title='bbox 208 1887 350 1928; x_wconf 87' lang='lat' dir='ltr'>Ephoris</span> <span class='ocrx_word' id='word_1_291' title='bbox 374 1894 510 1919; x_wconf 87' lang='lat' dir='ltr'>coactus</span> <span class='ocrx_word' id='word_1_292' title='bbox 535 1894 585 1919; x_wconf 89' lang='lat' dir='ltr'>est</span> <span class='ocrx_word' id='word_1_293' title='bbox 604 1887 690 1919; x_wconf 86' lang='lat' dir='ltr'>fame</span> <span class='ocrx_word' id='word_1_294' title='bbox 708 1889 800 1919; x_wconf 89' lang='lat' dir='ltr'>mori.</span> <span class='ocrx_word' id='word_1_295' title='bbox 835 1888 986 1929; x_wconf 89' lang='lat' dir='ltr'>Denique</span> <span class='ocrx_word' id='word_1_296' title='bbox 999 1887 1066 1928; x_wconf 91' lang='lat' dir='ltr'>ple-</span> 
     </span>
     <span class='ocr_line' id='line_1_43' title="bbox 92 1929 1066 1972; baseline -0.001 -11"><span class='ocrx_word' id='word_1_297' title='bbox 92 1940 154 1961; x_wconf 90' lang='lat' dir='ltr'>nae</span> <span class='ocrx_word' id='word_1_298' title='bbox 187 1935 265 1961; x_wconf 89' lang='lat' dir='ltr'>sunt</span> <span class='ocrx_word' id='word_1_299' title='bbox 296 1929 451 1961; x_wconf 83' lang='lat' dir='ltr'>historiae</span> <span class='ocrx_word' id='word_1_300' title='bbox 485 1930 726 1971; x_wconf 82' lang='lat' dir='ltr'>exemplorum,</span> <span class='ocrx_word' id='word_1_301' title='bbox 772 1941 856 1972; x_wconf 88' lang='lat' dir='ltr'>quae</span> <span class='ocrx_word' id='word_1_302' title='bbox 890 1931 1066 1961; x_wconf 86' lang='lat' dir='ltr'>ostendunt</span> 
     </span>
     <span class='ocr_line' id='line_1_44' title="bbox 92 1972 1066 2015; baseline 0.001 -12"><span class='ocrx_word' id='word_1_303' title='bbox 92 1974 173 2004; x_wconf 89' lang='lat' dir='ltr'>iram</span> <span class='ocrx_word' id='word_1_304' title='bbox 195 1972 259 2003; x_wconf 91' lang='lat' dir='ltr'>Dei</span> <span class='ocrx_word' id='word_1_305' title='bbox 291 1973 453 2004; x_wconf 91' lang='lat' dir='ltr'>adversus</span> <span class='ocrx_word' id='word_1_306' title='bbox 486 1972 649 2004; x_wconf 86' lang='lat' dir='ltr'>libidines.</span> <span class='ocrx_word' id='word_1_307' title='bbox 694 1973 871 2005; x_wconf 85' lang='lat' dir='ltr'>Discamus</span> <span class='ocrx_word' id='word_1_308' title='bbox 894 1974 993 2015; x_wconf 83' lang='lat' dir='ltr'>igitur</span> <span class='ocrx_word' id='word_1_309' title='bbox 1015 1983 1066 2004; x_wconf 90' lang='lat' dir='ltr'>se-</span> 
     </span>
     <span class='ocr_line' id='line_1_45' title="bbox 94 2015 583 2056; baseline 0.004 -11"><span class='ocrx_word' id='word_1_310' title='bbox 94 2025 172 2046; x_wconf 89' lang='lat' dir='ltr'>vere</span> <span class='ocrx_word' id='word_1_311' title='bbox 193 2015 336 2056; x_wconf 87' lang='lat' dir='ltr'>praecipi</span> <span class='ocrx_word' id='word_1_312' title='bbox 360 2016 400 2046; x_wconf 89' lang='lat' dir='ltr'>de</span> <span class='ocrx_word' id='word_1_313' title='bbox 423 2016 583 2047; x_wconf 88' lang='lat' dir='ltr'>castitate.</span> 
     </span>
    </p>

    <p class='ocr_par' dir='ltr' id='par_1_11' title="bbox 93 2057 1068 2395">
     <span class='ocr_line' id='line_1_46' title="bbox 181 2057 1065 2099; baseline 0 -11"><span class='ocrx_word' id='word_1_314' title='bbox 181 2057 324 2088; x_wconf 86' lang='lat' dir='ltr'>Castitas</span> <span class='ocrx_word' id='word_1_315' title='bbox 358 2063 467 2089; x_wconf 86' lang='lat' dir='ltr'>autem</span> <span class='ocrx_word' id='word_1_316' title='bbox 501 2064 552 2088; x_wconf 91' lang='lat' dir='ltr'>est</span> <span class='ocrx_word' id='word_1_317' title='bbox 576 2064 631 2089; x_wconf 87' lang='lat' dir='ltr'>aut</span> <span class='ocrx_word' id='word_1_318' title='bbox 655 2059 859 2090; x_wconf 86' lang='lat' dir='ltr'>consuetudo</span> <span class='ocrx_word' id='word_1_319' title='bbox 884 2058 1065 2099; x_wconf 86' lang='lat' dir='ltr'>coniugalis</span> 
     </span>
     <span class='ocr_line' id='line_1_47' title="bbox 93 2099 1067 2142; baseline 0.001 -12"><span class='ocrx_word' id='word_1_320' title='bbox 93 2106 149 2131; x_wconf 87' lang='lat' dir='ltr'>aut</span> <span class='ocrx_word' id='word_1_321' title='bbox 182 2100 306 2140; x_wconf 85' lang='lat' dir='ltr'>puritas</span> <span class='ocrx_word' id='word_1_322' title='bbox 340 2100 427 2131; x_wconf 87' lang='lat' dir='ltr'>vitae</span> <span class='ocrx_word' id='word_1_323' title='bbox 461 2099 598 2131; x_wconf 89' lang='lat' dir='ltr'>coelibis</span> <span class='ocrx_word' id='word_1_324' title='bbox 631 2101 664 2131; x_wconf 90' lang='lat' dir='ltr'>in</span> <span class='ocrx_word' id='word_1_325' title='bbox 691 2101 755 2139; x_wconf 81' lang='lat' dir='ltr'>his,</span> <span class='ocrx_word' id='word_1_326' title='bbox 784 2102 839 2142; x_wconf 92' lang='lat' dir='ltr'>qui</span> <span class='ocrx_word' id='word_1_327' title='bbox 861 2107 937 2132; x_wconf 89' lang='lat' dir='ltr'>sunt</span> <span class='ocrx_word' id='word_1_328' title='bbox 959 2102 1067 2132; x_wconf 89' lang='lat' dir='ltr'>idonei</span> 
     </span>
     <span class='ocr_line' id='line_1_48' title="bbox 94 2141 1066 2181; baseline -0.001 -7"><span class='ocrx_word' id='word_1_329' title='bbox 94 2143 136 2174; x_wconf 88' lang='lat' dir='ltr'>ad</span> <span class='ocrx_word' id='word_1_330' title='bbox 169 2141 383 2179; x_wconf 88' lang='lat' dir='ltr'>coelibatum,</span> <span class='ocrx_word' id='word_1_331' title='bbox 416 2147 451 2173; x_wconf 93' lang='lat' dir='ltr'>ut</span> <span class='ocrx_word' id='word_1_332' title='bbox 472 2143 505 2173; x_wconf 93' lang='lat' dir='ltr'>in</span> <span class='ocrx_word' id='word_1_333' title='bbox 527 2148 637 2173; x_wconf 86' lang='lat' dir='ltr'>aetate</span> <span class='ocrx_word' id='word_1_334' title='bbox 659 2144 847 2181; x_wconf 86' lang='lat' dir='ltr'>immatura,</span> <span class='ocrx_word' id='word_1_335' title='bbox 881 2150 937 2174; x_wconf 88' lang='lat' dir='ltr'>aut</span> <span class='ocrx_word' id='word_1_336' title='bbox 958 2144 991 2174; x_wconf 88' lang='lat' dir='ltr'>in</span> <span class='ocrx_word' id='word_1_337' title='bbox 1014 2144 1066 2180; x_wconf 84' lang='lat' dir='ltr'>iis,</span> 
     </span>
     <span class='ocr_line' id='line_1_49' title="bbox 95 2183 1067 2226; baseline 0.001 -10"><span class='ocrx_word' id='word_1_338' title='bbox 95 2185 150 2226; x_wconf 89' lang='lat' dir='ltr'>qui</span> <span class='ocrx_word' id='word_1_339' title='bbox 172 2183 331 2226; x_wconf 84' lang='lat' dir='ltr'>singulari</span> <span class='ocrx_word' id='word_1_340' title='bbox 354 2184 440 2214; x_wconf 87' lang='lat' dir='ltr'>dono</span> <span class='ocrx_word' id='word_1_341' title='bbox 463 2185 601 2225; x_wconf 87' lang='lat' dir='ltr'>praediti</span> <span class='ocrx_word' id='word_1_342' title='bbox 625 2192 710 2217; x_wconf 87' lang='lat' dir='ltr'>sunt.</span> <span class='ocrx_word' id='word_1_343' title='bbox 754 2186 806 2217; x_wconf 86' lang='lat' dir='ltr'>Ac</span> <span class='ocrx_word' id='word_1_344' title='bbox 834 2186 900 2216; x_wconf 88' lang='lat' dir='ltr'>dixi</span> <span class='ocrx_word' id='word_1_345' title='bbox 923 2187 1067 2217; x_wconf 86' lang='lat' dir='ltr'>nomina-</span> 
     </span>
     <span class='ocr_line' id='line_1_50' title="bbox 95 2227 1067 2259; baseline 0.001 -1"><span class='ocrx_word' id='word_1_346' title='bbox 95 2228 150 2258; x_wconf 89' lang='lat' dir='ltr'>tim</span> <span class='ocrx_word' id='word_1_347' title='bbox 173 2228 213 2258; x_wconf 91' lang='lat' dir='ltr'>de</span> <span class='ocrx_word' id='word_1_348' title='bbox 236 2232 342 2257; x_wconf 88' lang='lat' dir='ltr'>aetate</span> <span class='ocrx_word' id='word_1_349' title='bbox 360 2227 541 2258; x_wconf 88' lang='lat' dir='ltr'>immatura.</span> <span class='ocrx_word' id='word_1_350' title='bbox 586 2227 660 2258; x_wconf 92' lang='lat' dir='ltr'>Non</span> <span class='ocrx_word' id='word_1_351' title='bbox 689 2229 774 2259; x_wconf 90' lang='lat' dir='ltr'>enim</span> <span class='ocrx_word' id='word_1_352' title='bbox 796 2235 916 2259; x_wconf 87' lang='lat' dir='ltr'>temere</span> <span class='ocrx_word' id='word_1_353' title='bbox 939 2229 993 2259; x_wconf 92' lang='lat' dir='ltr'>hic</span> <span class='ocrx_word' id='word_1_354' title='bbox 1017 2239 1067 2259; x_wconf 88' lang='lat' dir='ltr'>or-</span> 
     </span>
     <span class='ocr_line' id='line_1_51' title="bbox 95 2269 1068 2313; baseline 0.002 -13"><span class='ocrx_word' id='word_1_355' title='bbox 95 2270 137 2300; x_wconf 91' lang='lat' dir='ltr'>do</span> <span class='ocrx_word' id='word_1_356' title='bbox 161 2269 327 2300; x_wconf 90' lang='lat' dir='ltr'>institutus</span> <span class='ocrx_word' id='word_1_357' title='bbox 351 2274 413 2307; x_wconf 81' lang='lat' dir='ltr'>est,</span> <span class='ocrx_word' id='word_1_358' title='bbox 435 2275 470 2300; x_wconf 89' lang='lat' dir='ltr'>ut</span> <span class='ocrx_word' id='word_1_359' title='bbox 492 2279 531 2300; x_wconf 91' lang='lat' dir='ltr'>ea</span> <span class='ocrx_word' id='word_1_360' title='bbox 553 2275 645 2300; x_wconf 85' lang='lat' dir='ltr'>aetas</span> <span class='ocrx_word' id='word_1_361' title='bbox 667 2280 748 2311; x_wconf 86' lang='lat' dir='ltr'>pure</span> <span class='ocrx_word' id='word_1_362' title='bbox 772 2271 871 2309; x_wconf 81' lang='lat' dir='ltr'>vivat,</span> <span class='ocrx_word' id='word_1_363' title='bbox 894 2277 925 2302; x_wconf 90' lang='lat' dir='ltr'>et</span> <span class='ocrx_word' id='word_1_364' title='bbox 938 2272 1068 2313; x_wconf 85' lang='lat' dir='ltr'>quidem</span> 
     </span>
     <span class='ocr_line' id='line_1_52' title="bbox 96 2310 1067 2354; baseline 0.002 -12"><span class='ocrx_word' id='word_1_365' title='bbox 96 2310 193 2344; x_wconf 79' lang='lat' dir='ltr'>facile</span> <span class='ocrx_word' id='word_1_366' title='bbox 226 2312 332 2352; x_wconf 85' lang='lat' dir='ltr'>possit</span> <span class='ocrx_word' id='word_1_367' title='bbox 365 2312 523 2343; x_wconf 90' lang='lat' dir='ltr'>mediocri</span> <span class='ocrx_word' id='word_1_368' title='bbox 546 2310 713 2353; x_wconf 82' lang='lat' dir='ltr'>diligentia</span> <span class='ocrx_word' id='word_1_369' title='bbox 735 2314 872 2344; x_wconf 89' lang='lat' dir='ltr'>retinere</span> <span class='ocrx_word' id='word_1_370' title='bbox 895 2315 1067 2354; x_wconf 89' lang='lat' dir='ltr'>puritatem</span> 
     </span>
     <span class='ocr_line' id='line_1_53' title="bbox 97 2354 1067 2395; baseline 0.001 -10"><span class='ocrx_word' id='word_1_371' title='bbox 97 2365 136 2385; x_wconf 89' lang='lat' dir='ltr'>eo</span> <span class='ocrx_word' id='word_1_372' title='bbox 160 2355 283 2395; x_wconf 79' lang='lat' dir='ltr'>spatio,</span> <span class='ocrx_word' id='word_1_373' title='bbox 307 2364 372 2395; x_wconf 90' lang='lat' dir='ltr'>quo</span> <span class='ocrx_word' id='word_1_374' title='bbox 397 2364 539 2394; x_wconf 87' lang='lat' dir='ltr'>corpora</span> <span class='ocrx_word' id='word_1_375' title='bbox 561 2354 668 2386; x_wconf 89' lang='lat' dir='ltr'>adhuc</span> <span class='ocrx_word' id='word_1_376' title='bbox 694 2362 857 2387; x_wconf 89' lang='lat' dir='ltr'>crescunt.</span> <span class='ocrx_word' id='word_1_377' title='bbox 889 2356 955 2388; x_wconf 86' lang='lat' dir='ltr'>Sed</span> <span class='ocrx_word' id='word_1_378' title='bbox 977 2356 1067 2387; x_wconf 80' lang='lat' dir='ltr'>multi</span> 
     </span>
    </p>
   </div>
   <div class='ocr_carea' id='block_1_10' title="bbox 139 2424 295 2427">
    <p class='ocr_par' dir='ltr' id='par_1_12' title="bbox 139 2424 295 2427">
     <span class='ocr_line' id='line_1_54' title="bbox 139 2424 295 2427; baseline 0 0"><span class='ocrx_word' id='word_1_379' title='bbox 139 2424 295 2427; x_wconf 95' lang='lat' dir='ltr'> </span> 
     </span>
    </p>
   </div>
   <div class='ocr_carea' id='block_1_11' title="bbox 97 2457 1068 2521">
    <p class='ocr_par' dir='ltr' id='par_1_13' title="bbox 97 2457 1068 2521">
     <span class='ocr_line' id='line_1_55' title="bbox 97 2457 1068 2521; baseline 0.003 -42"><span class='ocrx_word' id='word_1_380' title='bbox 97 2457 142 2486; x_wconf 81' lang='lat'>³2)</span> <span class='ocrx_word' id='word_1_381' title='bbox 162 2458 190 2514; x_wconf 66' lang='lat'>21.</span> <span class='ocrx_word' id='word_1_382' title='bbox 205 2457 427 2521; x_wconf 38' lang='lat' dir='ltr'>{lff&#39;llzssgfflgt&#39;</span> <span class='ocrx_word' id='word_1_383' title='bbox 448 2457 488 2481; x_wconf 90' lang='lat'>22.</span> <span class='ocrx_word' id='word_1_384' title='bbox 510 2457 562 2481; x_wconf 79' lang='lat'>29.:</span> <span class='ocrx_word' id='word_1_385' title='bbox 586 2459 606 2480; x_wconf 87' lang='lat'>1.</span> <span class='ocrx_word' id='word_1_386' title='bbox 626 2458 686 2488; x_wconf 77' lang='lat' dir='ltr'>Reg.</span> <span class='ocrx_word' id='word_1_387' title='bbox 707 2459 758 2486; x_wconf 67' lang='lat'>123</span> <span class='ocrx_word' id='word_1_388' title='bbox 788 2459 860 2484; x_wconf 79' lang='lat' dir='ltr'>Editt.</span> <span class='ocrx_word' id='word_1_389' title='bbox 881 2460 921 2482; x_wconf 80' lang='lat'>24.</span> <span class='ocrx_word' id='word_1_390' title='bbox 941 2460 989 2486; x_wconf 82' lang='grc'>28..</span> <span class='ocrx_word' id='word_1_391' title='bbox 1008 2459 1068 2490; x_wconf 83' lang='lat' dir='ltr'>opp.</span> 
     </span>
    </p>
   </div>
   <div class='ocr_carea' id='block_1_12' title="bbox 99 2541 1068 2607">
    <p class='ocr_par' dir='ltr' id='par_1_14' title="bbox 99 2541 1068 2607">
     <span class='ocr_line' id='line_1_56' title="bbox 99 2541 1068 2580; baseline 0.007 -17"><span class='ocrx_word' id='word_1_392' title='bbox 99 2541 143 2571; x_wconf 81' lang='grc'>33)</span> <span class='ocrx_word' id='word_1_393' title='bbox 164 2541 233 2580; x_wconf 73' lang='lat' dir='ltr'>Cous.</span> <span class='ocrx_word' id='word_1_394' title='bbox 251 2542 376 2567; x_wconf 83' lang='lat' dir='ltr'>Plutarch.</span> <span class='ocrx_word' id='word_1_395' title='bbox 396 2542 427 2567; x_wconf 87' lang='lat' dir='ltr'>de</span> <span class='ocrx_word' id='word_1_396' title='bbox 445 2549 505 2567; x_wconf 78' lang='lat' dir='ltr'>sera</span> <span class='ocrx_word' id='word_1_397' title='bbox 523 2543 632 2568; x_wconf 86' lang='lat' dir='ltr'>numinis</span> <span class='ocrx_word' id='word_1_398' title='bbox 652 2543 760 2568; x_wconf 88' lang='lat' dir='ltr'>vindicta</span> <span class='ocrx_word' id='word_1_399' title='bbox 779 2550 798 2568; x_wconf 88' lang='lat' dir='ltr'>c.</span> <span class='ocrx_word' id='word_1_400' title='bbox 814 2544 852 2567; x_wconf 80' lang='lat'>10,</span> <span class='ocrx_word' id='word_1_401' title='bbox 875 2547 899 2569; x_wconf 82' lang='lat' dir='ltr'>et</span> <span class='ocrx_word' id='word_1_402' title='bbox 917 2545 967 2569; x_wconf 80' lang='lat' dir='ltr'>vita</span> <span class='ocrx_word' id='word_1_403' title='bbox 986 2545 1068 2570; x_wconf 88' lang='lat' dir='ltr'>Cimo-</span> 
     </span>
     <span class='ocr_line' id='line_1_57' title="bbox 166 2577 788 2607; baseline 0.003 -7"><span class='ocrx_word' id='word_1_404' title='bbox 166 2582 204 2600; x_wconf 76' lang='lat' dir='ltr'>nis</span> <span class='ocrx_word' id='word_1_405' title='bbox 223 2582 243 2600; x_wconf 81' lang='lat' dir='ltr'>e.</span> <span class='ocrx_word' id='word_1_406' title='bbox 263 2577 296 2606; x_wconf 82' lang='grc'>6.,</span> <span class='ocrx_word' id='word_1_407' title='bbox 314 2578 389 2607; x_wconf 78' lang='lat' dir='ltr'>atque</span> <span class='ocrx_word' id='word_1_408' title='bbox 409 2577 515 2602; x_wconf 83' lang='lat' dir='ltr'>Pausan.</span> <span class='ocrx_word' id='word_1_409' title='bbox 537 2577 552 2602; x_wconf 86' lang='grc'>1,</span> <span class='ocrx_word' id='word_1_410' title='bbox 570 2577 608 2602; x_wconf 89' lang='lat'>111.</span> <span class='ocrx_word' id='word_1_411' title='bbox 628 2584 648 2602; x_wconf 90' lang='lat' dir='ltr'>c.</span> <span class='ocrx_word' id='word_1_412' title='bbox 670 2577 707 2600; x_wconf 85' lang='lat'>17.</span> <span class='ocrx_word' id='word_1_413' title='bbox 727 2580 788 2602; x_wconf 78' lang='lat' dir='ltr'>extr.</span> 
     </span>
    </p>
   </div>
   <div class='ocr_carea' id='block_1_13' title="bbox 564 139 1610 177">
    <p class='ocr_par' dir='ltr' id='par_1_15' title="bbox 564 139 1610 177">
     <span class='ocr_line' id='line_1_58' title="bbox 564 139 1610 177; baseline -0.007 0"><span class='ocrx_word' id='word_1_414' title='bbox 564 146 585 177; x_wconf 91' lang='lat'>1.</span> <span class='ocrx_word' id='word_1_415' title='bbox 611 146 711 177; x_wconf 88' lang='lat' dir='ltr'>LOCl</span> <span class='ocrx_word' id='word_1_416' title='bbox 732 143 1007 177; x_wconf 80' lang='lat' dir='ltr'>THEOLOGICI:</span> <span class='ocrx_word' id='word_1_417' title='bbox 1030 144 1071 175; x_wconf 88' lang='lat' dir='ltr'>D.</span> <span class='ocrx_word' id='word_1_418' title='bbox 1096 142 1253 175; x_wconf 83' lang='lat' dir='ltr'>TERTIA</span> <span class='ocrx_word' id='word_1_419' title='bbox 1276 139 1432 173; x_wconf 85' lang='lat' dir='ltr'><strong>EORUM</strong></span> <span class='ocrx_word' id='word_1_420' title='bbox 1455 139 1610 171; x_wconf 85' lang='lat' dir='ltr'>AETAS.</span> 
     </span>
    </p>
   </div>
   <div class='ocr_carea' id='block_1_14' title="bbox 1085 236 1091 2604">
    <p class='ocr_par' dir='ltr' id='par_1_16' title="bbox 1085 236 1091 2604">
     <span class='ocr_line' id='line_1_59' title="bbox 1085 236 1091 2604; baseline 0 0"><span class='ocrx_word' id='word_1_421' title='bbox 1085 236 1091 2604; x_wconf 95' lang='lat' dir='ltr'> </span> 
     </span>
    </p>
   </div>
   <div class='ocr_carea' id='block_1_15' title="bbox 2022 133 2083 165">
    <p class='ocr_par' dir='ltr' id='par_1_17' title="bbox 2022 133 2083 165">
     <span class='ocr_line' id='line_1_60' title="bbox 2022 133 2083 165; baseline 0 -1"><span class='ocrx_word' id='word_1_422' title='bbox 2022 133 2083 165; x_wconf 86' lang='grc'>730</span> 
     </span>
    </p>
   </div>
   <div class='ocr_carea' id='block_1_16' title="bbox 1107 225 2083 782">
    <p class='ocr_par' dir='ltr' id='par_1_18' title="bbox 1107 225 2083 782">
     <span class='ocr_line' id='line_1_61' title="bbox 1108 225 2083 273; baseline -0.011 -6"><span class='ocrx_word' id='word_1_423' title='bbox 1108 234 1240 267; x_wconf 89' lang='lat' dir='ltr'>Diaboli</span> <span class='ocrx_word' id='word_1_424' title='bbox 1262 235 1400 272; x_wconf 81' lang='lat' dir='ltr'>insidiis,</span> <span class='ocrx_word' id='word_1_425' title='bbox 1436 232 1527 264; x_wconf 91' lang='lat' dir='ltr'>multi</span> <span class='ocrx_word' id='word_1_426' title='bbox 1549 232 1662 273; x_wconf 85' lang='lat' dir='ltr'>pravis</span> <span class='ocrx_word' id='word_1_427' title='bbox 1685 229 1863 267; x_wconf 79' lang='lat' dir='ltr'>sodalitiis,</span> <span class='ocrx_word' id='word_1_428' title='bbox 1898 225 1988 259; x_wconf 88' lang='lat' dir='ltr'>multi</span> <span class='ocrx_word' id='word_1_429' title='bbox 2009 237 2083 266; x_wconf 89' lang='lat' dir='ltr'>pro-</span> 
     </span>
     <span class='ocr_line' id='line_1_62' title="bbox 1108 269 2081 319; baseline -0.011 -10"><span class='ocrx_word' id='word_1_430' title='bbox 1108 285 1181 319; x_wconf 92' lang='lat' dir='ltr'>pter</span> <span class='ocrx_word' id='word_1_431' title='bbox 1215 279 1315 308; x_wconf 92' lang='lat' dir='ltr'>otium</span> <span class='ocrx_word' id='word_1_432' title='bbox 1349 283 1381 307; x_wconf 87' lang='lat' dir='ltr'>et</span> <span class='ocrx_word' id='word_1_433' title='bbox 1414 275 1602 316; x_wconf 85' lang='lat' dir='ltr'>voluptates</span> <span class='ocrx_word' id='word_1_434' title='bbox 1638 274 1733 305; x_wconf 88' lang='lat' dir='ltr'>citius</span> <span class='ocrx_word' id='word_1_435' title='bbox 1756 270 1963 312; x_wconf 85' lang='lat' dir='ltr'>implicantur</span> <span class='ocrx_word' id='word_1_436' title='bbox 1987 269 2081 299; x_wconf 88' lang='lat' dir='ltr'>vitiis.</span> 
     </span>
     <span class='ocr_line' id='line_1_63' title="bbox 1108 312 2082 354; baseline -0.011 -3"><span class='ocrx_word' id='word_1_437' title='bbox 1108 322 1222 351; x_wconf 88' lang='lat' dir='ltr'>Bonae</span> <span class='ocrx_word' id='word_1_438' title='bbox 1244 325 1371 350; x_wconf 85' lang='lat' dir='ltr'>mentes</span> <span class='ocrx_word' id='word_1_439' title='bbox 1396 324 1504 348; x_wconf 86' lang='lat' dir='ltr'>autem</span> <span class='ocrx_word' id='word_1_440' title='bbox 1528 316 1726 348; x_wconf 87' lang='lat' dir='ltr'>erudiendae</span> <span class='ocrx_word' id='word_1_441' title='bbox 1749 320 1843 351; x_wconf 86' lang='lat' dir='ltr'>sunt,</span> <span class='ocrx_word' id='word_1_442' title='bbox 1867 312 1955 354; x_wconf 90' lang='lat' dir='ltr'>quod</span> <span class='ocrx_word' id='word_1_443' title='bbox 1979 317 2082 348; x_wconf 83' lang='lat' dir='ltr'>aetas,</span> 
     </span>
     <span class='ocr_line' id='line_1_64' title="bbox 1108 354 2083 400; baseline -0.012 -6"><span class='ocrx_word' id='word_1_444' title='bbox 1108 364 1252 394; x_wconf 90' lang='lat' dir='ltr'>nondum</span> <span class='ocrx_word' id='word_1_445' title='bbox 1274 367 1402 392; x_wconf 89' lang='lat' dir='ltr'>matura</span> <span class='ocrx_word' id='word_1_446' title='bbox 1425 360 1587 400; x_wconf 86' lang='lat' dir='ltr'>coniugio,</span> <span class='ocrx_word' id='word_1_447' title='bbox 1608 357 1764 389; x_wconf 89' lang='lat' dir='ltr'>mediocri</span> <span class='ocrx_word' id='word_1_448' title='bbox 1784 355 1953 398; x_wconf 82' lang='lat' dir='ltr'>diligentia</span> <span class='ocrx_word' id='word_1_449' title='bbox 1977 354 2083 393; x_wconf 84' lang='lat' dir='ltr'>possit</span> 
     </span>
     <span class='ocr_line' id='line_1_65' title="bbox 1107 393 2082 446; baseline -0.011 -10"><span class='ocrx_word' id='word_1_450' title='bbox 1107 416 1188 446; x_wconf 94' lang='lat' dir='ltr'>pure</span> <span class='ocrx_word' id='word_1_451' title='bbox 1218 405 1331 435; x_wconf 83' lang='lat' dir='ltr'>vivere</span> <span class='ocrx_word' id='word_1_452' title='bbox 1360 409 1391 433; x_wconf 93' lang='lat' dir='ltr'>et</span> <span class='ocrx_word' id='word_1_453' title='bbox 1413 402 1501 443; x_wconf 90' lang='lat' dir='ltr'>quod</span> <span class='ocrx_word' id='word_1_454' title='bbox 1524 401 1618 432; x_wconf 89' lang='lat' dir='ltr'>Deus</span> <span class='ocrx_word' id='word_1_455' title='bbox 1642 409 1758 431; x_wconf 84' lang='lat' dir='ltr'>severe</span> <span class='ocrx_word' id='word_1_456' title='bbox 1782 400 1925 440; x_wconf 86' lang='lat' dir='ltr'>requirat</span> <span class='ocrx_word' id='word_1_457' title='bbox 1948 396 2012 426; x_wconf 87' lang='lat' dir='ltr'>hoc</span> <span class='ocrx_word' id='word_1_458' title='bbox 2036 393 2082 426; x_wconf 90' lang='lat' dir='ltr'>of-</span> 
     </span>
     <span class='ocr_line' id='line_1_66' title="bbox 1108 439 2082 487; baseline -0.011 -9"><span class='ocrx_word' id='word_1_459' title='bbox 1108 449 1234 483; x_wconf 84' lang='lat' dir='ltr'>iicium,</span> <span class='ocrx_word' id='word_1_460' title='bbox 1276 446 1429 487; x_wconf 91' lang='lat' dir='ltr'>quodque</span> <span class='ocrx_word' id='word_1_461' title='bbox 1461 454 1527 474; x_wconf 92' lang='lat' dir='ltr'>non</span> <span class='ocrx_word' id='word_1_462' title='bbox 1561 443 1653 473; x_wconf 82' lang='lat' dir='ltr'>leves</span> <span class='ocrx_word' id='word_1_463' title='bbox 1687 451 1814 482; x_wconf 86' lang='lat' dir='ltr'>poenae</span> <span class='ocrx_word' id='word_1_464' title='bbox 1845 439 2082 472; x_wconf 83' lang='lat' dir='ltr'>contaminatos</span> 
     </span>
     <span class='ocr_line' id='line_1_67' title="bbox 1108 481 2082 530; baseline -0.012 -9"><span class='ocrx_word' id='word_1_465' title='bbox 1108 496 1299 530; x_wconf 90' lang='lat' dir='ltr'>sequantur.</span> <span class='ocrx_word' id='word_1_466' title='bbox 1344 488 1380 519; x_wconf 84' lang='lat' dir='ltr'>Si</span> <span class='ocrx_word' id='word_1_467' title='bbox 1402 486 1523 526; x_wconf 86' lang='lat' dir='ltr'>Ioseph</span> <span class='ocrx_word' id='word_1_468' title='bbox 1545 484 1719 526; x_wconf 86' lang='lat' dir='ltr'>polluisset</span> <span class='ocrx_word' id='word_1_469' title='bbox 1743 494 1779 514; x_wconf 87' lang='lat' dir='ltr'>se</span> <span class='ocrx_word' id='word_1_470' title='bbox 1802 482 1982 518; x_wconf 83' lang='lat' dir='ltr'>adulterio,</span> <span class='ocrx_word' id='word_1_471' title='bbox 2005 481 2082 510; x_wconf 89' lang='lat' dir='ltr'>ami-</span> 
     </span>
     <span class='ocr_line' id='line_1_68' title="bbox 1107 525 2082 570; baseline -0.011 -7"><span class='ocrx_word' id='word_1_472' title='bbox 1107 534 1207 562; x_wconf 83' lang='lat' dir='ltr'>sisset</span> <span class='ocrx_word' id='word_1_473' title='bbox 1229 542 1267 562; x_wconf 89' lang='lat' dir='ltr'>ea</span> <span class='ocrx_word' id='word_1_474' title='bbox 1292 531 1396 567; x_wconf 88' lang='lat' dir='ltr'>dona,</span> <span class='ocrx_word' id='word_1_475' title='bbox 1426 530 1543 570; x_wconf 90' lang='lat' dir='ltr'>quibus</span> <span class='ocrx_word' id='word_1_476' title='bbox 1568 532 1703 558; x_wconf 83' lang='lat' dir='ltr'>ornatus</span> <span class='ocrx_word' id='word_1_477' title='bbox 1727 532 1817 561; x_wconf 76' lang='lat' dir='ltr'>erat,</span> <span class='ocrx_word' id='word_1_478' title='bbox 1838 531 1869 555; x_wconf 88' lang='lat' dir='ltr'>et</span> <span class='ocrx_word' id='word_1_479' title='bbox 1893 525 2040 555; x_wconf 86' lang='lat' dir='ltr'>desertus</span> <span class='ocrx_word' id='word_1_480' title='bbox 2064 533 2082 552; x_wconf 91' lang='lat' dir='ltr'>a</span> 
     </span>
     <span class='ocr_line' id='line_1_69' title="bbox 1107 565 2083 611; baseline -0.011 -6"><span class='ocrx_word' id='word_1_481' title='bbox 1107 575 1180 605; x_wconf 92' lang='lat' dir='ltr'>Deo</span> <span class='ocrx_word' id='word_1_482' title='bbox 1214 573 1383 604; x_wconf 86' lang='lat' dir='ltr'>incidisset</span> <span class='ocrx_word' id='word_1_483' title='bbox 1416 572 1448 602; x_wconf 91' lang='lat' dir='ltr'>in</span> <span class='ocrx_word' id='word_1_484' title='bbox 1482 570 1578 611; x_wconf 87' lang='lat' dir='ltr'>plura</span> <span class='ocrx_word' id='word_1_485' title='bbox 1612 575 1760 610; x_wconf 87' lang='lat' dir='ltr'>peccata.</span> <span class='ocrx_word' id='word_1_486' title='bbox 1806 568 1898 599; x_wconf 83' lang='lat' dir='ltr'>Sicut</span> <span class='ocrx_word' id='word_1_487' title='bbox 1921 572 1952 596; x_wconf 89' lang='lat' dir='ltr'>et</span> <span class='ocrx_word' id='word_1_488' title='bbox 1975 565 2083 595; x_wconf 71' lang='lat' dir='ltr'>David</span> 
     </span>
     <span class='ocr_line' id='line_1_70' title="bbox 1107 605 2083 653; baseline -0.011 -6"><span class='ocrx_word' id='word_1_489' title='bbox 1107 617 1228 647; x_wconf 84' lang='lat' dir='ltr'>addidit</span> <span class='ocrx_word' id='word_1_490' title='bbox 1263 614 1422 646; x_wconf 86' lang='lat' dir='ltr'>adulterio</span> <span class='ocrx_word' id='word_1_491' title='bbox 1459 613 1570 653; x_wconf 90' lang='lat' dir='ltr'>optimi</span> <span class='ocrx_word' id='word_1_492' title='bbox 1600 612 1658 642; x_wconf 77' lang='lat' dir='ltr'>viri</span> <span class='ocrx_word' id='word_1_493' title='bbox 1683 611 1818 642; x_wconf 87' lang='lat' dir='ltr'>caedem</span> <span class='ocrx_word' id='word_1_494' title='bbox 1841 616 1872 640; x_wconf 89' lang='lat' dir='ltr'>et</span> <span class='ocrx_word' id='word_1_495' title='bbox 1894 605 2083 647; x_wconf 83' lang='lat' dir='ltr'>multiplicia</span> 
     </span>
     <span class='ocr_line' id='line_1_71' title="bbox 1107 653 2081 698; baseline -0.01 -9"><span class='ocrx_word' id='word_1_496' title='bbox 1107 658 1276 695; x_wconf 85' lang='lat' dir='ltr'>scandala,</span> <span class='ocrx_word' id='word_1_497' title='bbox 1300 667 1402 698; x_wconf 91' lang='lat' dir='ltr'>quare</span> <span class='ocrx_word' id='word_1_498' title='bbox 1426 662 1457 686; x_wconf 89' lang='lat' dir='ltr'>et</span> <span class='ocrx_word' id='word_1_499' title='bbox 1479 653 1674 694; x_wconf 85' lang='lat' dir='ltr'>multiplices</span> <span class='ocrx_word' id='word_1_500' title='bbox 1698 662 1826 694; x_wconf 89' lang='lat' dir='ltr'>poenae</span> <span class='ocrx_word' id='word_1_501' title='bbox 1839 657 1975 682; x_wconf 88' lang='lat' dir='ltr'>secutae</span> <span class='ocrx_word' id='word_1_502' title='bbox 1987 655 2081 683; x_wconf 79' lang='lat' dir='ltr'>sunt.</span> 
     </span>
     <span class='ocr_line' id='line_1_72' title="bbox 1107 693 2082 738; baseline -0.011 -6"><span class='ocrx_word' id='word_1_503' title='bbox 1107 702 1148 731; x_wconf 86' lang='lat' dir='ltr'>Et</span> <span class='ocrx_word' id='word_1_504' title='bbox 1170 699 1292 731; x_wconf 83' lang='lat' dir='ltr'>Paulus</span> <span class='ocrx_word' id='word_1_505' title='bbox 1328 699 1516 729; x_wconf 87' lang='lat' dir='ltr'>nominatim</span> <span class='ocrx_word' id='word_1_506' title='bbox 1539 698 1642 738; x_wconf 90' lang='lat' dir='ltr'>inquit</span> <span class='ocrx_word' id='word_1_507' title='bbox 1664 695 1747 736; x_wconf 82' lang='lat' dir='ltr'>Eph.</span> <span class='ocrx_word' id='word_1_508' title='bbox 1772 696 1801 725; x_wconf 75' lang='lat'>4.</span> <span class='ocrx_word' id='word_1_509' title='bbox 1827 697 1909 733; x_wconf 82' lang='lat' dir='ltr'>[vss.</span> <span class='ocrx_word' id='word_1_510' title='bbox 1936 693 1974 723; x_wconf 89' lang='lat' dir='ltr'>lS</span> <span class='ocrx_word' id='word_1_511' title='bbox 2001 695 2082 733; x_wconf 84' lang='lat' dir='ltr'>sq.]‚</span> 
     </span>
     <span class='ocr_line' id='line_1_73' title="bbox 1109 735 2082 782; baseline -0.011 -8"><span class='ocrx_word' id='word_1_512' title='bbox 1109 744 1292 774; x_wconf 90' lang='lat' dir='ltr'>Libidinum</span> <span class='ocrx_word' id='word_1_513' title='bbox 1325 752 1450 782; x_wconf 76' lang='lat' dir='ltr'>poenas</span> <span class='ocrx_word' id='word_1_514' title='bbox 1475 750 1551 771; x_wconf 87' lang='lat' dir='ltr'>esse</span> <span class='ocrx_word' id='word_1_515' title='bbox 1579 740 1786 774; x_wconf 85' lang='lat' dir='ltr'>caecitatem,</span> <span class='ocrx_word' id='word_1_516' title='bbox 1821 736 1941 767; x_wconf 79' lang='lat' dir='ltr'>deserti</span> <span class='ocrx_word' id='word_1_517' title='bbox 1966 745 1985 765; x_wconf 91' lang='lat' dir='ltr'>a</span> <span class='ocrx_word' id='word_1_518' title='bbox 2008 735 2082 765; x_wconf 93' lang='lat' dir='ltr'>Deo</span> 
     </span>
    </p>
   </div>
   <div class='ocr_carea' id='block_1_17' title="bbox 1109 820 2084 1461">
    <p class='ocr_par' dir='ltr' id='par_1_19' title="bbox 1109 820 2083 1198">
     <span class='ocr_line' id='line_1_74' title="bbox 1109 820 2083 866; baseline -0.011 -7"><span class='ocrx_word' id='word_1_519' title='bbox 1109 829 1162 866; x_wconf 88' lang='lat' dir='ltr'>lia,</span> <span class='ocrx_word' id='word_1_520' title='bbox 1196 833 1371 858; x_wconf 86' lang='lat' dir='ltr'>accersunt</span> <span class='ocrx_word' id='word_1_521' title='bbox 1394 826 1457 856; x_wconf 88' lang='lat' dir='ltr'>sibi</span> <span class='ocrx_word' id='word_1_522' title='bbox 1480 834 1605 866; x_wconf 84' lang='lat' dir='ltr'>poenas</span> <span class='ocrx_word' id='word_1_523' title='bbox 1631 830 1662 855; x_wconf 92' lang='lat' dir='ltr'>et</span> <span class='ocrx_word' id='word_1_524' title='bbox 1686 823 1794 854; x_wconf 87' lang='lat' dir='ltr'>exitia.</span> <span class='ocrx_word' id='word_1_525' title='bbox 1841 821 1907 852; x_wconf 83' lang='lat' dir='ltr'>Sed</span> <span class='ocrx_word' id='word_1_526' title='bbox 1930 820 1970 857; x_wconf 89' lang='lat' dir='ltr'>ii,</span> <span class='ocrx_word' id='word_1_527' title='bbox 2004 829 2083 860; x_wconf 92' lang='lat' dir='ltr'>quo-</span> 
     </span>
     <span class='ocr_line' id='line_1_75' title="bbox 1109 866 2083 908; baseline -0.009 -7"><span class='ocrx_word' id='word_1_528' title='bbox 1109 881 1181 902; x_wconf 88' lang='lat' dir='ltr'>rum</span> <span class='ocrx_word' id='word_1_529' title='bbox 1214 876 1306 901; x_wconf 85' lang='lat' dir='ltr'>aetas</span> <span class='ocrx_word' id='word_1_530' title='bbox 1341 875 1391 900; x_wconf 82' lang='lat' dir='ltr'>est</span> <span class='ocrx_word' id='word_1_531' title='bbox 1424 869 1572 908; x_wconf 83' lang='lat' dir='ltr'>integra,</span> <span class='ocrx_word' id='word_1_532' title='bbox 1607 873 1638 897; x_wconf 92' lang='lat' dir='ltr'>et</span> <span class='ocrx_word' id='word_1_533' title='bbox 1672 866 1727 907; x_wconf 90' lang='lat' dir='ltr'>qui</span> <span class='ocrx_word' id='word_1_534' title='bbox 1749 869 1933 906; x_wconf 82' lang='lat' dir='ltr'>agnoscunt</span> <span class='ocrx_word' id='word_1_535' title='bbox 1958 873 1994 893; x_wconf 86' lang='lat' dir='ltr'>se</span> <span class='ocrx_word' id='word_1_536' title='bbox 2017 872 2083 893; x_wconf 91' lang='lat' dir='ltr'>non</span> 
     </span>
     <span class='ocr_line' id='line_1_76' title="bbox 1109 907 2082 948; baseline -0.008 -4"><span class='ocrx_word' id='word_1_537' title='bbox 1109 923 1184 944; x_wconf 87' lang='lat' dir='ltr'>esse</span> <span class='ocrx_word' id='word_1_538' title='bbox 1207 914 1344 943; x_wconf 87' lang='lat' dir='ltr'>idoneos</span> <span class='ocrx_word' id='word_1_539' title='bbox 1367 912 1408 942; x_wconf 90' lang='lat' dir='ltr'>ad</span> <span class='ocrx_word' id='word_1_540' title='bbox 1433 909 1592 941; x_wconf 86' lang='lat' dir='ltr'>coelibem</span> <span class='ocrx_word' id='word_1_541' title='bbox 1616 910 1732 945; x_wconf 78' lang='lat' dir='ltr'>vitam,</span> <span class='ocrx_word' id='word_1_542' title='bbox 1766 909 1786 938; x_wconf 95' lang='lat' dir='ltr'>ii</span> <span class='ocrx_word' id='word_1_543' title='bbox 1820 908 1927 938; x_wconf 83' lang='lat' dir='ltr'>sciant</span> <span class='ocrx_word' id='word_1_544' title='bbox 1950 917 1986 937; x_wconf 84' lang='lat' dir='ltr'>se</span> <span class='ocrx_word' id='word_1_545' title='bbox 2010 907 2082 948; x_wconf 82' lang='lat' dir='ltr'>cogi</span> 
     </span>
     <span class='ocr_line' id='line_1_77' title="bbox 1109 948 2083 991; baseline -0.007 -4"><span class='ocrx_word' id='word_1_546' title='bbox 1109 956 1263 986; x_wconf 87' lang='lat' dir='ltr'>mandato</span> <span class='ocrx_word' id='word_1_547' title='bbox 1287 954 1361 991; x_wconf 78' lang='lat' dir='ltr'>Dei,</span> <span class='ocrx_word' id='word_1_548' title='bbox 1389 960 1424 984; x_wconf 86' lang='lat' dir='ltr'>ut</span> <span class='ocrx_word' id='word_1_549' title='bbox 1449 953 1601 991; x_wconf 62' lang='lat' dir='ltr'>coningio</span> <span class='ocrx_word' id='word_1_550' title='bbox 1626 958 1768 988; x_wconf 85' lang='lat' dir='ltr'>utantur,</span> <span class='ocrx_word' id='word_1_551' title='bbox 1792 956 1826 981; x_wconf 92' lang='lat' dir='ltr'>ut</span> <span class='ocrx_word' id='word_1_552' title='bbox 1849 948 1970 980; x_wconf 89' lang='lat' dir='ltr'>Paulus</span> <span class='ocrx_word' id='word_1_553' title='bbox 1995 948 2083 980; x_wconf 84' lang='lat' dir='ltr'>clare</span> 
     </span>
     <span class='ocr_line' id='line_1_78' title="bbox 1110 988 2081 1037; baseline -0.008 -8"><span class='ocrx_word' id='word_1_554' title='bbox 1110 1000 1186 1029; x_wconf 88' lang='lat' dir='ltr'>dicit</span> <span class='ocrx_word' id='word_1_555' title='bbox 1221 998 1265 1037; x_wconf 90' lang='lat' dir='ltr'>[l.</span> <span class='ocrx_word' id='word_1_556' title='bbox 1290 996 1366 1027; x_wconf 90' lang='lat' dir='ltr'>Cor.</span> <span class='ocrx_word' id='word_1_557' title='bbox 1390 997 1422 1032; x_wconf 70' lang='lat'>7,</span> <span class='ocrx_word' id='word_1_558' title='bbox 1447 997 1508 1034; x_wconf 74' lang='lat'>2.]:</span> <span class='ocrx_word' id='word_1_559' title='bbox 1544 988 1705 1025; x_wconf 80' lang='lat' dir='ltr'>Vitandae</span> <span class='ocrx_word' id='word_1_560' title='bbox 1727 993 1938 1033; x_wconf 86' lang='lat' dir='ltr'>scortationis</span> <span class='ocrx_word' id='word_1_561' title='bbox 1963 1002 2081 1023; x_wconf 86' lang='lat' dir='ltr'>caussa</span> 
     </span>
     <span class='ocr_line' id='line_1_79' title="bbox 1109 1034 2082 1081; baseline -0.007 -10"><span class='ocrx_word' id='word_1_562' title='bbox 1109 1041 1334 1081; x_wconf 89' lang='lat' dir='ltr'>unusquisque</span> <span class='ocrx_word' id='word_1_563' title='bbox 1353 1038 1472 1069; x_wconf 87' lang='lat' dir='ltr'>habeat</span> <span class='ocrx_word' id='word_1_564' title='bbox 1494 1047 1630 1068; x_wconf 83' lang='lat' dir='ltr'>uxorem</span> <span class='ocrx_word' id='word_1_565' title='bbox 1654 1046 1757 1066; x_wconf 83' lang='lat' dir='ltr'>suam.</span> <span class='ocrx_word' id='word_1_566' title='bbox 1803 1034 1874 1066; x_wconf 89' lang='lat' dir='ltr'>Hoc</span> <span class='ocrx_word' id='word_1_567' title='bbox 1896 1035 2082 1065; x_wconf 88' lang='lat' dir='ltr'>mandatum</span> 
     </span>
     <span class='ocr_line' id='line_1_80' title="bbox 1110 1077 2082 1122; baseline -0.008 -8"><span class='ocrx_word' id='word_1_568' title='bbox 1110 1084 1272 1120; x_wconf 88' lang='lat' dir='ltr'>omnibus,</span> <span class='ocrx_word' id='word_1_569' title='bbox 1295 1083 1349 1122; x_wconf 91' lang='lat' dir='ltr'>qui</span> <span class='ocrx_word' id='word_1_570' title='bbox 1373 1081 1516 1111; x_wconf 89' lang='lat' dir='ltr'>sentiunt</span> <span class='ocrx_word' id='word_1_571' title='bbox 1538 1090 1574 1109; x_wconf 85' lang='lat' dir='ltr'>se</span> <span class='ocrx_word' id='word_1_572' title='bbox 1598 1089 1665 1110; x_wconf 91' lang='lat' dir='ltr'>non</span> <span class='ocrx_word' id='word_1_573' title='bbox 1689 1088 1764 1109; x_wconf 88' lang='lat' dir='ltr'>esse</span> <span class='ocrx_word' id='word_1_574' title='bbox 1785 1078 1922 1108; x_wconf 89' lang='lat' dir='ltr'>idoneos</span> <span class='ocrx_word' id='word_1_575' title='bbox 1945 1077 1987 1107; x_wconf 91' lang='lat' dir='ltr'>ad</span> <span class='ocrx_word' id='word_1_576' title='bbox 2010 1087 2082 1108; x_wconf 90' lang='lat' dir='ltr'>coe-</span> 
     </span>
     <span class='ocr_line' id='line_1_81' title="bbox 1109 1118 2082 1164; baseline -0.007 -8"><span class='ocrx_word' id='word_1_577' title='bbox 1109 1126 1208 1156; x_wconf 89' lang='lat' dir='ltr'>libem</span> <span class='ocrx_word' id='word_1_578' title='bbox 1231 1126 1346 1161; x_wconf 85' lang='lat' dir='ltr'>vitam,</span> <span class='ocrx_word' id='word_1_579' title='bbox 1380 1123 1537 1164; x_wconf 89' lang='lat' dir='ltr'>praecipit</span> <span class='ocrx_word' id='word_1_580' title='bbox 1561 1122 1767 1163; x_wconf 81' lang='lat' dir='ltr'>coniugium,</span> <span class='ocrx_word' id='word_1_581' title='bbox 1801 1118 1894 1150; x_wconf 85' lang='lat' dir='ltr'>laicis</span> <span class='ocrx_word' id='word_1_582' title='bbox 1918 1125 1950 1150; x_wconf 87' lang='lat' dir='ltr'>et</span> <span class='ocrx_word' id='word_1_583' title='bbox 1972 1129 2082 1150; x_wconf 89' lang='lat' dir='ltr'>sacer-</span> 
     </span>
     <span class='ocr_line' id='line_1_82' title="bbox 1111 1169 1253 1198; baseline -0.014 0"><span class='ocrx_word' id='word_1_584' title='bbox 1111 1169 1253 1198; x_wconf 88' lang='lat' dir='ltr'>dotibus.</span> 
     </span>
    </p>

    <p class='ocr_par' dir='ltr' id='par_1_20' title="bbox 1110 1203 2084 1461">
     <span class='ocr_line' id='line_1_83' title="bbox 1196 1203 2084 1249; baseline -0.008 -9"><span class='ocrx_word' id='word_1_585' title='bbox 1196 1210 1267 1240; x_wconf 89' lang='lat' dir='ltr'>Nec</span> <span class='ocrx_word' id='word_1_586' title='bbox 1300 1207 1395 1249; x_wconf 85' lang='lat' dir='ltr'>leges</span> <span class='ocrx_word' id='word_1_587' title='bbox 1429 1207 1591 1237; x_wconf 88' lang='lat' dir='ltr'>humanae</span> <span class='ocrx_word' id='word_1_588' title='bbox 1625 1213 1679 1236; x_wconf 89' lang='lat' dir='ltr'>aut</span> <span class='ocrx_word' id='word_1_589' title='bbox 1713 1205 1949 1245; x_wconf 86' lang='lat' dir='ltr'>promissiones</span> <span class='ocrx_word' id='word_1_590' title='bbox 1974 1203 2084 1234; x_wconf 86' lang='lat' dir='ltr'>Mona-</span> 
     </span>
     <span class='ocr_line' id='line_1_84' title="bbox 1111 1246 2084 1291; baseline -0.008 -8"><span class='ocrx_word' id='word_1_591' title='bbox 1111 1253 1214 1283; x_wconf 85' lang='lat' dir='ltr'>sticae</span> <span class='ocrx_word' id='word_1_592' title='bbox 1248 1257 1390 1291; x_wconf 80' lang='lat' dir='ltr'>possunt</span> <span class='ocrx_word' id='word_1_593' title='bbox 1424 1248 1558 1280; x_wconf 85' lang='lat' dir='ltr'>abolere</span> <span class='ocrx_word' id='word_1_594' title='bbox 1587 1249 1824 1279; x_wconf 84' lang='lat' dir='ltr'>ordinationem</span> <span class='ocrx_word' id='word_1_595' title='bbox 1844 1253 1876 1277; x_wconf 93' lang='lat' dir='ltr'>et</span> <span class='ocrx_word' id='word_1_596' title='bbox 1899 1246 2084 1276; x_wconf 87' lang='lat' dir='ltr'>mandatum</span> 
     </span>
     <span class='ocr_line' id='line_1_85' title="bbox 1110 1290 2084 1333; baseline -0.007 -8"><span class='ocrx_word' id='word_1_597' title='bbox 1110 1295 1184 1325; x_wconf 92' lang='lat' dir='ltr'>Dei.</span> <span class='ocrx_word' id='word_1_598' title='bbox 1230 1294 1306 1323; x_wconf 82' lang='lat' dir='ltr'>Odit</span> <span class='ocrx_word' id='word_1_599' title='bbox 1328 1292 1421 1322; x_wconf 88' lang='lat' dir='ltr'>Deus</span> <span class='ocrx_word' id='word_1_600' title='bbox 1450 1302 1554 1333; x_wconf 81' lang='lat' dir='ltr'>vagas</span> <span class='ocrx_word' id='word_1_601' title='bbox 1578 1290 1729 1322; x_wconf 87' lang='lat' dir='ltr'>libidines</span> <span class='ocrx_word' id='word_1_602' title='bbox 1754 1296 1785 1320; x_wconf 92' lang='lat' dir='ltr'>et</span> <span class='ocrx_word' id='word_1_603' title='bbox 1809 1299 1984 1330; x_wconf 84' lang='lat' dir='ltr'>corporum</span> <span class='ocrx_word' id='word_1_604' title='bbox 2008 1298 2084 1319; x_wconf 83' lang='lat' dir='ltr'>con·</span> 
     </span>
     <span class='ocr_line' id='line_1_86' title="bbox 1110 1332 2084 1368; baseline -0.008 0"><span class='ocrx_word' id='word_1_605' title='bbox 1110 1337 1355 1368; x_wconf 85' lang='lat' dir='ltr'>taminationes:</span> <span class='ocrx_word' id='word_1_606' title='bbox 1379 1334 1454 1365; x_wconf 89' lang='lat' dir='ltr'>ldeo</span> <span class='ocrx_word' id='word_1_607' title='bbox 1478 1333 1547 1365; x_wconf 83' lang='lat' dir='ltr'>vult</span> <span class='ocrx_word' id='word_1_608' title='bbox 1560 1344 1682 1364; x_wconf 88' lang='lat' dir='ltr'>marem</span> <span class='ocrx_word' id='word_1_609' title='bbox 1695 1339 1727 1364; x_wconf 88' lang='lat' dir='ltr'>et</span> <span class='ocrx_word' id='word_1_610' title='bbox 1739 1332 1890 1363; x_wconf 87' lang='lat' dir='ltr'>feminam</span> <span class='ocrx_word' id='word_1_611' title='bbox 1905 1336 1994 1362; x_wconf 90' lang='lat' dir='ltr'>certa</span> <span class='ocrx_word' id='word_1_612' title='bbox 2008 1340 2084 1361; x_wconf 91' lang='lat' dir='ltr'>con-</span> 
     </span>
     <span class='ocr_line' id='line_1_87' title="bbox 1110 1372 2082 1420; baseline -0.008 -10"><span class='ocrx_word' id='word_1_613' title='bbox 1110 1380 1188 1420; x_wconf 82' lang='lat' dir='ltr'>iugii</span> <span class='ocrx_word' id='word_1_614' title='bbox 1212 1378 1286 1419; x_wconf 85' lang='lat' dir='ltr'>lege</span> <span class='ocrx_word' id='word_1_615' title='bbox 1312 1376 1471 1418; x_wconf 83' lang='lat' dir='ltr'>copulari,</span> <span class='ocrx_word' id='word_1_616' title='bbox 1495 1387 1578 1418; x_wconf 90' lang='lat' dir='ltr'>quae</span> <span class='ocrx_word' id='word_1_617' title='bbox 1602 1376 1750 1407; x_wconf 87' lang='lat' dir='ltr'>instituta</span> <span class='ocrx_word' id='word_1_618' title='bbox 1774 1381 1823 1405; x_wconf 90' lang='lat' dir='ltr'>est</span> <span class='ocrx_word' id='word_1_619' title='bbox 1844 1375 1934 1405; x_wconf 90' lang='lat' dir='ltr'>initio</span> <span class='ocrx_word' id='word_1_620' title='bbox 1959 1372 2041 1403; x_wconf 88' lang='lat' dir='ltr'>Gen.</span> <span class='ocrx_word' id='word_1_621' title='bbox 2053 1373 2082 1403; x_wconf 90' lang='grc'>2.</span> 
     </span>
     <span class='ocr_line' id='line_1_88' title="bbox 1112 1415 2083 1461; baseline -0.008 -8"><span class='ocrx_word' id='word_1_622' title='bbox 1112 1426 1176 1461; x_wconf 83' lang='lat' dir='ltr'>[vs.</span> <span class='ocrx_word' id='word_1_623' title='bbox 1200 1422 1265 1459; x_wconf 51' lang='lat'>244</span> <span class='ocrx_word' id='word_1_624' title='bbox 1298 1426 1329 1451; x_wconf 85' lang='lat' dir='ltr'>et</span> <span class='ocrx_word' id='word_1_625' title='bbox 1359 1421 1497 1459; x_wconf 87' lang='lat' dir='ltr'>repetita</span> <span class='ocrx_word' id='word_1_626' title='bbox 1525 1418 1641 1449; x_wconf 84' lang='lat' dir='ltr'>Matth.</span> <span class='ocrx_word' id='word_1_627' title='bbox 1667 1418 1716 1448; x_wconf 90' lang='grc'>19.</span> <span class='ocrx_word' id='word_1_628' title='bbox 1742 1421 1824 1456; x_wconf 73' lang='lat' dir='ltr'>[vss.</span> <span class='ocrx_word' id='word_1_629' title='bbox 1848 1417 1868 1447; x_wconf 88' lang='lat'>5</span> <span class='ocrx_word' id='word_1_630' title='bbox 1890 1419 1976 1458; x_wconf 91' lang='lat' dir='ltr'>sqq.]</span> <span class='ocrx_word' id='word_1_631' title='bbox 2001 1421 2033 1446; x_wconf 88' lang='lat' dir='ltr'>et</span> <span class='ocrx_word' id='word_1_632' title='bbox 2056 1415 2083 1445; x_wconf 89' lang='lat' dir='ltr'>l.</span> 
     </span>
    </p>
   </div>
   <div class='ocr_carea' id='block_1_18' title="bbox 1087 1458 2084 1503">
    <p class='ocr_par' dir='ltr' id='par_1_21' title="bbox 1087 1458 2084 1503">
     <span class='ocr_line' id='line_1_89' title="bbox 1087 1458 2084 1503; baseline -0.006 -9"><span class='ocrx_word' id='word_1_633' title='bbox 1087 1459 1088 1466; x_wconf 48' lang='lat'>¹</span> <span class='ocrx_word' id='word_1_634' title='bbox 1112 1464 1189 1495; x_wconf 88' lang='lat' dir='ltr'>Cor.</span> <span class='ocrx_word' id='word_1_635' title='bbox 1215 1465 1244 1493; x_wconf 88' lang='grc'>7.</span> <span class='ocrx_word' id='word_1_636' title='bbox 1269 1466 1347 1500; x_wconf 72' lang='lat' dir='ltr'>{vss</span> <span class='ocrx_word' id='word_1_637' title='bbox 1372 1462 1391 1492; x_wconf 88' lang='grc'>2</span> <span class='ocrx_word' id='word_1_638' title='bbox 1415 1465 1501 1503; x_wconf 80' lang='lat' dir='ltr'>sqq.]</span> <span class='ocrx_word' id='word_1_639' title='bbox 1533 1461 1623 1492; x_wconf 87' lang='lat' dir='ltr'>Haec</span> <span class='ocrx_word' id='word_1_640' title='bbox 1647 1462 1792 1491; x_wconf 87' lang='lat' dir='ltr'>societas</span> <span class='ocrx_word' id='word_1_641' title='bbox 1816 1470 1892 1490; x_wconf 91' lang='lat' dir='ltr'>vere</span> <span class='ocrx_word' id='word_1_642' title='bbox 1916 1465 1966 1489; x_wconf 91' lang='lat' dir='ltr'>est</span> <span class='ocrx_word' id='word_1_643' title='bbox 1990 1458 2084 1488; x_wconf 88' lang='lat' dir='ltr'>casti-</span> 
     </span>
    </p>
   </div>
   <div class='ocr_carea' id='block_1_19' title="bbox 1110 1500 2085 2485">
    <p class='ocr_par' dir='ltr' id='par_1_22' title="bbox 1110 1500 2085 2485">
     <span class='ocr_line' id='line_1_90' title="bbox 1111 1500 2083 1541; baseline -0.007 -4"><span class='ocrx_word' id='word_1_644' title='bbox 1111 1514 1162 1537; x_wconf 85' lang='lat' dir='ltr'>tas</span> <span class='ocrx_word' id='word_1_645' title='bbox 1199 1512 1230 1537; x_wconf 87' lang='lat' dir='ltr'>et</span> <span class='ocrx_word' id='word_1_646' title='bbox 1264 1505 1455 1541; x_wconf 87' lang='lat' dir='ltr'>mundities,</span> <span class='ocrx_word' id='word_1_647' title='bbox 1495 1504 1526 1534; x_wconf 90' lang='lat' dir='ltr'>id</span> <span class='ocrx_word' id='word_1_648' title='bbox 1556 1510 1625 1541; x_wconf 87' lang='lat' dir='ltr'>est,</span> <span class='ocrx_word' id='word_1_649' title='bbox 1659 1504 1807 1534; x_wconf 87' lang='lat' dir='ltr'>ordinata</span> <span class='ocrx_word' id='word_1_650' title='bbox 1837 1512 1891 1532; x_wconf 87' lang='lat' dir='ltr'>res</span> <span class='ocrx_word' id='word_1_651' title='bbox 1914 1513 1932 1532; x_wconf 87' lang='lat' dir='ltr'>a</span> <span class='ocrx_word' id='word_1_652' title='bbox 1956 1500 2029 1531; x_wconf 88' lang='lat' dir='ltr'>Deo</span> <span class='ocrx_word' id='word_1_653' title='bbox 2054 1505 2083 1530; x_wconf 88' lang='lat' dir='ltr'>et</span> 
     </span>
     <span class='ocr_line' id='line_1_91' title="bbox 1110 1543 2084 1590; baseline -0.007 -11"><span class='ocrx_word' id='word_1_654' title='bbox 1110 1548 1245 1590; x_wconf 89' lang='lat' dir='ltr'>placens</span> <span class='ocrx_word' id='word_1_655' title='bbox 1269 1547 1354 1584; x_wconf 81' lang='lat' dir='ltr'>Deo.</span> <span class='ocrx_word' id='word_1_656' title='bbox 1380 1553 1411 1577; x_wconf 93' lang='lat' dir='ltr'>et</span> <span class='ocrx_word' id='word_1_657' title='bbox 1435 1547 1577 1577; x_wconf 86' lang='lat' dir='ltr'>continet</span> <span class='ocrx_word' id='word_1_658' title='bbox 1602 1546 1758 1577; x_wconf 79' lang='lat' dir='ltr'>exercitia</span> <span class='ocrx_word' id='word_1_659' title='bbox 1780 1544 1867 1582; x_wconf 88' lang='lat' dir='ltr'>fidei,</span> <span class='ocrx_word' id='word_1_660' title='bbox 1893 1543 2084 1579; x_wconf 76' lang='lat' dir='ltr'>dilectionis,</span> 
     </span>
     <span class='ocr_line' id='line_1_92' title="bbox 1111 1586 2083 1633; baseline -0.006 -11"><span class='ocrx_word' id='word_1_661' title='bbox 1111 1592 1286 1633; x_wconf 83' lang='lat' dir='ltr'>patientiae</span> <span class='ocrx_word' id='word_1_662' title='bbox 1305 1591 1483 1620; x_wconf 87' lang='lat' dir='ltr'>innumera.</span> <span class='ocrx_word' id='word_1_663' title='bbox 1529 1588 1571 1619; x_wconf 91' lang='lat' dir='ltr'>Et</span> <span class='ocrx_word' id='word_1_664' title='bbox 1594 1599 1660 1619; x_wconf 86' lang='lat' dir='ltr'>non</span> <span class='ocrx_word' id='word_1_665' title='bbox 1683 1587 1791 1619; x_wconf 86' lang='lat' dir='ltr'>solum</span> <span class='ocrx_word' id='word_1_666' title='bbox 1815 1594 1866 1618; x_wconf 87' lang='lat' dir='ltr'>est</span> <span class='ocrx_word' id='word_1_667' title='bbox 1888 1586 1963 1617; x_wconf 86' lang='lat' dir='ltr'>fons</span> <span class='ocrx_word' id='word_1_668' title='bbox 1987 1595 2083 1627; x_wconf 82' lang='lat' dir='ltr'>gene-</span> 
     </span>
     <span class='ocr_line' id='line_1_93' title="bbox 1110 1629 2083 1672; baseline -0.006 -7"><span class='ocrx_word' id='word_1_669' title='bbox 1110 1635 1155 1665; x_wconf 72' lang='lat' dir='ltr'>lis</span> <span class='ocrx_word' id='word_1_670' title='bbox 1181 1633 1323 1670; x_wconf 86' lang='lat' dir='ltr'>humani,</span> <span class='ocrx_word' id='word_1_671' title='bbox 1357 1632 1416 1662; x_wconf 84' lang='lat' dir='ltr'>sed</span> <span class='ocrx_word' id='word_1_672' title='bbox 1440 1632 1535 1662; x_wconf 89' lang='lat' dir='ltr'>etiam</span> <span class='ocrx_word' id='word_1_673' title='bbox 1558 1632 1769 1672; x_wconf 88' lang='lat' dir='ltr'>praecipuum</span> <span class='ocrx_word' id='word_1_674' title='bbox 1791 1629 1957 1661; x_wconf 88' lang='lat' dir='ltr'>vinculum</span> <span class='ocrx_word' id='word_1_675' title='bbox 1980 1629 2083 1659; x_wconf 84' lang='lat' dir='ltr'>socie-</span> 
     </span>
     <span class='ocr_line' id='line_1_94' title="bbox 1112 1672 2083 1712; baseline -0.006 -5"><span class='ocrx_word' id='word_1_676' title='bbox 1112 1678 1186 1707; x_wconf 87' lang='lat' dir='ltr'>tatis</span> <span class='ocrx_word' id='word_1_677' title='bbox 1217 1675 1407 1707; x_wconf 81' lang='lat' dir='ltr'>communis.</span> <span class='ocrx_word' id='word_1_678' title='bbox 1452 1674 1533 1705; x_wconf 87' lang='lat' dir='ltr'>Vult</span> <span class='ocrx_word' id='word_1_679' title='bbox 1563 1680 1671 1704; x_wconf 88' lang='lat' dir='ltr'>autem</span> <span class='ocrx_word' id='word_1_680' title='bbox 1694 1673 1786 1704; x_wconf 86' lang='lat' dir='ltr'>Deus</span> <span class='ocrx_word' id='word_1_681' title='bbox 1817 1672 2007 1703; x_wconf 83' lang='lat' dir='ltr'>conservari</span> <span class='ocrx_word' id='word_1_682' title='bbox 2030 1681 2083 1712; x_wconf 84' lang='lat' dir='ltr'>ge-</span> 
     </span>
     <span class='ocr_line' id='line_1_95' title="bbox 1111 1713 2083 1756; baseline -0.007 -6"><span class='ocrx_word' id='word_1_683' title='bbox 1111 1720 1312 1750; x_wconf 90' lang='lat' dir='ltr'>nerationem</span> <span class='ocrx_word' id='word_1_684' title='bbox 1335 1716 1527 1753; x_wconf 81' lang='lat' dir='ltr'>humanam,</span> <span class='ocrx_word' id='word_1_685' title='bbox 1562 1717 1666 1747; x_wconf 84' lang='lat' dir='ltr'>donec</span> <span class='ocrx_word' id='word_1_686' title='bbox 1696 1714 1899 1756; x_wconf 89' lang='lat' dir='ltr'>compleatur</span> <span class='ocrx_word' id='word_1_687' title='bbox 1921 1713 2083 1751; x_wconf 87' lang='lat' dir='ltr'>Ecclesia,</span> 
     </span>
     <span class='ocr_line' id='line_1_96' title="bbox 1112 1757 2082 1796; baseline -0.007 -3"><span class='ocrx_word' id='word_1_688' title='bbox 1112 1768 1143 1793; x_wconf 89' lang='lat' dir='ltr'>et</span> <span class='ocrx_word' id='word_1_689' title='bbox 1167 1760 1294 1793; x_wconf 87' lang='lat' dir='ltr'>civilem</span> <span class='ocrx_word' id='word_1_690' title='bbox 1318 1760 1509 1790; x_wconf 85' lang='lat' dir='ltr'>societatem</span> <span class='ocrx_word' id='word_1_691' title='bbox 1533 1760 1689 1796; x_wconf 83' lang='lat' dir='ltr'>existere,</span> <span class='ocrx_word' id='word_1_692' title='bbox 1723 1764 1759 1789; x_wconf 90' lang='lat' dir='ltr'>ut</span> <span class='ocrx_word' id='word_1_693' title='bbox 1780 1757 1834 1788; x_wconf 92' lang='lat' dir='ltr'>alii</span> <span class='ocrx_word' id='word_1_694' title='bbox 1857 1757 1939 1788; x_wconf 87' lang='lat' dir='ltr'>alios</span> <span class='ocrx_word' id='word_1_695' title='bbox 1963 1757 2082 1787; x_wconf 87' lang='lat' dir='ltr'>docere</span> 
     </span>
     <span class='ocr_line' id='line_1_97' title="bbox 1110 1797 2082 1845; baseline -0.006 -10"><span class='ocrx_word' id='word_1_696' title='bbox 1110 1805 1248 1845; x_wconf 81' lang='lat' dir='ltr'>possint.</span> <span class='ocrx_word' id='word_1_697' title='bbox 1295 1802 1520 1833; x_wconf 77' lang='lat' dir='ltr'>Cei-tissimum</span> <span class='ocrx_word' id='word_1_698' title='bbox 1544 1808 1596 1832; x_wconf 82' lang='lat' dir='ltr'>est</span> <span class='ocrx_word' id='word_1_699' title='bbox 1618 1802 1732 1842; x_wconf 86' lang='lat' dir='ltr'>igitur,</span> <span class='ocrx_word' id='word_1_700' title='bbox 1755 1800 1827 1831; x_wconf 91' lang='lat' dir='ltr'>Deo</span> <span class='ocrx_word' id='word_1_701' title='bbox 1850 1799 1983 1841; x_wconf 91' lang='lat' dir='ltr'>placere</span> <span class='ocrx_word' id='word_1_702' title='bbox 2003 1797 2082 1840; x_wconf 84' lang='lat' dir='ltr'>legi-</span> 
     </span>
     <span class='ocr_line' id='line_1_98' title="bbox 1111 1841 2083 1887; baseline -0.007 -9"><span class='ocrx_word' id='word_1_703' title='bbox 1111 1849 1220 1878; x_wconf 91' lang='lat' dir='ltr'>timum</span> <span class='ocrx_word' id='word_1_704' title='bbox 1245 1845 1442 1887; x_wconf 83' lang='lat' dir='ltr'>coniugium,</span> <span class='ocrx_word' id='word_1_705' title='bbox 1466 1845 1525 1875; x_wconf 92' lang='lat' dir='ltr'>sed</span> <span class='ocrx_word' id='word_1_706' title='bbox 1544 1842 1705 1875; x_wconf 88' lang='lat' dir='ltr'>Diabolus</span> <span class='ocrx_word' id='word_1_707' title='bbox 1729 1844 1844 1884; x_wconf 89' lang='lat' dir='ltr'>impios</span> <span class='ocrx_word' id='word_1_708' title='bbox 1867 1842 1964 1874; x_wconf 88' lang='lat' dir='ltr'>facile</span> <span class='ocrx_word' id='word_1_709' title='bbox 1986 1841 2083 1872; x_wconf 81' lang='lat' dir='ltr'>traxit</span> 
     </span>
     <span class='ocr_line' id='line_1_99' title="bbox 1111 1882 2083 1927; baseline -0.007 -7"><span class='ocrx_word' id='word_1_710' title='bbox 1111 1891 1142 1920; x_wconf 92' lang='lat' dir='ltr'>in</span> <span class='ocrx_word' id='word_1_711' title='bbox 1175 1889 1327 1920; x_wconf 86' lang='lat' dir='ltr'>libidines</span> <span class='ocrx_word' id='word_1_712' title='bbox 1363 1888 1514 1927; x_wconf 87' lang='lat' dir='ltr'>opinione</span> <span class='ocrx_word' id='word_1_713' title='bbox 1537 1887 1745 1927; x_wconf 88' lang='lat' dir='ltr'>impunitatis.</span> <span class='ocrx_word' id='word_1_714' title='bbox 1790 1885 1837 1916; x_wconf 88' lang='lat' dir='ltr'>Ita</span> <span class='ocrx_word' id='word_1_715' title='bbox 1869 1887 1901 1916; x_wconf 92' lang='lat' dir='ltr'>in</span> <span class='ocrx_word' id='word_1_716' title='bbox 1931 1882 2083 1915; x_wconf 89' lang='lat' dir='ltr'>Ecclesia</span> 
     </span>
     <span class='ocr_line' id='line_1_100' title="bbox 1111 1928 2083 1973; baseline -0.007 -10"><span class='ocrx_word' id='word_1_717' title='bbox 1111 1931 1269 1973; x_wconf 78' lang='lat' dir='ltr'>singulari</span> <span class='ocrx_word' id='word_1_718' title='bbox 1303 1929 1429 1967; x_wconf 88' lang='lat' dir='ltr'>fraude,</span> <span class='ocrx_word' id='word_1_719' title='bbox 1464 1928 1591 1960; x_wconf 92' lang='lat' dir='ltr'>scilicet</span> <span class='ocrx_word' id='word_1_720' title='bbox 1619 1934 1792 1970; x_wconf 85' lang='lat' dir='ltr'>praetextu</span> <span class='ocrx_word' id='word_1_721' title='bbox 1816 1928 1993 1964; x_wconf 86' lang='lat' dir='ltr'>castitatis,</span> <span class='ocrx_word' id='word_1_722' title='bbox 2028 1936 2083 1956; x_wconf 88' lang='lat' dir='ltr'>au-</span> 
     </span>
     <span class='ocr_line' id='line_1_101' title="bbox 1111 1968 2083 2013; baseline -0.006 -8"><span class='ocrx_word' id='word_1_723' title='bbox 1111 1976 1157 2006; x_wconf 89' lang='lat' dir='ltr'>xit</span> <span class='ocrx_word' id='word_1_724' title='bbox 1179 1974 1341 2010; x_wconf 79' lang='lat' dir='ltr'>libidineS,</span> <span class='ocrx_word' id='word_1_725' title='bbox 1363 1971 1487 2013; x_wconf 82' lang='lat' dir='ltr'>impulit</span> <span class='ocrx_word' id='word_1_726' title='bbox 1497 1973 1543 2012; x_wconf 74' lang='lat'>³⁴)</span> <span class='ocrx_word' id='word_1_727' title='bbox 1567 1970 1730 2002; x_wconf 85' lang='lat' dir='ltr'>fanaticos</span> <span class='ocrx_word' id='word_1_728' title='bbox 1753 1971 1895 2011; x_wconf 88' lang='lat' dir='ltr'>spiritus,</span> <span class='ocrx_word' id='word_1_729' title='bbox 1918 1975 1954 2001; x_wconf 91' lang='lat' dir='ltr'>ut</span> <span class='ocrx_word' id='word_1_730' title='bbox 1975 1968 2083 2009; x_wconf 89' lang='lat' dir='ltr'>prohi-</span> 
     </span>
     <span class='ocr_line' id='line_1_102' title="bbox 1111 2012 2081 2057; baseline -0.007 -9"><span class='ocrx_word' id='word_1_731' title='bbox 1111 2020 1225 2049; x_wconf 92' lang='lat' dir='ltr'>berent</span> <span class='ocrx_word' id='word_1_732' title='bbox 1259 2015 1444 2057; x_wconf 84' lang='lat' dir='ltr'>coniugium</span> <span class='ocrx_word' id='word_1_733' title='bbox 1478 2025 1538 2045; x_wconf 88' lang='lat' dir='ltr'>seu</span> <span class='ocrx_word' id='word_1_734' title='bbox 1574 2015 1723 2045; x_wconf 84' lang='lat' dir='ltr'>omnibus</span> <span class='ocrx_word' id='word_1_735' title='bbox 1757 2024 1816 2044; x_wconf 85' lang='lat' dir='ltr'>seu</span> <span class='ocrx_word' id='word_1_736' title='bbox 1844 2012 2081 2044; x_wconf 84' lang='lat' dir='ltr'>sacerdotibus.</span> 
     </span>
     <span class='ocr_line' id='line_1_103' title="bbox 1112 2053 2082 2097; baseline -0.007 -7"><span class='ocrx_word' id='word_1_737' title='bbox 1112 2060 1183 2091; x_wconf 90' lang='lat' dir='ltr'>Hoc</span> <span class='ocrx_word' id='word_1_738' title='bbox 1207 2057 1378 2090; x_wconf 90' lang='lat' dir='ltr'>consilium</span> <span class='ocrx_word' id='word_1_739' title='bbox 1402 2067 1468 2088; x_wconf 89' lang='lat' dir='ltr'>non</span> <span class='ocrx_word' id='word_1_740' title='bbox 1491 2056 1555 2087; x_wconf 88' lang='lat' dir='ltr'>alio</span> <span class='ocrx_word' id='word_1_741' title='bbox 1579 2057 1752 2097; x_wconf 83' lang='lat' dir='ltr'>spectavit,</span> <span class='ocrx_word' id='word_1_742' title='bbox 1774 2056 1837 2086; x_wconf 91' lang='lat' dir='ltr'>nisi</span> <span class='ocrx_word' id='word_1_743' title='bbox 1860 2062 1894 2086; x_wconf 90' lang='lat' dir='ltr'>ut</span> <span class='ocrx_word' id='word_1_744' title='bbox 1912 2065 1951 2085; x_wconf 92' lang='lat' dir='ltr'>eo</span> <span class='ocrx_word' id='word_1_745' title='bbox 1970 2053 2082 2094; x_wconf 89' lang='lat' dir='ltr'>plures</span> 
     </span>
     <span class='ocr_line' id='line_1_104' title="bbox 1112 2096 2083 2134; baseline -0.007 -1"><span class='ocrx_word' id='word_1_746' title='bbox 1112 2102 1408 2134; x_wconf 84' lang='lat' dir='ltr'>contaminarentur</span> <span class='ocrx_word' id='word_1_747' title='bbox 1431 2106 1463 2131; x_wconf 87' lang='lat' dir='ltr'>et</span> <span class='ocrx_word' id='word_1_748' title='bbox 1486 2099 1734 2131; x_wconf 86' lang='lat' dir='ltr'>confirmaretur</span> <span class='ocrx_word' id='word_1_749' title='bbox 1757 2097 1888 2129; x_wconf 88' lang='lat' dir='ltr'>lieentia</span> <span class='ocrx_word' id='word_1_750' title='bbox 1909 2096 2083 2128; x_wconf 82' lang='lat' dir='ltr'>multorum</span> 
     </span>
     <span class='ocr_line' id='line_1_105' title="bbox 1112 2138 2083 2184; baseline -0.008 -8"><span class='ocrx_word' id='word_1_751' title='bbox 1112 2144 1286 2176; x_wconf 79' lang='lat' dir='ltr'>scelerum.</span> <span class='ocrx_word' id='word_1_752' title='bbox 1333 2142 1487 2184; x_wconf 80' lang='lat' dir='ltr'>Cogitent</span> <span class='ocrx_word' id='word_1_753' title='bbox 1521 2143 1605 2173; x_wconf 89' lang='lat' dir='ltr'>enim</span> <span class='ocrx_word' id='word_1_754' title='bbox 1627 2142 1687 2182; x_wconf 84' lang='lat' dir='ltr'>pii,</span> <span class='ocrx_word' id='word_1_755' title='bbox 1722 2147 1843 2182; x_wconf 88' lang='lat' dir='ltr'>quanta</span> <span class='ocrx_word' id='word_1_756' title='bbox 1865 2140 1995 2181; x_wconf 82' lang='lat' dir='ltr'>agmina</span> <span class='ocrx_word' id='word_1_757' title='bbox 2018 2138 2083 2169; x_wconf 87' lang='lat' dir='ltr'>ani-</span> 
     </span>
     <span class='ocr_line' id='line_1_106' title="bbox 1112 2181 2083 2226; baseline -0.008 -7"><span class='ocrx_word' id='word_1_758' title='bbox 1112 2198 1235 2219; x_wconf 86' lang='lat' dir='ltr'>marum</span> <span class='ocrx_word' id='word_1_759' title='bbox 1269 2186 1445 2226; x_wconf 87' lang='lat' dir='ltr'>praecipue</span> <span class='ocrx_word' id='word_1_760' title='bbox 1474 2184 1527 2215; x_wconf 86' lang='lat' dir='ltr'>lex</span> <span class='ocrx_word' id='word_1_761' title='bbox 1562 2185 1602 2215; x_wconf 89' lang='lat' dir='ltr'>de</span> <span class='ocrx_word' id='word_1_762' title='bbox 1634 2182 1798 2214; x_wconf 87' lang='lat' dir='ltr'>coelibatu</span> <span class='ocrx_word' id='word_1_763' title='bbox 1821 2183 1954 2214; x_wconf 81' lang='lat' dir='ltr'>traxen&#39;t</span> <span class='ocrx_word' id='word_1_764' title='bbox 1975 2183 2007 2212; x_wconf 92' lang='lat' dir='ltr'>in</span> <span class='ocrx_word' id='word_1_765' title='bbox 2029 2181 2083 2211; x_wconf 89' lang='lat' dir='ltr'>de-</span> 
     </span>
     <span class='ocr_line' id='line_1_107' title="bbox 1112 2225 2082 2271; baseline -0.008 -10"><span class='ocrx_word' id='word_1_766' title='bbox 1112 2231 1347 2271; x_wconf 77' lang='lat' dir='ltr'>sperationem,</span> <span class='ocrx_word' id='word_1_767' title='bbox 1382 2229 1414 2258; x_wconf 93' lang='lat' dir='ltr'>in</span> <span class='ocrx_word' id='word_1_768' title='bbox 1444 2233 1611 2258; x_wconf 88' lang='lat' dir='ltr'>aeternam</span> <span class='ocrx_word' id='word_1_769' title='bbox 1633 2227 1715 2257; x_wconf 90' lang='lat' dir='ltr'>iram</span> <span class='ocrx_word' id='word_1_770' title='bbox 1737 2225 1798 2256; x_wconf 91' lang='lat' dir='ltr'>Dei</span> <span class='ocrx_word' id='word_1_771' title='bbox 1823 2231 1854 2256; x_wconf 90' lang='lat' dir='ltr'>et</span> <span class='ocrx_word' id='word_1_772' title='bbox 1875 2225 1907 2255; x_wconf 93' lang='lat' dir='ltr'>in</span> <span class='ocrx_word' id='word_1_773' title='bbox 1931 2230 2082 2255; x_wconf 88' lang='lat' dir='ltr'>aeternas</span> 
     </span>
     <span class='ocr_line' id='line_1_108' title="bbox 1112 2265 2082 2313; baseline -0.008 -9"><span class='ocrx_word' id='word_1_774' title='bbox 1112 2272 1344 2313; x_wconf 82' lang='lat' dir='ltr'>blasphemias.</span> <span class='ocrx_word' id='word_1_775' title='bbox 1390 2270 1467 2301; x_wconf 90' lang='lat' dir='ltr'>Ideo</span> <span class='ocrx_word' id='word_1_776' title='bbox 1491 2268 1578 2300; x_wconf 87' lang='lat' dir='ltr'>nulla</span> <span class='ocrx_word' id='word_1_777' title='bbox 1603 2279 1677 2299; x_wconf 85' lang='lat' dir='ltr'>esse</span> <span class='ocrx_word' id='word_1_778' title='bbox 1701 2269 1799 2299; x_wconf 93' lang='lat' dir='ltr'>debet</span> <span class='ocrx_word' id='word_1_779' title='bbox 1817 2268 1973 2298; x_wconf 87' lang='lat' dir='ltr'>autoritas</span> <span class='ocrx_word' id='word_1_780' title='bbox 1996 2265 2082 2307; x_wconf 79' lang='lat' dir='ltr'>legis</span> 
     </span>
     <span class='ocr_line' id='line_1_109' title="bbox 1113 2310 2085 2353; baseline -0.009 -6"><span class='ocrx_word' id='word_1_781' title='bbox 1113 2317 1153 2347; x_wconf 90' lang='lat' dir='ltr'>de</span> <span class='ocrx_word' id='word_1_782' title='bbox 1177 2314 1356 2351; x_wconf 73' lang='lat' dir='ltr'>coelibatu,</span> <span class='ocrx_word' id='word_1_783' title='bbox 1385 2319 1417 2344; x_wconf 87' lang='lat' dir='ltr'>et</span> <span class='ocrx_word' id='word_1_784' title='bbox 1440 2313 1609 2353; x_wconf 84' lang='lat' dir='ltr'>opiniones</span> <span class='ocrx_word' id='word_1_785' title='bbox 1632 2310 1869 2342; x_wconf 69' lang='lat' dir='ltr'>Monac-horum</span> <span class='ocrx_word' id='word_1_786' title='bbox 1893 2311 2011 2340; x_wconf 88' lang='lat' dir='ltr'>acriter</span> <span class='ocrx_word' id='word_1_787' title='bbox 2034 2318 2085 2338; x_wconf 54' lang='grc' dir='ltr'>τε*</span> 
     </span>
     <span class='ocr_line' id='line_1_110' title="bbox 1112 2351 2083 2395; baseline -0.008 -6"><span class='ocrx_word' id='word_1_788' title='bbox 1112 2357 1265 2390; x_wconf 86' lang='lat' dir='ltr'>futandae</span> <span class='ocrx_word' id='word_1_789' title='bbox 1288 2362 1319 2386; x_wconf 87' lang='lat' dir='ltr'>et</span> <span class='ocrx_word' id='word_1_790' title='bbox 1342 2355 1504 2386; x_wconf 86' lang='lat' dir='ltr'>taxandae</span> <span class='ocrx_word' id='word_1_791' title='bbox 1526 2361 1613 2391; x_wconf 83' lang='lat' dir='ltr'>sunt,</span> <span class='ocrx_word' id='word_1_792' title='bbox 1636 2354 1690 2395; x_wconf 89' lang='lat' dir='ltr'>qui</span> <span class='ocrx_word' id='word_1_793' title='bbox 1713 2353 1875 2384; x_wconf 86' lang='lat' dir='ltr'>finxerunt</span> <span class='ocrx_word' id='word_1_794' title='bbox 1888 2351 2083 2383; x_wconf 83' lang='lat' dir='ltr'>coelibatum</span> 
     </span>
     <span class='ocr_line' id='line_1_111' title="bbox 1112 2395 2082 2434; baseline -0.008 -2"><span class='ocrx_word' id='word_1_795' title='bbox 1112 2411 1188 2432; x_wconf 84' lang='lat' dir='ltr'>esse</span> <span class='ocrx_word' id='word_1_796' title='bbox 1226 2399 1374 2431; x_wconf 87' lang='lat' dir='ltr'>eximium</span> <span class='ocrx_word' id='word_1_797' title='bbox 1413 2396 1533 2428; x_wconf 88' lang='lat' dir='ltr'>cultum</span> <span class='ocrx_word' id='word_1_798' title='bbox 1567 2397 1647 2434; x_wconf 90' lang='lat' dir='ltr'>Dei,</span> <span class='ocrx_word' id='word_1_799' title='bbox 1697 2396 1814 2427; x_wconf 90' lang='lat' dir='ltr'>mereri</span> <span class='ocrx_word' id='word_1_800' title='bbox 1858 2395 2082 2425; x_wconf 81' lang='lat' dir='ltr'>remissionem</span> 
     </span>
     <span class='ocr_line' id='line_1_112' title="bbox 1112 2438 2082 2485; baseline -0.009 -10"><span class='ocrx_word' id='word_1_801' title='bbox 1112 2449 1322 2485; x_wconf 85' lang='lat' dir='ltr'>peccatorum</span> <span class='ocrx_word' id='word_1_802' title='bbox 1357 2446 1389 2471; x_wconf 92' lang='lat' dir='ltr'>et</span> <span class='ocrx_word' id='word_1_803' title='bbox 1421 2441 1519 2471; x_wconf 92' lang='lat' dir='ltr'>vitam</span> <span class='ocrx_word' id='word_1_804' title='bbox 1542 2445 1718 2470; x_wconf 87' lang='lat' dir='ltr'>aeternam.</span> <span class='ocrx_word' id='word_1_805' title='bbox 1764 2438 1912 2479; x_wconf 88' lang='lat' dir='ltr'>Denique</span> <span class='ocrx_word' id='word_1_806' title='bbox 1934 2446 2082 2478; x_wconf 83' lang='lat' dir='ltr'>magnam</span> 
     </span>
    </p>
   </div>
   <div class='ocr_carea' id='block_1_20' title="bbox 1169 2528 1314 2532">
    <p class='ocr_par' dir='ltr' id='par_1_23' title="bbox 1169 2528 1314 2532">
     <span class='ocr_line' id='line_1_113' title="bbox 1169 2528 1314 2532; baseline 0 0"><span class='ocrx_word' id='word_1_807' title='bbox 1169 2528 1314 2532; x_wconf 95' lang='lat' dir='ltr'> </span> 
     </span>
    </p>
   </div>
   <div class='ocr_carea' id='block_1_21' title="bbox 1112 2576 1631 2608">
    <p class='ocr_par' dir='ltr' id='par_1_24' title="bbox 1112 2576 1631 2608">
     <span class='ocr_line' id='line_1_114' title="bbox 1112 2576 1631 2608; baseline -0.002 -7"><span class='ocrx_word' id='word_1_808' title='bbox 1112 2580 1157 2608; x_wconf 64' lang='lat'>34)</span> <span class='ocrx_word' id='word_1_809' title='bbox 1175 2576 1284 2608; x_wconf 84' lang='lat' dir='ltr'>impulit]</span> <span class='ocrx_word' id='word_1_810' title='bbox 1306 2577 1378 2602; x_wconf 87' lang='lat' dir='ltr'>Editt.</span> <span class='ocrx_word' id='word_1_811' title='bbox 1396 2578 1416 2600; x_wconf 86' lang='lat'>1.</span> <span class='ocrx_word' id='word_1_812' title='bbox 1438 2577 1459 2600; x_wconf 77' lang='lat'>2.</span> <span class='ocrx_word' id='word_1_813' title='bbox 1478 2577 1501 2600; x_wconf 84' lang='lat'>9.</span> <span class='ocrx_word' id='word_1_814' title='bbox 1521 2576 1631 2606; x_wconf 81' lang='lat' dir='ltr'>impulsit</span> 
     </span>
    </p>
   </div>
  </div>
 </body>
</html>
