2358 2933
110 100 174 132 913

110 192 239 224 Deinde
272 191 399 222 accedit
435 189 599 222 difficilior
633 193 794 232 quaestio,
828 201 901 222 cum
935 200 989 221 res
1013 191 1085 230 ipsa

110 235 271 276 loquatur,
301 232 392 264 nulla
422 234 556 273 imperia
589 240 748 274 perpetua
782 243 858 264 esse
892 238 924 263 et
946 242 1084 274 magnas

109 278 260 310 accidere
283 276 425 306 omnium
448 277 593 316 gentium
617 276 864 317 dissipationes,
886 275 941 305 ubi
954 285 1084 305 mansu-

108 331 145 351 ra
173 320 215 349 sit
237 317 390 349 Ecclesia
408 317 471 348 Dei
504 319 536 348 in
564 318 628 349 hoe
651 319 783 349 mundo.
827 317 916 347 Vidit
940 327 1010 347 eam
1034 317 1083 347 lo-

107 371 210 393 annes
234 360 368 400 Ephesi,
403 359 566 401 Smyrnae
598 366 630 391 et
657 360 780 398 100153)
815 359 942 390 vicinis.
988 359 1083 389 Nunc

107 405 140 434 in
158 403 272 433 iisdem
295 401 379 432 locis
404 404 510 433 onmia
533 401 630 442 plena
653 408 729 433 sunt
746 401 893 432 Turcicis
916 400 1082 432 furoribus

107 445 336 476 damnantibus
360 444 595 486 Evangelium,
624 455 686 475 nec
713 445 811 475 sedes
836 443 902 474 ulla
924 450 1083 484 perpetua

107 494 158 519 est
180 486 350 518 Ecclesiae
383 486 445 517 Dei
474 488 507 517 in
539 487 603 517 hac
636 485 766 517 mortali
787 487 865 517 w'ta.
911 486 1082 516 Adversus

106 530 168 561 has
192 529 404 570 quaestiones
428 529 528 559 firmis
548 535 579 559 et
591 527 771 559 illustribus
784 529 977 559 testimoniis
990 528 1082 559 Deus

105 573 177 613 ipse
197 582 258 601 nos
282 572 432 609 munivit,
455 582 495 601 30
516 571 654 612 primum
678 580 754 601 esse
777 569 918 611 aliquem
942 576 1081 609 coetum,

106 624 203 655 quem
225 613 350 654 diligat,
375 620 467 644 curet
490 619 520 643 et
543 614 684 643 aeternis
708 614 803 643 bonis
827 619 1003 643 ornaturus
1027 614 1080 650 sit,

105 657 176 697 ipse
200 655 385 686 manifestis
408 654 573 686 miraculis
597 654 797 692 declaravit,
831 656 873 685 ad
898 665 981 696 quae
1005 666 1081 686 ocu-

105 698 157 728 los
177 697 369 734 reseramus,
393 704 428 728 ut
450 707 511 728 nos
536 697 777 734 confirmemus,
797 698 839 728 ad
862 699 1082 728 servationem

104 740 176 771 Noe
199 741 231 770 in
255 739 386 777 diluvio,
420 740 462 770 ad
491 740 695 770 eductionem
717 738 829 780 populi
853 750 894 770 ex
916 740 1081 780 Aegypto,

104 783 147 813 ad
168 783 357 813 missionem
380 788 411 812 et
434 780 523 812 facta
546 781 801 822 Prophetarum,
833 783 874 812 ad
903 783 1081 813 restitutio-

104 834 178 856 nem
211 830 413 855 mortuorum
445 823 565 854 factam
599 834 618 854 a
652 823 805 861 Christo,
839 824 1013 864 Prophetis
1047 831 1079 855 et

105 866 290 907 Apostolis.
335 866 427 897 Haec
457 867 565 896 omnia
599 872 763 896 testantur
793 876 868 897 esse
892 872 1022 897 coetum
1045 865 1081 896 11-

102 907 170 939 1001
187 908 260 939 Βο0
286 918 403 945 curae,
440 909 491 939 cui
515 907 711 939 exhibentur
733 907 816 939 11300
840 910 1017 945 beneficia,
1049 915 1080 939 et

102 950 210 981 Deum
244 960 322 982 vere
345 949 409 981 illis
433 951 552 981 adesse
576 956 607 981 et
629 949 730 981 multa
753 961 853 992 agere
876 957 1009 992 praeter
1029 961 1080 981 or-

103 993 210 1023 dinem
233 998 265 1023 et
288 998 409 1023 motum
440 993 658 1023 secundarum
694 1003 895 1024 caussarum.
940 993 1001 1023 Est
1024 993 1081 1034 igi-

102 1040 154 1066 tur
176 1034 287 1075 aliqua
309 1033 461 1065 Ecclesia
473 1034 547 1071 Dei,
571 1045 633 1066 nec
652 1040 753 1065 totum
776 1046 881 1077 genus
904 1035 1080 1066 humanum

102 1077 144 1107 ad
177 1077 338 1107 interitum
367 1082 397 1107 et
421 1083 613 1116 praesentes
636 1078 784 1108 miserias
808 1088 847 1108 ac
870 1079 961 1108 vices
982 1083 1081 1108 mate-

102 1120 171 1149 riae
193 1119 359 1159 pereuntis
385 1119 550 1149 conditum
574 1125 642 1156 est,
665 1126 699 1150 ut
724 1130 819 1158 poma
845 1126 899 1150 aut
922 1121 1080 1160 pecudeS,

102 1171 239 1202 quarum
269 1162 404 1191 materia
433 1163 496 1191 ruit
520 1161 669 1198 subinde.
695 1161 790 1192 aliam
814 1160 953 1192 formam
971 1163 1004 1192 in
1027 1161 1078 1191 his

101 1204 230 1234 vicibus
254 1204 503 1244 generationum
527 1209 558 1233 et
582 1205 825 1243 corruptionum
845 1204 994 1234 induens.
1024 1203 1078 1233 Et-

102 1246 129 1275 si
152 1255 233 1276 vero
253 1244 340 1275 oculi
358 1246 469 1275 vident
491 1245 633 1275 1101113113
658 1255 797 1285 001Ῥο1·3
821 1255 907 1276 nunc
931 1244 1078 1276 similiter

102 1287 245 1317 obnoxia
269 1296 344 1316 esse
366 1288 474 1323 morti,
498 1293 606 1317 tamen
629 1286 683 1316 illa
707 1286 867 1317 miracula
891 1293 921 1317 et
934 1288 1077 1318 resusci-

101 1329 178 1360 tatio
202 1335 405 1359 mortuorum
422 1334 584 1359 testantur
602 1328 776 1359 humanum
801 1339 906 1370 genus
930 1329 1023 1360 aliter
1046 1336 1075 1360 et

100 1371 143 1402 ad
164 1370 247 1401 alios
271 1370 354 1400 fines
378 1371 544 1401 conditum
568 1380 660 1407 055ος
683 1371 733 1401 Αο
757 1370 929 1402 Ecclesiae
952 1370 1076 1412 patefa-

102 1419 156 1444 cta
182 1419 234 1443 est
260 1413 353 1453 origo
372 1412 538 1443 hominum
563 1418 594 1443 et
618 1423 738 1443 caussa
761 1415 874 1444 mortis
894 1420 924 1444 et
948 1415 1076 1444 restitu-

101 1456 145 1485 tio
168 1455 299 1485 humani
324 1455 467 1496 generis.

187 1496 278 1527 Haec
307 1498 456 1527 doctrina
486 1496 636 1527 humanis
662 1497 867 1537 opinionibus
891 1504 923 1527 et
946 1496 1011 1528 illis
1036 1499 1076 1528 de

100 1539 235 1570 materia
268 1539 549 1578 speculationibus
579 1540 776 1579 opponenda
799 1545 866 1577 est,
900 1545 930 1569 et
954 1541 1077 1581 cogite-

102 1592 174 1612 mus
210 1591 276 1612 non
310 1582 417 1611 minus
451 1580 645 1611 beneficium
668 1581 730 1611 Dei
754 1591 846 1619 esse,
882 1582 970 1623 quod
1000 1592 1076 1613 sese

100 1622 253 1663 patefecit
277 1623 421 1654 humano
445 1624 558 1664 generi
581 1630 646 1653 tam
670 1623 779 1654 multis
804 1630 835 1654 et
857 1630 922 1655 tam
944 1623 1077 1655 illustri·

99 1667 163 1696 bus
196 1666 412 1702 testimoniis,
458 1676 554 1706 quam
583 1667 687 1706 ipsam
720 1676 827 1697 rerum
865 1668 1076 1697 creationem.

102 1708 296 1748 Quanquam
330 1714 436 1739 autem
465 1709 620 1738 assiduae
644 1714 675 1738 et
698 1718 837 1749 magnae
861 1715 937 1739 sunt
959 1719 1076 1750 regno-

101 1760 173 1781 rum
195 1751 319 1788 ruinae,
353 1756 462 1780 tamen
486 1760 672 1780 mansuram
696 1760 773 1781 esse
797 1751 859 1781 Dei
882 1750 1076 1789 Ecclesiam,

102 1794 245 1823 sciamus
281 1802 320 1822 ex
350 1793 430 1832 ipsis
454 1792 517 1822 Dei
535 1793 738 1822 testimoniis.
783 1793 827 1823 Ut
850 1793 935 1824 hanc
960 1804 1077 1824 conso·-

100 1834 254 1865 lationem
287 1841 475 1866 teneamus,
508 1834 587 1865 utile
620 1840 670 1865 est
702 1833 823 1875 aliquid
852 1836 893 1866 tle
916 1835 1076 1867 electione

101 1887 161 1908 seu
179 1877 220 1906 de
241 1877 542 1916 praedestinatione
564 1878 765 1917 praecipere.
778 1880 806 1911 ⁴)

187 1918 338 1949 Christus
361 1920 463 1959 inquit
485 1919 575 1949 Ioan.
602 1919 650 1949 10.
675 1922 737 1956 [vs.
761 1920 827 1958 27]
870 1920 961 1951 Oves
984 1930 1076 1951 meae

103 1971 217 1992 vocem
235 1971 339 1991 meam
363 1962 508 1999 audiimt,
533 1968 563 1991 et
584 1972 647 2002 ego
670 1964 746 1993 novi
759 1972 828 2000 eas,
852 1969 883 1992 et
896 1969 1076 2003 sequuntur

101 2014 162 2040 me,
186 2010 217 2034 et
236 2013 299 2045 ego
322 2005 421 2034 vitam
440 2010 607 2034 aeternam
630 2004 672 2034 do
697 2005 763 2042 eis,
788 2011 819 2035 et
837 2015 902 2036 non
924 2006 1075 2046 peribunt

102 2046 133 2076 in
157 2052 342 2083 aeternum,
366 2052 397 2076 et
419 2056 515 2077 nemo
538 2047 641 2086 rapiet
665 2056 721 2076 eas
746 2048 786 2077 de
809 2048 959 2078 manibus
982 2049 1074 2078 meis.

101 2087 141 2118 Et
164 2087 247 2128 Eph.
280 2088 307 2117 l.
340 2091 402 2125 ivs.
425 2089 471 2126 4.]
497 2088 629 2119 dicitur:
663 2088 771 2130 Elegit.
800 2100 860 2120 1105
884 2091 915 2121 111
941 2089 1074 2121 Christo

101 2136 177 2161 ante
211 2131 408 2160 creationem
441 2131 562 2161 mundi.
606 2130 648 2161 Et
679 2132 709 2161 2.
743 2131 823 2162 Tim.
857 2133 887 2163 ⁶2.
924 2136 988 2171 [vs.
1010 2133 1073 2172 19.]

101 2173 359 2203 Fundamentum
371 2172 434 2203 Dei
457 2178 521 2203 stat
544 2173 678 2204 firmiter
695 2173 822 2205 habens
842 2174 905 2206 hoc
917 2174 1072 2216 sigillum,

101 2215 199 2246 Novit
221 2214 383 2245 Dominus
406 2225 496 2246 suoS.

187 2257 345 2288 Mansura
379 2263 429 2288 est
458 2258 557 2298 igitur
589 2267 718 2299 semper
751 2258 860 2300 aliqua
894 2259 1073 2291 electomm

100 2299 265 2336 Ecclesia,
296 2310 393 2340 quam
416 2299 508 2331 Deus
531 2299 719 2331 mirabiliter
741 2302 837 2333 etiam
867 2303 898 2333 in
922 2302 986 2333 hac
1005 2303 1071 2333 vita

101 2348 227 2380 servat,
246 2341 389 2372 defendit
409 2348 441 2373 et
459 2343 636 2383 gubernat,
671 2344 755 2375 sicut
776 2344 839 2376 les.
862 2345 914 2375 46.
945 2348 1029 2383 [vss.
1053 2345 1073 2376 3

100 2468 129 2498 3)
147 2469 219 2500 locis]
240 2469 314 2496 Editt.
333 2471 354 2495 1.
373 2470 395 2494 3.
414 2471 438 2494 in
449 2470 509 2495 loeis

99 2520 128 2548 4)
146 2520 311 2552 praecipere]
331 2521 403 2546 Editt.
425 2522 497 2546 1—9.
518 2522 556 2546 12.
569 2522 662 2547 dicere.

253 2579 398 2597 MELANTH.
413 2579 494 2598 open.
510 2580 572 2600 voL.
588 2580 645 2599 xxl.

581 99 605 129 1.
628 98 731 130 LOCI
752 97 1032 130 THEOLOGlCI:
1051 97 1093 129 D.
1117 97 1278 129 TERTIA
1300 98 1456 129 EORUM
1480 98 1636 132 AETAS.

2044 101 2108 132 914

1127 194 1190 231 sq.]
1216 191 1347 221 dicitur:
1367 190 1545 222 Portamini
1567 193 1601 222 in
1631 197 1725 223 utero
1760 202 1849 229 mec,
1873 194 2047 233 gestamini
2072 195 2104 224 in

1126 243 1199 264 mea
1229 232 1316 270 alvo,
1328 235 1357 273 ⁵)
1387 244 1492 274 usque
1520 235 1562 264 ad
1591 242 1758 266 senectam
1793 244 1857 276 ego
1886 236 2041 274 portabo,
2071 237 2104 266 id

1127 281 1189 311 est,
1213 276 1309 305 etiam
1332 275 1452 306 ultimis
1476 277 1669 308 tristissimis
1694 279 1897 318 temporibus
1922 287 1985 319 ego
2010 288 2105 308 sene-

1126 323 1272 348 scentem
1295 316 1479 348 Ecclesiam
1511 320 1668 358 portabo,
1703 329 1766 350 etro
1800 318 1874 357 feci,
1905 329 1968 361 ego
1991 318 2104 358 feram,

1127 369 1189 400 ego
1224 361 1364 400 gestabo
1388 366 1418 391 et
1442 359 1580 391 salvabo
1604 368 1666 392 etc.
1712 360 1846 392 'lalibus
1870 363 2041 392 sententiis
2065 373 2105 393 ac

1126 402 1398 442 promissionibus
1428 401 1638 433 consolemur
1656 414 1737 441 nos,
1772 415 1845 434 cum
1868 406 1899 434 in
1918 404 1968 434 his
1990 403 2105 436 confu-

1126 444 1272 474 sionibus
1307 450 1337 474 et
1371 445 1472 475 ruinis
1506 445 1714 485 imperiorum
1749 445 1882 477 solliciti
1906 448 2105 488 quaerimus,

1126 487 1180 517 ubi
1199 496 1354 516 mansura
1373 487 1415 516 sit
1437 486 1599 517 Ecclesia.

1212 528 1350 567 Semper
1383 535 1491 559 autem
1525 529 1723 569 disputatum
1747 538 1796 561 est
1828 531 1867 561 de
1891 541 2013 562 caussa
2037 530 2104 561 ele-

1127 571 1254 600 ctionis.
1300 570 1391 601 Sicut
1414 569 1534 601 fratres
1559 572 1642 610 duo,
1677 572 1758 603 Cain
1778 579 1807 603 et
1833 572 1936 610 Abel,
1961 574 2105 613 disputa-

1126 618 1212 649 runt,
1248 622 1307 642 cur
1340 611 1435 643 alteri
1468 612 1634 653 praelatus
1664 615 1723 649 sit3
1766 614 1985 655 Disputarunt
2018 616 2105 646 idem

1124 654 1215 684 Esau
1238 660 1269 685 et
1291 654 1400 685 Iacob.
1440 655 1491 685 Ac
1513 654 1706 697 plerumque
1729 656 1773 693 hi,
1794 658 1848 698 qui
1871 657 1950 687 nihil
1968 658 2031 688 nisi
2055 668 2105 688 ra-

1124 697 1222 727 tionis
1241 702 1297 727 aut
1317 695 1401 738 legis
1421 698 1602 728 doctrinam
1623 706 1754 735 norunt,
1776 700 1923 741 cogitant
1946 706 1980 730 ut
1999 701 2040 730 de
2058 700 2103 730 iu·

1125 739 1196 769 dice
1219 738 1374 777 humano,
1409 749 1562 770 caussam
1597 740 1766 772 electionis
1801 741 1908 783 legem
1943 751 2020 773 esse
2043 752 2104 773 seu

1124 787 1239 811 nostra
1263 782 1376 812 merita
1400 788 1430 812 et
1450 783 1650 823 dignitatem.
1696 784 1751 814 Sic
1777 784 1886 815 Iudaei
1909 785 2103 822 sentiebant,

1124 823 1171 853 sic
1206 824 1410 864 scripserunt
1443 824 1594 865 plerique
1619 826 1837 857 Sententiarii.
1885 826 1952 857 Sed
1974 837 2036 858 nos
2060 833 2105 857 te-

1123 875 1259 896 neamus
1283 866 1343 896 has
1367 872 1436 897 tres
1456 866 1670 908 hypotheses.

1208 907 1317 938 Prima
1340 914 1404 939 est:
1430 909 1501 940 Nec
1524 919 1564 940 ex
1587 912 1712 941 ratione
1735 921 1796 941 nec
1816 922 1854 941 ex
1874 910 1948 953 lege
1960 912 2105 942 iudican-

1125 950 1200 980 dum
1224 956 1273 980 est
1297 951 1338 981 de
1358 949 1531 988 electione,
1551 953 1610 983 sed
1634 963 1674 983 ex
1697 952 1890 994 Evangelio.

1210 992 1326 1023 Altera
1355 998 1422 1023 est:
1467 994 1568 1025 Totus
1592 1005 1748 1026 numerus
1773 995 2006 1026 salvandorum
2028 1006 2104 1036 pro-

1123 1039 1195 1074 pter
1219 1034 1388 1065 Christum
1422 1035 1548 1067 electus
1580 1043 1640 1068 est.
1688 1038 1798 1072 Quare
1817 1039 1879 1068 nisi
1904 1037 2104 1078 complecta·

1122 1087 1194 1106 mur
1227 1078 1427 1118 agnitionem
1461 1078 1603 1116 Christi,
1638 1090 1704 1110 non
1733 1086 1844 1120 potest
1878 1080 1918 1111 de
1942 1080 2104 1112 electione

1124 1118 1198 1148 dici.

1207 1160 1317 1191 Tertia
1340 1167 1406 1191 est:
1429 1162 1504 1192 Non
1528 1162 1624 1194 aliam
1648 1164 1902 1201 iustificationis,
1926 1163 2021 1195 aliam
2038 1164 2104 1196 ele-

1122 1202 1238 1232 ctionis
1251 1212 1403 1233 caussam
1422 1214 1628 1244 quaeramus⁴
1664 1205 1742 1237 Ideo
1762 1206 1879 1236 Petrus
1893 1214 1944 1237 est
1964 1206 2103 1245 electus,

1121 1244 1197 1284 quia
1221 1250 1271 1275 est
1294 1246 1474 1276 membrum
1493 1246 1626 1284 Christi,
1650 1249 1735 1278 sicut
1759 1249 1832 1279 ideo
1857 1250 1962 1279 iustus
1986 1255 2047 1287 est,
2071 1251 2103 1281 id

1121 1292 1181 1318 est,
1212 1286 1285 1316 Deo
1319 1286 1468 1327 placens,
1503 1290 1578 1329 quia
1611 1289 1675 1320 fide
1705 1288 1812 1320 factus
1843 1298 1893 1321 est
1922 1293 2102 1323 membrum

1121 1327 1255 1359 Christi.
1301 1328 1345 1359 Ut
1368 1330 1477 1370 igitur,
1513 1341 1586 1362 cum
1610 1332 1650 1362 de
1674 1332 1905 1364 iustificatione
1928 1332 2102 1374 loquimur,

1120 1371 1160 1401 ab
1184 1370 1367 1412 Evangelio
1403 1382 1462 1403 seu
1494 1374 1660 1414 agnitione
1694 1376 1787 1405 vocis
1810 1375 1983 1417 Evangelii
2018 1377 2102 1407 ordi-

1120 1423 1211 1449 mur3
1246 1414 1294 1443 510
1319 1414 1359 1444 de
1378 1412 1540 1446 electione
1564 1416 1680 1447 dicturi
1705 1416 1961 1457 complectamur
1983 1429 2102 1450 vocem

1119 1454 1301 1495 Evangelii.
1348 1455 1405 1486 Sic
1427 1458 1522 1487 nobis
1546 1458 1755 1490 iudicandum
1780 1466 1841 1497 est,
1861 1461 1915 1501 qui
1939 1472 1958 1491 a
1978 1460 2099 1492 Christi

1119 1498 1288 1538 agnitione
1311 1503 1342 1528 et
1364 1497 1548 1540 Evangelio
1573 1502 1672 1532 ordiri
1697 1502 1867 1533 debemus.

1206 1539 1411 1574 Quaeramus
1432 1551 1512 1582 ergo
1536 1544 1800 1582 promissionem,
1819 1546 1851 1574 in
1871 1555 1934 1585 qua
1948 1544 2100 1576 volunta-

1119 1587 1183 1612 tem
1224 1592 1316 1612 suam
1345 1585 1509 1622 expressit
1542 1584 1654 1622 Deus,
1689 1592 1721 1616 et
1755 1588 1900 1618 sciamus
1930 1598 1996 1618 11011
2026 1598 2101 1619 esse

1119 1623 1216 1654 aliam
1245 1623 1446 1655 voluntatem
1475 1628 1695 1666 quaerendam
1720 1629 1760 1659 de
1783 1631 1889 1669 gratia
1913 1636 2005 1660 extra
2028 1641 2101 1661 ver-

1120 1667 1206 1702 bum,
1231 1667 1290 1697 sed
1313 1668 1499 1698 mandatum
1511 1668 1575 1699 Dei
1599 1670 1797 1701 immutabile
1821 1682 1908 1709 esse,
1933 1678 1968 1703 ut
1991 1674 2100 1703 audia-

1119 1718 1192 1738 mus
1227 1708 1355 1746 Filium,
1390 1711 1475 1740 sicut
1510 1712 1602 1741 dixit:
1638 1712 1733 1743 Hunc
1757 1714 1877 1744 audite.
1924 1714 2015 1745 Haec
2033 1725 2099 1745 vox

1118 1752 1356 1790 promissiones
1391 1763 1505 1783 omnes
1542 1753 1778 1794 complectitur.
1836 1756 1885 1787 Sit
1908 1757 2006 1797 igitur
2029 1757 2099 1788 infi—

1119 1803 1195 1823 xum
1229 1794 1356 1831 animis,
1391 1801 1421 1824 et
1457 1796 1488 1825 in
1524 1797 1712 1837 quotidiana
1736 1798 1944 1829 invocatione
1967 1810 2098 1840 semper

1120 1836 1284 1875 cogitetur
1324 1837 1512 1868 mandatum
1546 1838 1608 1869 Dei
1639 1846 1807 1870 aeternum
1837 1848 1867 1871 et
1898 1842 2097 1873 immutabile

1119 1887 1205 1915 esse,
1239 1885 1273 1908 ut
1306 1880 1516 1918 promissioni
1550 1882 1676 1922 gratiae
1706 1884 1892 1921 credamus,
1927 1894 2011 1924 quae
2047 1891 2098 1916 est

1119 1930 1246 1950 summa
1275 1920 1462 1962 Evangelii,
1491 1924 1575 1954 sicut
1609 1931 1768 1964 perpetuo
1793 1936 1959 1956 consensu
1978 1927 2098 1958 docent

1119 1961 1317 2002 Prophetae,
1332 1962 1484 1995 Christus
1504 1972 1534 1995 et
1548 1966 1714 2005 Apostoli,
1735 1974 1767 1998 ut
1792 1968 1882 1999 loan.
1902 1969 1932 1999 3.
1953 1973 2016 2007 [vs.
2032 1970 2095 2007 16.]

1119 2005 1250 2035 dicitur:
1275 2005 1331 2036 Sic
1350 2005 1443 2037 Deus
1468 2006 1582 2038 dilexit
1610 2010 1782 2047 mundum,
1805 2017 1839 2041 ut
1862 2010 1977 2042 Filium
2001 2022 2096 2043 suum

1118 2047 1319 2088 unigenitum
1350 2049 1491 2086 dederit,
1525 2056 1560 2081 ut
1593 2052 1717 2089 omnis,
1751 2053 1805 2092 qui
1830 2054 1931 2083 credit
1954 2055 1987 2084 in
2011 2064 2096 2092 eum,

1118 2099 1184 2119 non
1207 2096 1330 2129 pereat.
1368 2091 1409 2121 Et
1428 2092 1518 2122 loan.
1541 2093 1571 2122 6.
1597 2097 1659 2131 [vs.
1671 2094 1736 2132 4Ο.]
1762 2094 1852 2126 Haec
1871 2102 1922 2126 est
1940 2096 2096 2128 voluntas

1117 2131 1237 2169 Patris,
1260 2139 1295 2163 ut
1314 2134 1430 2172 01111115,
1454 2135 1508 2175 qui
1532 2137 1634 2167 credit
1652 2137 1684 2167 in
1703 2135 1828 2175 Filium,
1851 2138 1975 2169 habeat
1997 2140 2096 2170 vitam

1116 2180 1294 2207 aeternam.

1202 2217 1354 2258 Denique
1388 2217 1470 2249 haec
1503 2221 1637 2261 propria
1673 2228 1703 2251 et
1738 2223 1915 2263 praecipua
1948 2233 2014 2254 vox
2045 2230 2094 2255 est

1115 2258 1296 2300 Evangelii.
1342 2259 1385 2291 Ut
1417 2268 1524 2292 autem
1547 2263 1748 2303 praedicatio
1772 2266 1991 2304 poenitentiae
2026 2267 2093 2296 uni-

1115 2301 1255 2332 versalis
1281 2308 1331 2332 est
1354 2308 1386 2333 et
1404 2313 1517 2334 omnes
1541 2306 1658 2346 arguit,
1677 2312 1711 2336 ut
1733 2306 1827 2338 Rom.
1851 2308 1881 2338 3.
1906 2307 1994 2339 clare
2017 2309 2093 2339 dici-

1115 2350 1186 2380 tur;
1209 2345 1253 2375 ita
1271 2350 1303 2375 et
1321 2346 1496 2385 promissio
1521 2348 1646 2388 gratiae
1670 2354 1719 2379 est
1738 2349 1948 2388 universalis,
1967 2350 2093 2382 01111111-

1114 2490 1143 2519 5)
1161 2491 1186 2515 in
1198 2496 1255 2515 mea
1265 2490 1334 2521 alvo]
1351 2491 1423 2515 Editt.
1440 2492 1479 2516 18.
1500 2492 1540 2514 20.
1560 2492 1600 2515 22.
1620 2493 1736 2522 24—34.,
1755 2494 1826 2525 Coi-p.
1846 2495 1925 2525 1-8,,
1944 2497 2005 2527 opp.
2027 2498 2049 2521 1.
2069 2498 2084 2520 2

1182 2525 1207 2549 in
1226 2530 1283 2549 meo
1302 2525 1374 2551 alvo:
1392 2525 1464 2550 Editt.
1485 2526 1590 2551 15—17.
1610 2527 1650 2550 21.
1669 2528 1694 2552 in
1713 2529 1770 2553 alvo
1788 2535 1846 2553 meo

1889 2579 1920 2602 53
