2358 2933
88 121 152 152 909

88 215 243 245 universa
280 213 464 244 obedientia
496 212 571 244 Deo
606 214 729 250 debita,
770 219 801 244 et
834 213 1062 243 discernantur

88 257 158 287 veri
183 255 288 287 cultus
311 256 352 285 ab
377 256 665 286 observationibus
688 254 848 285 humanis.

176 297 324 329 Clament
349 296 402 327 alii
427 298 467 328 de
492 298 684 328 ceremoniis
705 297 944 328 Canonicarum
967 297 1063 326 satis-

87 339 278 376 factionum,
302 346 458 380 quantum
480 339 604 378 volent,
627 346 736 370 tamen
760 339 854 376 11366,
878 348 962 379 quae
987 339 1063 376 dixi,

87 392 177 420 vera,
200 382 385 422 perspicua,
411 382 503 412 firma
527 388 558 413 et
576 383 638 422 piis
662 380 752 412 utilia
770 386 845 411 sunt
859 381 933 411 etin
947 380 1062 411 Eccle-

87 425 137 455 sia
155 434 257 464 saepe
279 425 505 464 proponenda.

172 466 243 496 Nec
266 475 328 507 ego
354 467 470 507 ignoro
494 467 606 507 quaeri
628 475 716 496 nunc
740 465 852 495 varios
872 471 1061 505 praetextus

87 509 129 539 ad
163 506 388 539 defensionem
412 510 480 539 eius
505 508 720 539 ceremoniae.
767 506 955 547 Sophistica
979 508 1063 537 enim

86 550 209 581 infinita
243 556 303 581 est.
349 549 506 593 Allegant
530 550 745 591 Cypiianum,
780 550 834 590 qui
857 550 897 580 de
921 558 1063 579 censura

85 592 240 634 loquitur,
265 603 348 634 quae
372 600 442 624 erat
465 603 535 623 mos
558 591 723 633 politieuS,
743 592 784 623 ad
797 589 977 632 exemplum
990 601 1063 631 per-

87 636 206 672 tinens,
240 646 306 665 non
329 636 371 666 ad
394 636 618 665 remissionem
642 640 866 674 peecatorum.
912 633 1062 674 Denique

86 678 257 718 opiniones
291 677 528 708 Monachorum
568 677 607 707 de
642 677 908 716 compensatione
940 686 1062 717 poena-

85 730 157 750 rum
187 720 367 760 purgatorii
403 726 464 750 etc.
498 719 642 750 nondum
672 725 767 749 natae
791 724 884 749 erant
908 717 1062 759 Cypriani

85 769 242 801 tempore.

173 804 311 839 Quidam
352 804 551 834 contendunt
587 802 851 834 Satisfaetionem
885 803 1062 844 castigato-

84 847 167 877 riam
186 846 387 877 retinendam
407 856 493 884 esse,
512 847 595 877 516111
614 847 774 883 incestum
793 846 965 886 castigavit
978 844 1062 875 Pau-

84 888 148 919 lus.
181 887 231 918 Ea
254 889 426 929 castigatio
452 894 520 919 erat
544 889 846 925 excommunicatio,
870 897 964 928 quae,
989 897 1061 917 cum

85 930 121 961 fit
140 939 219 960 vero
238 931 368 968 iudicio,
392 937 443 961 est
467 941 568 972 grave
592 930 724 967 fulmen,
750 931 838 961 addit
857 931 942 960 enim
965 929 1060 960 Deus

84 982 223 1014 11061135,
245 979 281 1003 111
303 973 460 1013 scriptum
484 980 534 1003 est
555 972 692 1011 [Genes.
709 973 758 1009 1⁵2,
782 972 844 1011 3.]:
866 970 1060 1003 Maledicam

83 1013 354 1046 maledicentibus
386 1016 453 1046 tibi.
498 1015 611 1046 Toties
645 1021 753 1046 autem
785 1015 922 1045 diximus
949 1020 1060 1045 contu-

84 1066 195 1088 maees
225 1059 558 1088 excommunicatione
592 1057 757 1088 feriendos
792 1067 877 1088 esse.
924 1056 958 1087 Si
992 1055 1060 1087 vult

84 1098 237 1130 Ecclesia
260 1100 356 1130 etiam
379 1099 516 1140 exempli
548 1110 668 1131 caussa
692 1110 764 1130 cum
788 1099 928 1140 quadam
951 1099 1059 1140 gravi-

84 1147 152 1172 tate
175 1148 206 1173 et
229 1142 453 1173 moderatione
471 1143 593 1173 addere
612 1148 723 1173 notam
741 1143 773 1172 in
797 1142 989 1182 recipiendis
1012 1140 1059 1171 la-

83 1183 164 1224 psis,
189 1183 264 1214 talis
287 1194 359 1215 mos
383 1195 447 1215 non
470 1186 682 1225 improbatur,
701 1185 798 1215 modo
816 1194 880 1215 non
900 1184 1059 1214 miscean-

84 1234 138 1256 tur
160 1227 331 1267 opiniones
355 1227 395 1257 de
420 1228 696 1267 compensatione.
725 1226 796 1256 Nec
819 1225 963 1267 fingatur
986 1235 1058 1256 mos

84 1267 140 1299 ille
163 1269 373 1299 necessarius
398 1278 474 1299 esse
496 1275 630 1309 propter
661 1269 959 1308 compensationem
982 1278 1059 1307 poe-

83 1320 198 1341 narum
221 1316 428 1341 aeternarum
453 1318 508 1342 aut
522 1311 719 1352 Purgatorii,
739 1311 823 1341 sicut
846 1309 922 1341 olim
945 1320 1059 1351 super-

83 1352 251 1384 stitutione
270 1353 351 1383 ritus
375 1352 635 1384 satisfactionum
659 1359 842 1384 creverunt.

170 1394 335 1425 obiiciunt
348 1396 530 1426 adversarii
553 1395 635 1426 11366
658 1402 867 1437 argumenta:
892 1395 983 1425 Sicut
1002 1395 1059 1425 mi-

83 1437 284 1467 sericordiae
306 1435 368 1467 Dei
406 1444 456 1468 651
486 1438 650 1468 remittere
680 1444 828 1478 peccata,
853 1438 900 1467 sic
919 1438 1059 1468 iustitiae

83 1486 134 1510 est
156 1479 282 1519 punire.
318 1479 467 1511 Necesse
490 1487 539 1511 651
562 1481 659 1522 igitur
681 1480 751 1510 fieri
774 1480 1059 1511 commutationem

82 1531 274 1562 poenarum,
310 1522 395 1552 sicut
429 1533 494 1553 11011
529 1523 652 1553 remisit
676 1522 769 1553 Adae
793 1528 824 1552 et
847 1522 966 1553 Davidi
989 1523 1060 1552 51116

81 1573 199 1604 poena.
244 1563 461 1603 Respondeo:
496 1565 619 1595 Verum
653 1572 703 1595 651
733 1565 945 1595 antecedens.
1000 1564 1058 1594 Est

82 1607 226 1638 iustitiae
248 1606 312 1636 Dei
334 1608 460 1647 punire,
485 1614 516 1638 et
537 1606 727 1648 principalis
745 1617 852 1648 poena
870 1618 909 1638 ae
922 1605 1058 1647 placans

82 1650 162 1680 iram
184 1648 246 1679 Dei
279 1648 439 1680 translata
474 1656 524 1681 est
557 1651 590 1680 in
614 1649 737 1681 Filium.
783 1649 910 1680 Deinde
928 1650 960 1679 in
983 1659 1059 1680 con-

82 1692 189 1722 versis
223 1691 320 1722 6113111
354 1691 583 1723 universaliter
611 1694 702 1733 punit
731 1692 823 1722 Deus
857 1698 994 1732 peecata
1026 1692 1058 1722 in

83 1734 289 1771 contritione,
314 1734 397 1765 sicut
421 1735 521 1775 inquit
545 1734 706 1766 Ezechias
730 1735 803 1772 [les.
827 1734 880 1772 38,
901 1734 964 1773 13.]
990 1733 1059 1765 Sic-

81 1781 117 1806 ut
149 1775 201 1807 leo
232 1777 383 1807 contrivit
417 1778 525 1808 onmia
560 1788 638 1808 ossa
672 1788 754 1808 mea.
800 1776 861 1807 Hic
899 1775 993 1807 dolor
1025 1777 1056 1806 in

82 1818 199 1856 Adam,
234 1819 266 1849 in
289 1819 419 1850 Davide
454 1826 485 1850 et
519 1819 590 1850 aliis
624 1821 684 1860 piis
719 1819 820 1850 multo
855 1820 963 1850 acrior
997 1826 1058 1857 est,

83 1871 180 1901 quam
204 1871 294 1891 mors
318 1862 401 1901 ipsa,
444 1862 571 1892 Deinde
594 1863 683 1902 punit
704 1869 734 1893 et
758 1861 917 1902 pleraque
940 1861 1057 1893 (1611613

83 1904 182 1934 certis
206 1904 320 1943 poenis
345 1906 585 1944 praesentibus.
610 1914 710 1944 saepe
734 1911 840 1935 tamen
865 1905 962 1934 etiam
984 1914 1058 1944 par—

83 1947 138 1982 611,
163 1955 224 1975 1166
248 1956 361 1976 omnes
384 1956 509 1986 poenas
534 1947 714 1987 exequitur.
759 1947 842 1977 Nam
866 1945 948 1977 haec
971 1946 1057 1977 infir-

83 1998 134 2018 ma
157 1994 274 2018 natura
296 1994 418 2019 tantam
442 1990 522 2019 iram
552 1990 715 2019 sustinere
734 1999 799 2019 11011
819 1996 939 2029 potest,
974 1990 1057 2019 sicut

83 2030 199 2060 dicitur
213 2030 280 2067 [Ps.
291 2030 432 2069 129‚3.]:
447 2030 481 2061 Si
493 2032 680 2072 iniquitates
695 2031 1056 2069 observaveris,Domi-

82 2082 135 2108 ne„-
149 2072 221 2112 quis
229 2073 401 2104 sustinebit
412 2073 426 2104 *ἔ
437 2073 479 2103 Et
487 2073 576 2104 Psal.
591 2073 641 2103 77.
657 2076 720 2112 [vs.
731 2074 794 2111 :381
809 2073 847 2104 Et
862 2085 928 2104 non
942 2084 1057 2105 accen-

83 2115 129 2145 dit
141 2124 269 2145 omnem
281 2116 361 2146 iram
375 2125 477 2146 suam.
497 2115 572 2146 Ideo
585 2116 740 2156 promittit
755 2117 990 2158 mitigationem
1001 2117 1057 2147 ha-

82 2167 154 2188 rum
184 2167 364 2196 poenarum
387 2158 562 2199 agentibus
585 2159 827 2198 poenitentiam.
872 2158 951 2190 Vult
973 2160 1059 2190 enim

82 2209 148 2229 non
181 2200 292 2230 subito
328 2201 470 2241 extingui
502 2200 670 2238 homines,
704 2202 764 2232 sed
786 2212 918 2232 manere
942 2201 1057 2233 Eccle-

83 2242 165 2272 siam
199 2248 230 2272 et
263 2241 382 2273 multos
418 2253 493 2273 esse
528 2243 666 2274 idoneos
694 2244 736 2274 ad
759 2243 891 2275 labores
916 2245 1002 2275 vitae
1027 2251 1058 2275 61

82 2282 256 2315 Ecclesiae
279 2287 500 2316 necessarios.
532 2284 640 2316 Parcit
663 2286 761 2327 igitur
783 2285 904 2324 111111115,
927 2293 960 2317 111
972 2286 1057 2318 113116

83 2324 227 2356 111111113111
250 2327 394 2358 tolerare
413 2328 551 2368 possint.

170 2368 335 2401 Obiieiunt
355 2377 386 2400 61
410 2369 506 2401 illud:
532 2370 566 2401 Si
585 2380 647 2401 nos
670 2372 731 2411 ipsi
749 2372 978 2410 indic-aremus,
990 2383 1057 2402 non

83 2411 310 2443 iudicaremur.
355 2413 404 2443 Ne
438 2414 536 2454 igitur
560 2413 653 2443 Deus
688 2414 838 2455 castiget,
868 2421 958 2445 recte
980 2413 1058 2445 facit

82 2451 236 2484 Ecclesia
270 2455 441 2495 imponens
472 2465 608 2495 poenas,
644 2462 677 2485 ut
711 2462 896 2487 antevertat
919 2457 1056 2488 divinas.

83 2494 155 2525 Hoc
178 2504 416 2538 argumentum,
440 2509 514 2528 611111
536 2499 577 2528 511
597 2499 887 2539 speciosissimum,
922 2498 1058 2542 diligen·
1100 2518 1145 2549 99)
1165 2518 1197 2542 ad
1216 2519 1380 2550 simplicium]
1413 2519 1486 2544 Edist-

564 2540 647 2571 Nam
670 2540 723 2571 hie
745 2541 777 2571 in
801 2551 836 2572 re
858 2543 1000 2573 maxima
1023 2542 1056 2573 fit
1077 2561 1080 2574 t

82 2543 131 2567 ter
161 2539 433 2571 considerandum
458 2546 519 2571 651.

562 122 584 151 1.
608 120 708 152 LOCl
731 118 1005 151 THEOLOGICI:
1028 120 1070 151 D.
1094 120 1253 152 TERTIA
1275 118 1432 151 EORUM
1453 119 1609 150 AETAS.

2020 123 2082 154 910

1107 214 1245 255 insignis
1270 212 1418 244 confusio
1438 212 1663 254 hypocriticae
1685 218 1717 243 et
1730 222 1828 244 verae
1844 214 2080 254 castigationis.

1107 255 1203 287 Pauli
1232 255 1352 286 dictum
1387 254 1540 286 salutaris
1576 255 1726 286 doctrina
1756 261 1787 286 et
1812 254 1995 287 consolatio
2020 264 2081 296 est,

1107 307 1146 329 ac
1169 297 1313 338 loquitur
1337 298 1376 328 de
1400 303 1468 328 tota
1491 298 1705 337 poenitentia:
1729 297 1764 328 Si
1778 308 1838 328 nos
1851 299 2081 336 iudicaremus,

1107 341 1139 369 id
1163 346 1224 376 651,
1244 341 1272 370 51
1295 349 1356 370 1105
1379 340 1440 379 ipsi
1454 349 1691 370 accusaremus
1703 345 1735 370 et
1749 341 1986 382 castigaremus
2000 352 2080 372 vero

1108 381 1220 412 dolore
1228 388 1259 412 et
1268 387 1547 419 converteremur,
1553 391 1618 412 non
1627 383 1838 413 obrueremur
1845 385 1962 423 poenis
1970 394 1988 414 a
1997 383 2079 414 Deo.

1108 424 1199 455 Sicut
1219 424 1397 454 sententiae
1416 434 1517 464 supra
1538 424 1656 454 citatae
1669 424 1997 464 docentpoenitentia
2010 426 2080 457 tolli

1107 465 1160 496 vel
1173 467 1314 507 mitigari
1325 476 1460 506 poenas.
1485 465 1547 496 les.
1573 466 1601 495 l.
1625 465 1665 496 Et
1689 465 1757 497 10151
1779 468 1809 496 2.
1834 468 1974 507 [vs.13.]
1996 468 2081 499 Con-

1107 509 1269 539 vertimini
1291 509 1334 539 ad
1346 508 1532 545 Dominum,
1556 508 1630 548 quia
1655 509 1759 539 bonus
1784 516 1834 539 est
1860 516 1892 540 et
1914 512 2081 542 remittens

1107 560 1258 591 poenam.
1305 550 1346 580 Et
1369 549 1452 581 aliae
1475 549 1599 580 similes
1619 552 1809 581 sententiae.
1855 551 1896 582 Et
1919 560 2007 583 recte
2030 563 2080 584 se-

1108 593 1233 633 quiturz
1280 591 1473 633 Castigante
1496 591 1646 623 Ecclesia
1668 594 1809 634 mitigari
1832 595 2080 636 castigationem

1107 636 1256 666 divinam.
1303 634 1370 665 Sed
1403 634 1487 665 haec
1521 645 1586 665 non
1620 635 1843 676 intelligantur
1876 636 2080 677 hypocritice

1107 678 1147 708 de
1180 677 1387 714 ceremoniis,
1421 677 1481 707 sed
1515 677 1556 707 de
1585 686 1665 707 vero
1699 678 1876 709 ministerio
1899 678 2080 718 Ecclesiae,

1108 730 1191 760 quae
1213 720 1443 759 poenitentiam
1468 720 1619 760 proponit
1638 730 1704 750 non
1727 721 1758 750 in
1783 723 1988 759 ceremoniis,
2022 724 2080 754 sed

1106 763 1138 792 in
1174 762 1392 792 conversione
1411 762 1453 792 ad
1475 761 1594 792 Deum.
1640 762 1702 793 Est
1724 763 1822 804 igitur
1839 773 1919 794 vera
1939 766 2080 805 castiga-

1107 805 1164 841 tio,
1188 814 1285 834 verus
1310 803 1405 834 dolor
1429 805 1538 834 cordis
1564 810 1594 835 et
1618 814 1744 835 morum
1767 806 1960 837 emendatio.
2006 807 2079 838 Non

1107 853 1157 877 est
1176 845 1400 886 spectaculum
1424 847 1504 877 certi
1527 848 1608 877 ritus
1632 848 1809 888 excogitati
1827 849 1868 878 ab
1882 847 2079 887 hominibus.

1105 895 1142 920 ut
1181 888 1312 919 fuerunt
1347 888 1540 928 spectacula
1573 888 1845 921 satisfactionum.
1908 890 2080 923 Ecclesiae

1105 932 1317 962 ministerium
1340 930 1510 971 spirituale
1533 938 1593 969 est,
1613 938 1644 963 et
1668 932 1709 963 de
1729 934 1946 964 conversione
1970 935 2078 965 cordis

1105 974 1147 1004 ad
1158 973 1275 1011 Deum,
1299 974 1339 1004 de
1362 983 1441 1003 vero
1465 972 1591 1009 dolore,
1616 975 1655 1005 de
1678 985 1757 1005 vera
1778 977 1990 1007 renovatione
2015 978 2078 1016 spi-

1105 1015 1214 1047 rituali
1248 1017 1474 1046 eoncionatur.
1527 1016 1617 1047 Haec
1647 1024 1812 1048 merentur
1846 1019 2079 1060 mitigationem

1103 1068 1297 1099 poenarumg
1343 1064 1391 1088 est
1415 1058 1499 1088 enim
1521 1057 1629 1089 cultus
1652 1058 1725 1090 Deo
1748 1059 1893 1099 placens.
1938 1061 2007 1092 Nec
2027 1072 2079 1092 ve-

1104 1112 1140 1131 ro
1176 1101 1415 1142 castigationes
1447 1106 1503 1131 aut
1525 1099 1593 1131 ulla
1617 1111 1717 1141 opera
1741 1103 1810 1132 sine
1833 1101 1903 1133 aliis
1934 1105 2079 1143 partibus

1103 1144 1340 1183 poenitentiae,
1375 1144 1407 1173 id
1441 1150 1509 1180 est,
1541 1144 1611 1173 sine
1645 1144 1841 1175 contritione
1865 1152 1895 1175 et
1920 1147 1991 1176 sine
2014 1147 2079 1176 fide

1103 1192 1269 1216 merentur
1281 1186 1525 1225 mitigationem,
1547 1186 1625 1225 quia
1637 1196 1737 1226 opera
1750 1187 1820 1217 sine
1832 1187 1949 1218 timore
1962 1195 1993 1219 et
2006 1190 2079 1220 sine

1104 1227 1168 1258 fide
1187 1238 1252 1258 11011
1271 1234 1347 1257 511111
1365 1226 1473 1258 61111115
1485 1227 1558 1265 Dei,
1577 1229 1784 1268 quantumvis
1802 1227 1973 1270 splendida
1991 1238 2076 1262 sunt.

1103 1270 1187 1300 Nam
1210 1269 1263 1300 lex
1287 1269 1350 1299 Dei
1373 1270 1413 1300 de
1436 1270 1536 1300 corde
1559 1271 1717 1310 praecipit
1741 1271 1853 1309 [Deut.
1878 1272 1909 1309 6,
1932 1272 1995 1311 5.]t
2020 1273 2076 1304 Di-

1103 1311 1187 1353 ligas
1211 1312 1387 1342 Dominum
1406 1312 1512 1342 Deum
1535 1319 1625 1343 tuum
1648 1323 1687 1343 ex
1712 1319 1781 1344 toto
1807 1315 1907 1346 corde
1931 1322 1991 1346 etc.
2036 1315 2077 1347 Et

1103 1355 1197 1385 Rom.
1218 1355 1247 1385 7.
1273 1358 1335 1392 [vs.
1350 1354 1395 1393 6.]
1421 1355 1556 1385 dicitur:
1582 1355 1771 1386 Serviamus
1794 1357 1827 1387 in
1849 1358 1994 1388 novitate
2014 1360 2076 1398 spi-

1104 1398 1196 1434 ritus,
1216 1408 1281 1427 non
1305 1398 1336 1427 in
1359 1404 1522 1428 vetustate
1545 1396 1670 1435 literae,
1695 1398 1728 1428 id
1751 1405 1812 1436 est,
1836 1410 1914 1431 vera
1940 1411 2076 1432 conver-

1103 1441 1196 1470 sione
1216 1440 1324 1469 cordis
1347 1440 1389 1470 ad
1408 1439 1526 1477 Deum,
1556 1450 1622 1470 non
1646 1441 1788 1471 externis
1811 1448 1935 1473 tantum
1958 1441 2076 1474 officiis

1104 1488 1134 1513 et
1158 1483 1284 1512 ritibus.
1330 1481 1514 1523 Diligenter
1538 1492 1618 1523 ergo
1638 1483 1670 1513 in
1694 1482 1758 1513 hoc
1781 1483 1856 1515 loco
1880 1486 2077 1516 observetur

1102 1524 1185 1555 haec
1220 1523 1382 1561 confusio,
1415 1525 1503 1565 quod
1524 1535 1584 1565 pro
1607 1535 1684 1555 vera
1709 1527 1937 1567 castigatione,
1960 1528 1992 1558 id
2016 1536 2075 1565 651,

1102 1568 1281 1608 integraffi)
1315 1568 1514 1607 poenitentia
1547 1574 1734 1606 proponunt
1767 1570 1926 1607 umbram,
1950 1570 2076 1601 scilicet

1103 1616 1256 1640 externas
1291 1610 1494 1640 ceremonias
1530 1608 1812 1649 satisfactionum,
1847 1622 1920 1643 cum
1957 1613 2076 1644 dictum

1102 1651 1206 1689 Pauli,
1239 1652 1274 1682 Si
1307 1662 1369 1682 nos
1402 1652 1619 1683 iudicaremus
1643 1658 1704 1683 etc.
1728 1652 1928 1685 transferunt
1949 1656 1992 1686 ad
2014 1665 2075 1686 sua

1102 1693 1295 1735 spectacula
1329 1692 1600 1725 satisfactionum.
1645 1694 1770 1736 Estque
1789 1694 1921 1727 fallacia
1944 1708 1964 1727 a
1987 1698 2074 1728 dieto

1102 1738 1282 1768 seeundum
1302 1737 1378 1777 quid
1400 1737 1443 1767 ad
1473 1735 1671 1778 simpliciter,
1691 1740 1733 1777 9⁹)
1762 1739 1850 1769 iuxta
1873 1739 2073 1780 exemplum:

1100 1779 1161 1810 Est
1183 1779 1280 1809 homo
1303 1780 1427 1820 pictus,
1463 1789 1542 1820 ergo
1573 1785 1623 1810 est
1645 1779 1759 1818 1101110,
1793 1781 1848 1812 ubi
1877 1783 1992 1813 umbra
2013 1793 2074 1823 pro

1101 1823 1200 1853 rebus
1224 1822 1417 1852 ostenditur.

1188 1864 1314 1894 Ornant
1348 1862 1593 1895 satisfactiones
1629 1870 1661 1895 61
1682 1865 1775 1896 1111110
1798 1866 2073 1898 mortificationis:

1102 1917 1175 1937 cum
1198 1912 1410 1947 praeceptum
1440 1907 1482 1937 sit
1510 1907 1551 1938 de
1574 1907 1824 1939 mortificatione
1844 1911 1964 1947 earnis,
1986 1916 2075 1940 reete

1102 1950 1281 1990 (inquitult)
1305 1948 1459 1980 Ecclesia
1492 1949 1625 1990 imponit
1658 1949 1785 1990 aliquas
1809 1952 2074 1983 mortificationes

1100 1992 1274 2032 agentibus
1298 1993 1542 2031 poenitentiam.
1570 1992 1630 2023 Hic
1652 1992 1770 2023 iteruin
1789 1994 1983 2025 admonendi
1997 2002 2072 2025 sunt

1100 2035 1154 2075 pii,
1187 2040 1221 2064 ut
1254 2034 1443 2064 discernant
1475 2033 1666 2075 hypocrisin
1688 2045 1748 2066 seu
1771 2046 1870 2076 opera
1892 2037 2034 2067 indebita
2057 2048 2075 2068 a

1101 2076 1351 2107 mortificatione
1373 2077 1492 2108 debita.
1537 2077 1748 2108 Mortificatio
1767 2088 1833 2108 non
1852 2078 2003 2110 simulata
2027 2086 2077 2110 est

1101 2126 1155 2150 aut
1190 2128 1289 2149 verus
1325 2118 1420 2150 dolor
1454 2120 1485 2149 in
1509 2121 1704 2151 contritione
1727 2126 1782 2151 aut
1804 2121 1959 2160 patientia
1979 2124 2076 2152 susti-

1099 2172 1182 2192 nens
1206 2171 1304 2192 veras
1328 2160 1538 2199 afflictiones,
1561 2168 1596 2193 ut
1624 2162 1733 2193 David
1756 2163 1948 2204 obiurgatus
1968 2175 1985 2194 a
2010 2165 2074 2194 Na-

1099 2204 1188 2242 than,
1212 2214 1285 2235 cum
1304 2214 1382 2234 vere
1406 2205 1595 2245 expavisset
1617 2205 1782 2245 agnitione
1805 2206 1872 2236 irae
1884 2205 1947 2237 Dei
1970 2213 2001 2237 et
2025 2217 2076 2238 es-

1101 2253 1150 2277 set
1175 2248 1205 2277 in
1236 2256 1316 2277 vero
1340 2245 1471 2282 dolore;
1516 2246 1596 2277 Item
1625 2247 1742 2278 deinde
1765 2259 1838 2279 cum
1861 2247 2075 2286 6313111113165,

1100 2300 1185 2330 (11136
1208 2294 1343 2320 56611136
1366 2295 1451 2326 511111,
1474 2288 1646 2329 perferret,
1677 2290 1830 2321 sustinuit
1853 2291 2075 2323 mortificatio-

1099 2342 1184 2369 nem,
1219 2332 1259 2362 (16
1293 2341 1357 2372 (1113
1380 2332 1496 2362 dicitur
1519 2331 1549 2361 2.
1574 2331 1651 2363 Cor.
1670 2332 1701 2363 4.
1726 2334 1789 2370 [vs.
1815 2333 1878 2372 10.]
1924 2333 2075 2375 Undique

1099 2468 1145 2497 98)
1164 2467 1273 2499 integra]
1295 2468 1368 2493 Editt.
1388 2468 1428 2492 22.
1451 2469 1492 2491 ⁴24.
1513 2469 1622 2492 28—34.
1642 2470 1666 2494 in
1686 2471 1785 2500 integra

1185 2552 1200 2576 't
1508 2519 1548 2542 26.
1570 2520 1621 2545 27..
1639 2521 1711 2551 Corp.
1736 2522 1804 2546 1-8,
1823 2521 1856 2547 ad
1875 2522 1967 2547 dimum
1981 2522 2076 2552 simpu-

1169 2559 1189 2576 et
1203 2558 1238 2580 er,
