2358 2933
108 137 171 168 500

109 228 244 270 legitur,
272 226 427 268 populum
444 223 550 256 fuisse
573 230 811 266 congregatum
833 224 875 254 ad
898 223 1084 265 eligendum

108 270 320 312 Episcopum,
343 274 442 308 atque
464 268 509 297 ibi
532 268 572 297 ab
597 268 748 298 omnibus
771 266 911 297 electum
935 272 967 297 et
986 276 1084 307 expe-

110 313 202 343 titum
235 320 311 342 esse
346 310 567 340 Ambrosium.
611 310 651 340 Et
687 310 728 339 de
760 308 945 339 Athanasio
979 309 1083 348 inquit

110 354 293 395 Gregorius
311 352 560 382 Nazianzenus:
582 350 653 382 oiim)
671 355 725 390 μὲν
742 353 793 381 καὶ
811 350 861 380 διὰ
872 352 979 387 ταῦτα,
1002 351 1091 392 ψήφῳ

109 398 158 427 τσῦ
177 396 247 425 λαοῦ
258 394 377 431 παντὸς,
396 394 427 423 οὐ
438 393 514 423 κατὰ
527 394 576 423 τὸν
588 392 705 434 ὕστερον
716 392 1007 433 ιἰκὴσαιτα·ποιἠρὸν
1020 392 1084 433 τρό-

109 451 173 474 πον,
198 437 262 467 οὐδὲ
280 437 408 476 comedis
430 448 459 466 τε
483 439 538 466 καὶ·
557 436 749 477 τυραννικῶς,
778 434 854 464 ἀλλά
879 434 1084 469 ἀποστολικῶς

107 492 140 511 τε
160 482 211 510 καὶ
238 480 455 517 πνευματικῶς,
487 481 536 508 ἐπὶ
564 478 614 508 τὸν
642 477 770 518 Μάρκου
798 476 907 517 θρόνον
936 476 1083 515 ἀνάγεται.

109 522 200 553 Haec
223 521 362 561 collegi,
391 530 457 550 non
480 526 516 551 ut
539 520 703 550 ordinaria
724 524 873 558 potestas
898 525 1084 549 contemna-

108 571 175 602 tur,
205 565 265 594 sed
295 569 330 594 ut
359 562 580 603 intelligamus
610 563 659 591 ius
682 560 874 598 Ecclesiae,
903 571 975 591 cum
1000 570 1084 600 opus

113 613 175 638 est.
203 606 287 636 Nam
309 605 373 635 hoc
396 605 446 635 ius
470 605 567 635 etiam
590 604 752 643 scriptura
770 604 881 633 tribuit
900 602 1084 639 Ecclesiae,

108 648 181 679 cum
204 647 361 688 praecipit
385 647 425 677 de
447 646 587 677 xdtandis
610 647 714 686 impiis
738 646 928 675 doctoribus
953 644 1083 683 [Matth.

108 692 138 729 7,
164 690 246 727 15.]:
292 688 416 719 Cavete
438 698 457 718 a
479 688 788 728 pseudoprophetis.
834 687 914 717 Item
939 686 1027 726 [Gal.
1054 688 1083 724 1,

107 733 170 771 9.]:
207 731 242 762 Si
271 732 344 771 quis
375 729 464 761 aliud
486 729 702 771 Evangelium
725 728 1019 770 evangelizaverit,
1042 730 1084 759 sit

107 774 290 806 anathema.
336 772 490 803 Christus
523 772 593 802 mlt
625 783 785 803 summum
821 782 897 802 0550
931 772 1083 802 iudicium

108 815 292 852 Ecclesiae,
316 825 389 845 cum
411 815 455 845 ait
476 814 603 852 [Matth.
631 815 681 852 IS,
706 814 789 852 17.]:
812 814 876 844 Dic
898 813 1080 845 Ecclesiae.

195 857 277 888 Cum
300 858 397 898 igitur
418 856 540 887 habeat
559 855 712 887 Ecclesia
730 857 917 887 mandatum
936 857 1083 887 reiicien-

108 902 140 932 di
161 901 277 940 impios
301 900 469 935 doctores,
492 898 591 929 habet
615 900 710 929 etiam
733 899 920 929 mandatnm
942 898 1084 939 eligendi

108 945 216 974 bonos
237 943 411 976 doctores3
432 941 507 981 qnia
527 940 640 971 claves
659 941 821 981 pertinent
834 941 875 971 ad
887 940 1084 977 Ecclesiam,

107 987 197 1016 iuxta
218 983 306 1014 hunc
335 984 441 1023 ipsum
469 981 595 1013 locum:
642 983 704 1013 Dic
727 981 907 1012 Ecclesiae.
953 983 994 1012 Et
1016 983 1085 1012 ubi-

111 1036 240 1067 cunque
289 1031 338 1056 051
379 1024 550 1061 Εο010513,
590 1025 634 1054 ibi
668 1026 718 1056 ius
753 1030 805 1054 est
838 1025 1084 1055 administrandi

107 1067 290 1109 Evangelii.
344 1065 550 1106 Impossibile
585 1072 637 1096 est
671 1067 754 1097 enim
789 1065 974 1096 Ecclesiam
1008 1076 1085 1096 esse

107 1112 178 1142 sine
205 1107 405 1149 Evangelio,
435 1110 510 1139 item
541 1109 612 1138 sine
641 1108 834 1138 remissione
862 1114 1082 1148 peccatorum.

105 1153 183 1184 Ideo
213 1152 279 1182 hoc
309 1152 359 1181 ius
387 1151 554 1191 proprium
585 1156 634 1180 est
657 1149 846 1186 Ecclesiae3
891 1151 981 1180 iuxta
1003 1149 1085 1180 illud

106 1195 149 1233 [l.
173 1194 262 1225 Petr.
285 1194 317 1230 2,
336 1193 399 1231 9.]:
418 1193 490 1223 Vos
511 1193 590 1223 estis
611 1191 724 1232 regale
744 1192 982 1227 sacerdotium
1001 1202 1085 1232 quae

106 1237 208 1268 verba
235 1237 277 1266 ad
307 1245 419 1265 veram
444 1233 629 1265 Ecclesiam
659 1235 834 1274 pertinent.
884 1234 946 1265 Est
975 1241 1085 1264 31110111

106 1278 327 1310 sacerdotium
367 1278 417 1307 ius
457 1277 704 1306 administrandi
745 1275 927 1317 Evangelii.
1005 1276 1086 1306 110111

107 1321 191 1362 Eph.
225 1319 255 1349 4.
287 1321 349 1357 [vs.
380 1319 425 1357 8.]
457 1319 635 1356 Ascendit,
671 1319 757 1349 dedit
781 1319 867 1349 dona
890 1318 1085 1348 hominibus.

107 1363 148 1393 Et
176 1367 324 1392 numerat
354 1362 438 1391 inter
467 1362 553 1391 dona
575 1362 709 1401 propria
731 1360 904 1391 Ecclesiae
928 1361 1085 1391 Pastores

108 1411 140 1435 et
159 1405 331 1439 doctores-3
363 1409 396 1433 et
418 1404 506 1433 addit
530 1404 600 1433 dari
624 1402 707 1433 tales
731 1403 772 1433 ad
795 1404 1020 1439 ministerium,
1044 1403 1085 1433 ad

107 1446 365 1477 aedificationem
389 1446 536 1485 corporis
562 1444 696 1482 Christi,
720 1446 762 1476 ad
781 1446 990 1475 instruendos
1011 1455 1086 1475 5311-

108 1495 192 1519 ctos.

192 1530 257 1560 Ubi
287 1531 385 1569 igitur
413 1536 462 1559 est
492 1540 573 1560 vera
601 1528 770 1566 Ecclesia,
800 1530 844 1560 ibi
871 1539 1012 1560 necesse
1036 1534 1086 1559 est

111 1574 160 1603 ius
190 1582 266 1602 esse
295 1571 437 1612 eligendi
466 1572 645 1602 ministros.
690 1571 781 1601 Vera
803 1577 910 1602 autem
932 1562 1086 1601 Efflelesia

108 1621 169 1652 est,
205 1624 290 1655 quae
322 1613 421 1643 habet
454 1624 571 1654 purum
605 1614 741 1644 verbum
771 1613 853 1650 Deig
884 1615 973 1644 iuxta
1007 1612 1086 1644 illud

109 1656 193 1695 [loh.
220 1656 270 1692 10,
293 1656 377 1693 27.]τ
411 1655 500 1686 0105
530 1665 622 1686 111030
658 1665 774 1685 vocem
807 1666 913 1686 meam
942 1656 1086 1686 audiunt.

108 1699 199 1730 Haec
222 1699 320 1739 igitur
342 1699 392 1728 ius
416 1708 510 1728 51111111
534 1699 663 1734 retinet,
688 1698 813 1727 etiamsi
836 1699 908 1737 pios
932 1698 1085 1728 doctores

107 1742 152 1778 111,
176 1742 230 1781 (1111
253 1739 380 1771 titulum
404 1739 525 1770 habent
550 1740 734 1769 ordinariae
761 1741 952 1779 potestatis,
984 1739 1086 1770 nolint

107 1784 195 1820 dare,
232 1792 273 1822 qui
294 1791 458 1816 manifestam
476 1792 610 1816 veritatem
631 1791 760 1819 damnant,
780 1793 803 1815 et
824 1791 848 1814 in
867 1791 947 1815 bonos
968 1793 1087 1816 exercent

108 1835 249 1862 saevitiam,
273 1836 300 1858 ut
319 1834 459 1858 defendant
486 1833 663 1857 idololatriam.
697 1824 742 1863 61)
811 1823 961 1853 Christus
1003 1825 1087 1854 enim

108 1868 209 1898 vetuit
232 1865 417 1897 Ecclesiam
440 1866 578 1907 alligare
601 1866 643 1896 ad
667 1871 776 1897 certas
800 1876 962 1905 personas
980 1872 1011 1896 et
1029 1866 1087 1896 hu-

107 1920 235 1940 manam
269 1909 509 1945 auctoritatem,
544 1919 617 1938 cum
647 1909 748 1949 inquit
774 1907 901 1946 [Matth.
926 1908 978 1945 94,
1001 1908 1085 1946 23.]:

110 1951 192 1982 Cum
215 1952 371 1982 dixerint:
413 1951 505 1981 Ecce
527 1949 580 1980 hic
603 1956 665 1987 est,
689 1960 770 1981 ecce
793 1949 869 1987 illie,
892 1950 993 1981 nolite
1016 1961 1087 1981 cre-

110 1995 197 2024 dere.
243 1993 285 2024 Et
313 1994 401 2024 addit
433 1993 526 2030 [Luc.
552 1993 608 2030 17,
630 1993 715 2030 ⁴20.]:
761 1992 911 2033 Regnum
933 1992 996 2023 Dei
1019 2003 1086 2023 non

108 2038 197 2066 venit
232 2046 306 2066 cum
340 2035 583 2066 observatione.
629 2035 707 2065 Item
743 2034 872 2073 [Matth.
909 2035 964 2072 18,
997 2035 1084 2073 20.]:

108 2077 302 2118 Ubicunque
326 2078 389 2107 duo
414 2084 489 2107 sunt
513 2078 545 2107 in
568 2078 699 2107 nomine
718 2087 791 2107 meo
813 2079 1017 2118 congregati.
1040 2078 1084 2108 ibi

107 2130 179 2151 sum
202 2120 233 2150 in
255 2119 361 2150 medio
385 2130 508 2150 eorum.

437 2219 497 2250 DE
520 2219 746 2251 ECCLESIA.

193 2287 346 2320 Ecclesia
369 2289 465 2318 etiam
488 2288 520 2318 in
544 2288 714 2327 scripturis
733 2288 893 2319 interdum
913 2289 944 2318 in
964 2299 1084 2329 genere

111 2330 276 2371 significat
306 2331 598 2371 congregationem
625 2330 784 2367 omnium,
813 2331 866 2370 qui
889 2331 1085 2371 profitentur

111 2372 342 2414 Evangelium,
373 2378 404 2403 et
432 2382 498 2403 non
533 2378 608 2403 sunt
638 2373 926 2410 excommunicati,
960 2373 992 2403 in
1021 2383 1083 2413 qvo.

113 2517 157 2545 6¹)
176 2516 399 2574 tisuilqianiqeptam
413 2517 560 2574 0veritatem
580 2529 610 2533 -
630 2516 807 2541 idololatriam.
835 2514 948 2539 addunt
972 2515 1043 2539 Editt.
1063 2515 1085 2537 7.

198 2566 203 2571 .
257 2563 290 2567 —
343 2567 348 2572 .
369 2556 382 2574 e
432 2556 472 2580 pp.

551 133 574 163 1.
605 132 706 164 LOCl
728 131 1004 164 THEOLOGIGI:
1034 131 1072 163 C.
1095 131 1303 165 SECUNDA
1323 131 1480 164 EORUM
1502 131 1657 163 AETAS.

2037 127 2101 159 506

1128 226 1314 264 promiscue
1344 225 1422 255 boni
1453 230 1483 255 et
1512 223 1587 255 mali
1613 228 1704 254 sunt.
1757 221 1849 252 Sicut
1872 219 2029 261 scriptum
2051 226 2101 251 est

1129 266 1258 305 [Matth.
1285 267 1335 304 13,
1359 267 1442 305 Ἰ1’7.]ε
1488 265 1601 297 Simile
1625 271 1676 296 est
1699 272 1836 305 regnum
1858 261 2025 294 coelorum
2049 271 2101 292 sa-

1128 319 1234 350 genae
1268 310 1390 339 missae
1423 310 1454 339 in
1488 319 1588 339 mare.
1636 307 1761 338 Verum
1794 312 1844 336 est
1879 306 1963 335 enim
1996 303 2100 334 malos

1127 361 1193 380 non
1224 352 1522 381 excommunicatos
1561 350 1707 380 membra
1740 347 1912 379 Ecclesiae
1941 355 2018 377 0550
2051 356 2101 376 50-

1128 394 1269 423 01111(111111
1292 399 1460 423 externam
1482 392 1769 423 conversationem
1792 396 1823 420 et
1847 390 1943 430 signa
1966 389 2101 418 exterio-

1128 445 1173 465 ra.
1221 434 1288 465 Sed
1305 434 1458 465 Ecclesia
1480 434 1613 474 proprie
1638 439 1669 464 et
1691 431 1914 473 principaliter
1936 429 2100 471 significat

1129 479 1419 518 congregationem
1449 477 1625 512 iustorum,
1655 475 1709 516 qui
1739 484 1817 504 vere
1848 474 1986 505 credunt
2009 471 2101 502 Chri-

1128 524 1198 555 sto,
1229 524 1261 549 et
1288 518 1535 550 sanctificantur
1562 518 1678 557 spiritu
1701 516 1832 547 Christi.
1877 515 1987 555 Atque
2017 513 2101 544 haec

1127 559 1278 591 Ecclesia
1300 560 1399 591 habet
1422 566 1577 591 externas
1600 565 1714 595 110135,
1741 568 1857 598 purum
1880 558 2016 587 verbum
2039 555 2101 585 Dei

1128 608 1159 633 et
1192 602 1368 643 legitimum
1401 612 1497 633 usum
1525 601 1824 632 Sacramentorum.
1870 599 1925 629 Sic
1958 598 2102 638 loquitur

1128 645 1168 675 (10
1190 644 1343 675 Ecclesia
1367 644 1511 680 Paulus,
1545 654 1618 674 cum
1642 643 1745 683 inquit
1767 641 1850 682 Eph.
1880 641 1910 671 5.
1940 643 2002 677 [vs.
2031 639 2100 677 25]

1126 686 1277 717 Christus
1301 686 1413 718 dilexit
1434 685 1631 723 Ecclesiam,
1655 692 1685 715 01
1709 694 1745 715 50
1763 685 1869 724 ipsum
1887 683 2019 713 tradidit
2040 691 2101 721 pro

1127 739 1177 765 ea,
1200 735 1235 759 ut
1251 739 1322 759 eam
1345 728 1541 765 sanctificet,
1564 728 1724 758 mundans
1749 736 1819 756 eam
1841 724 1975 755 lavaero
1999 733 2102 764 aquae

1126 782 1184 811 per
1207 772 1353 809 verbum,
1376 777 1409 801 ut
1435 769 1555 801 efficiat
1579 781 1650 801 03111
1668 770 1729 799 sihi
1749 767 1941 810 gloriosam,
1959 776 2026 796 non
2044 765 2101 795 ha-

1128 815 1258 844 bentem
1285 813 1447 844 maculam
1477 822 1580 853 neque
1609 822 1723 852 rugam
1753 816 1816 841 etc.
1864 809 1955 839 Haec
1978 808 2101 838 descri-

1126 856 1192 896 ptio
1217 855 1444 896 complectitur
1475 861 1506 885 et
1528 855 1715 885 interiorem
1736 852 1969 893 proprietatem
1993 856 2024 880 et
2048 860 2101 880 ex-

1126 904 1238 928 ternas
1271 904 1379 928 notas.
1436 897 1489 928 De
1521 897 1676 928 interiore
1710 895 1910 935 proprietate
1944 892 2100 932 loquitur,

1128 951 1200 970 cum
1219 941 1283 970 ait:
1306 940 1351 970 Ut
1374 950 1445 970 eam
1468 938 1662 970 sanctificet.
1691 938 1731 968 Et
1756 937 1844 968 addit
1868 940 2019 966 externas
2042 943 2101 964 no-

1128 988 1195 1012 tas:
1219 982 1403 1012 Lavacrum
1427 988 1459 1012 et
1481 983 1629 1012 verbum.

1213 1023 1374 1055 Convenit
1401 1029 1433 1054 et
1457 1023 1616 1054 articulus
1642 1024 1676 1054 in
1699 1021 1858 1064 S3mbolo
1888 1022 1963 1054 111110
1986 1023 2103 1054 Εο010-

1128 1067 1212 1096 siae:
1238 1066 1346 1096 Credo
1371 1072 1518 1096 sanctam
1531 1065 1719 1097 Ecclesiam
1743 1064 1950 1102 catholicam,
1974 1071 2102 1096 sancto-

1127 1118 1198 1138 rum
1222 1109 1490 1139 communionem.
1535 1108 1571 1138 Id
1594 1114 1662 1138 est:
1687 1108 1794 1138 Credo
1818 1117 1893 1137 esse
1913 1118 2025 1138 veram
2047 1105 2103 1136 ali-

1128 1160 1225 1190 quam
1248 1149 1448 1187 Ecclesiam,
1483 1160 1567 1190 quae
1598 1151 1640 1180 sit
1667 1151 1880 1190 congregatio
1904 1156 2102 1180 sanctorum.

1127 1192 1267 1222 Additur
1290 1198 1399 1222 autem
1423 1191 1654 1233 catholica,⁶²)
1679 1198 1713 1223 ut
1737 1193 1778 1222 sit
1802 1191 1844 1222 ali
1868 1202 1910 1222 ua
1931 1198 2020 1222 nota.
2055 1190 2103 1220 Si-

1127 1234 1260 1275 gnificat
1284 1235 1367 1264 enim
1387 1235 1648 1265 consentientem
1671 1235 1711 1264 de
1728 1234 1864 1274 Evange
1878 1235 1920 1271 io,
1939 1233 2027 1274 quod
2045 1242 2104 1272 per

1128 1275 1312 1316 Apostolos
1344 1278 1496 1307 traditum
1520 1282 1581 1307 est.
1626 1276 1666 1306 Et
1696 1277 1744 1306 sic
1773 1275 1916 1306 excludit
1945 1276 2103 1306 haereses

1129 1325 1160 1348 et
1193 1317 1298 1348 falsas
1333 1320 1504 1360 opiniones
1539 1319 1580 1349 de
1614 1319 1826 1354 ceremoniis,
1870 1327 1911 1348 ne
1953 1323 2103 1357 putemus

1128 1360 1313 1391 Ecclesiam
1343 1361 1509 1402 alligatam
1539 1370 1615 1391 csse
1645 1361 1743 1391 certis
1766 1359 1850 1390 locis
1873 1365 1905 1390 et
1928 1360 2026 1390 certis
2051 1368 2104 1389 00-

1128 1404 1282 1433 remoniis
1307 1402 1468 1434 humanis.
1514 1403 1579 1433 Sed
1604 1402 1673 1433 vult
1696 1412 1758 1432 nos
1782 1403 1904 1432 sentire
1920 1400 2104 1432 Ecclesiam

1129 1455 1205 1475 esse
1235 1445 1446 1481 catholicam,
1481 1445 1545 1475 hoc
1580 1450 1645 1481 est,
1681 1445 1857 1475 convenire
1887 1444 1927 1474 de
1956 1444 2104 1474 doctrina

1128 1487 1317 1528 Evangelii,
1349 1488 1475 1518 etiamsi
1498 1498 1558 1527 per
1580 1494 1682 1518 totum
1701 1488 1813 1517 orbem
1838 1487 1988 1527 dispersa
2011 1486 2104 1517 dissi-

1129 1529 1222 1561 miles
1250 1530 1349 1560 habet
1379 1530 1542 1560 humanos
1571 1531 1662 1560 ritus.
1709 1529 1861 1570 Oportuit
1883 1536 1990 1560 autem
2017 1529 2104 1559 hunc

1129 1571 1301 1602 articulum
1330 1573 1407 1611 poni
1435 1573 1466 1602 in
1492 1571 1669 1613 Symbolo,
1698 1582 1740 1602 ne
1767 1573 1799 1602 in
1827 1573 1926 1602 tantis
1954 1572 2104 1602 humanis

1128 1615 1215 1644 vitiis
1245 1615 1511 1645 existimaremus
1527 1614 1713 1645 Ecclesiam
1741 1624 1880 1654 prorsus
1909 1625 1929 1645 a
1950 1614 2024 1644 Deo
2047 1615 2103 1644 ab·

1129 1657 1247 1686 iectam
1281 1666 1367 1686 esse.
1425 1657 1501 1687 Ideo
1535 1657 1699 1687 muniendi
1734 1663 1825 1687 erant
1859 1657 1955 1687 animi
1990 1662 2103 1686 contra

1129 1698 1194 1728 hoc
1217 1698 1421 1735 scandalum,
1444 1705 1478 1729 ut
1502 1700 1643 1729 sciamus
1669 1708 1799 1739 semper
1822 1709 1898 1729 esse
1920 1697 2103 1728 Ecclesiam

1130 1747 1159 1770 et
1188 1741 1426 1780 promissiones
1457 1742 1497 1771 de
1527 1742 1720 1771 remissione
1744 1746 1954 1781 peccatorum
1977 1746 2009 1770 et
2031 1739 2103 1770 aliis

1130 1782 1296 1812 beneficiis
1322 1782 1444 1813 Christi
1468 1793 1597 1824 semper
1620 1793 1753 1813 manere
1775 1789 1876 1814 ratas.
1910 1783 2000 1813 quta
2022 1781 2103 1812 illud

1131 1824 1260 1863 [Matth.
1283 1824 1337 1862 ⁴28,
1359 1825 1444 1863 20.]:
1469 1825 1541 1866 Ego
1565 1826 1734 1856 vobiscum
1753 1835 1824 1855 sum
1841 1835 1947 1866 usque
1965 1825 2006 1856 ad
2026 1835 2103 1855 0011-

1130 1868 1375 1897 summationem
1398 1867 1513 1898 seculi.
1558 1867 1667 1908 Atque
1688 1867 1772 1897 haec
1793 1868 1928 1907 insignis
1952 1866 2103 1898 consola-

1129 1912 1172 1940 tio
1198 1915 1249 1939 est
1273 1910 1374 1946 50110.
1399 1911 1486 1950 quod
1509 1909 1660 1940 Ecclesia
1683 1910 1725 1939 sit
1750 1908 1929 1947 catholica,
1951 1909 2015 1940 hoc
2039 1916 2100 1945 est.

1130 1962 1194 1981 non
1224 1950 1358 1993 alligata
1386 1953 1441 1982 uni
1470 1951 1544 1981 loco
1575 1958 1631 1982 aut
1654 1952 1752 1982 certis
1777 1953 1969 1982 ceremoniis
1991 1952 2101 1983 huma-

1128 1995 1191 2031 nis,
1215 1994 1273 2023 sed
1296 1994 1413 2034 spiritu
1436 1995 1672 2035 coniungamus
1695 2004 1757 2024 nos
1781 2004 1853 2024 cum
1876 1993 2027 2025 Ecclesia
2050 2005 2100 2025 or-

1131 2037 1179 2066 bis
1204 2042 1376 2073 terrarum,
1398 2038 1584 2077 ubicunque
1608 2042 1683 2067 sunt
1705 2037 1820 2066 sancti.

1215 2078 1283 2108 Sed
1312 2078 1388 2109 huic
1410 2077 1601 2116 Ecclesiae,
1629 2079 1661 2108 id
1692 2084 1758 2115 est,
1789 2079 1913 2109 sanctis
1942 2084 2018 2109 sunt
2045 2079 2100 2109 ad-

1128 2120 1216 2150 mixti
1239 2121 1271 2150 in
1295 2122 1414 2151 inundo
1439 2120 1527 2151 multi
1550 2121 1743 2162 hypocritae
1767 2126 1798 2150 et
1817 2119 1900 2150 mali.
1945 2120 1987 2150 Et
2004 2121 2100 2151 inter-

1129 2163 1203 2193 dum
1226 2163 1313 2202 impii
1336 2168 1446 2193 tenent
1470 2173 1608 2204 regnum
1632 2168 1798 2193 externum
1820 2162 1853 2192 in
1875 2161 2043 2200 Ecclesia,
2067 2169 2099 2193 01

1129 2206 1235 2235 bonos
1262 2211 1514 2246 persequuntur.
1560 2205 1637 2236 Ideo
1667 2206 1707 2235 de
1730 2203 1880 2234 Ecclesia
1902 2209 2013 2235 extant
2037 2205 2100 2236 dis-

1128 2246 1250 2277 similes
1270 2249 1471 2284 sententiaef.
1494 2254 1526 2277 et
1549 2257 1649 2288 saepe
1672 2248 1704 2276 in
1723 2247 1893 2286 scripturis
1912 2247 2100 2277 describun-

1128 2296 1180 2320 tur
1204 2291 1267 2320 duo
1293 2299 1450 2329 corpora:
1475 2289 1613 2320 alterum
1636 2298 1735 2319 verae
1750 2290 1792 2322 ⁶3)
1816 2287 1999 2325 Ecclesiae,
2023 2288 2100 2319 alte-

1128 2342 1198 2361 rum
1222 2331 1457 2372 hypocriticae,
1482 2342 1565 2372 quae
1589 2332 1673 2372 gerit
1696 2329 1817 2360 bellum
1841 2340 1914 2361 cum
1936 2341 2015 2361 vera
2037 2330 2100 2362 Ec-

1129 2373 1249 2409 clesia3
1285 2374 1367 2404 sicut
1392 2374 1500 2404 Iudaei
1526 2372 1708 2413 Prophetas
1737 2377 1770 2402 et
1798 2377 1915 2412 postea
1937 2371 2100 2403 Christum

1105 2482 1109 2486 ⁴
1129 2500 1174 2530 62)
1194 2500 1328 2529 catholica]
1346 2499 1418 2524 Editt.
1440 2500 1461 2521 7.
1483 2500 1505 2521 8.
1528 2499 1634 2523 11-14.
1653 2501 1677 2523 et
1697 2499 1769 2528 opu:
1790 2499 1943 2523 catholicam

1106 2545 1109 2576 ἰ
1129 2550 1175 2579 63)
1195 2549 1283 2579 verae]
1318 2550 1361 2574 Ed.
1384 2550 1420 2571 11.
1441 2551 1466 2573 et
1483 2549 1557 2578 opp-2
1583 2555 1642 2573 vere
