2358 2933
256 128 270 134 ⁴
862 125 968 155 PlllL.
993 125 1094 156 MEL.
1119 124 1304 156 SCRIPTA
1327 125 1601 159 DOGMATICA.

230 128 290 157 501

232 221 434 260 gistratunm.
487 220 566 248 Sunt
599 229 652 247 res
685 217 876 247 iudicandae
905 228 944 248 ex
974 219 1201 257 praesentibus

231 262 372 296 iegibus.

317 304 434 337 Quinta
459 301 583 342 regula.
626 300 839 341 Evangelium
862 301 945 332 adeo
969 310 1086 332 severe
1108 312 1202 342 prae—

231 348 258 377 ci
275 348 305 375 111
331 346 370 376 de
395 345 597 374 obedientia.
626 350 657 373 nt
683 343 798 373 doreat
824 351 993 383 pet-catum
1018 353 1094 374 esse
1117 354 1223 374 mor—¹

231 397 310 418 tae.
352 397 414 416 non
449 386 582 415 obedire
619 386 777 415 mandatis
812 386 1067 425 magistratuum.
1124 385 1201 416 ldeo

231 428 351 459 Paulus
380 429 477 468 inquit
510 427 614 464 [Rom.
644 427 691 458 13.
715 427 775 465 5.]:
811 428 958 458 Necesse
981 434 1030 459 est
1055 429 1201 465 obedire,
1222 461 1224 470 θ

230 482 292 501 non
321 470 426 500 solum
456 477 590 509 propter
619 471 715 501 iram.
750 470 807 500 sed
838 471 934 500 etiam
963 476 1094 511 propter
1124 481 1201 501 ron—

228 515 405 543 srientiam.
453 512 594 542 Primum
622 513 715 542 docet
749 523 823 543 esse
854 513 1076 543 necessarium
1106 523 1199 552 opus,

230 556 356 586 Deinde
380 563 410 585 ut
435 554 516 584 haec
540 556 722 584 necessitas
746 553 945 593 intelligatur
967 556 1007 585 dc
1031 556 1200 585 conscien-

229 599 289 628 tia.
324 608 387 627 non
421 604 541 626 tantum
572 597 611 626 de
642 598 756 636 poenis
787 597 953 627 civilibus.
985 598 1090 627 addit:
1127 598 1198 627 Non

229 648 349 670 tantum
374 646 506 679 propter
529 640 624 668 1111111.
655 640 684 668 111
717 646 783 673 est,
814 649 878 669 11011
911 646 1033 669 tantum
1064 646 1200 679 propter

228 693 364 722 poenam
384 679 599 720 corporalem.
619 692 682 721 qua
701 683 913 722 magistratus
930 681 1029 712 afficit
1050 692 1120 718 eos,
1146 682 1199 722 qui

227 736 291 755 non
305 725 541 763 obtemperant.
560 723 618 752 sed
638 731 771 763 propter
783 724 1034 759 ‹·onscientiam;
1057 723 1120 753 hoc
1138 730 1199 761 cst,

227 769 270 797 ita
285 774 333 797 est
348 766 535 796 necessaria
550 766 746 802 obedientia,
767 773 797 795 ut
814 767 844 795 in
859 765 920 797 his.
944 766 996 805 qui
1011 776 1076 795 11011
1090 766 1198 796 obedi-

227 816 294 845 11111,
318 819 373 838 rea
388 808 440 838 tiat
456 808 656 838 conscientia
671 818 781 837 coram
794 807 877 837 Deo.
913 808 994 837 Sunt
1008 807 1062 837 alii
1077 806 1198 837 similes

226 850 288 881 lori
319 850 408 880 11111111
439 851 469 879 111
501 850 687 888 scripturis,
722 850 781 879 sed
810 851 883 889 quia
913 848 994 880 haee
1020 860 1083 879 vox
1108 848 1199 879 Pauli

226 894 364 923 maxime
394 893 566 932 perspicua
597 898 662 928 est,
692 892 765 921 ideo
795 902 858 921 non
889 891 1004 921 addam
1029 892 1081 922 hic
1105 890 1199 931 plura

227 936 419 966 testimonia.
475 933 612 964 Tantum
646 934 829 964 admonebo
859 932 1064 964 Christianos
1097 933 1198 964 lecto-

226 989 290 1008 res.
314 984 346 1007 ut
370 976 596 1012 considerent,
619 986 716 1016 quam
739 977 883 1016 graviter
906 977 1027 1006 nmniat
1051 977 1199 1007 doctrina

225 1018 424 1060 Evangelica
443 1019 649 1048 autoritatem
668 1019 887 1058 imperiorum,
908 1029 979 1048 rum
999 1024 1064 1048 tam
1080 1028 1198 1048 severe

226 1064 266 1093 de
289 1062 471 1092 obedientia
502 1061 670 1100 praecipit.
716 1060 843 1091 Deinde
874 1061 1016 1091 studium
1045 1061 1197 1091 obedien-

226 1106 287 1135 tiae
317 1105 421 1134 maius
449 1104 478 1133 111
512 1104 605 1133 nobis
635 1114 710 1133 esse
741 1104 849 1140 debet,
883 1114 955 1133 cum
986 1102 1196 1143 intelligimus

226 1147 312 1177 haud
335 1147 429 1176 dubie
452 1156 577 1185 poenas
602 1144 673 1175 Deo
698 1145 832 1175 daturos
856 1156 932 1175 esse
955 1155 1024 1182 eos,
1054 1146 1107 1186 qui
1131 1156 1196 1175 non

225 1189 390 1220 obediunt.
409 1196 441 1218 ut
462 1188 599 1218 maxime
618 1194 728 1227 putent
747 1198 785 1217 se
804 1189 1051 1228 magistratiuun
1069 1188 1195 1218 iracun-

225 1232 309 1262 diam
332 1230 485 1261 clusuros
509 1240 596 1260 esse.

310 1273 437 1304 Deinde
462 1271 583 1303 Paulus
614 1282 678 1302 non
706 1271 811 1302 solum
841 1273 882 1302 110
909 1272 1053 1302 externis
1077 1270 1195 1302 officiis

224 1327 283 1347 seu
311 1316 494 1346 obedientia
524 1322 656 1345 externa
687 1315 915 1351 concionatur,
950 1315 1009 1344 sed
1038 1315 1132 1344 01111111
1156 1315 1196 1344 de

223 1359 319 1390 animi
350 1358 467 1388 iudicio
502 1367 541 1387 ac
577 1356 752 1387 voluntate.
804 1356 837 1387 ld
873 1367 951 1387 vero
986 1362 1196 1396 praeceptum

223 1400 355 1442 plemnn
382 1407 431 1430 cst
462 1410 533 1430 cum
561 1398 713 1440 politicae
744 1406 809 1429 tum
833 1398 1040 1429 Christianae
1068 1399 1196 1438 sapien-

224 1445 297 1474 tiae.
355 1443 496 1473 l’rimum
536 1443 619 1472 enim
658 1442 795 1471 maxime
834 1441 963 1481 expedit
997 1440 1196 1481 reipublicae

224 1487 322 1517 imbui
355 1486 481 1515 animos
515 1484 843 1514 honorificentissima
881 1484 1032 1523 opinione
1067 1484 1107 1513 de
1140 1484 1194 1513 im-

225 1529 341 1569 periis.
373 1529 413 1557 de
436 1526 580 1567 legibus,
609 1528 649 1557 de
672 1536 782 1557 amore
806 1526 946 1566 patriae,
968 1525 1033 1556 1100
1057 1531 1124 1563 est,
1155 1526 1195 1556 de

223 1571 422 1601 obedientia:
452 1571 533 1599 sicut
562 1579 663 1609 saepe
689 1570 806 1598 docent
828 1574 859 1598 et
878 1567 1038 1608 prophani
1057 1569 1195 1608 scripto-

224 1624 287 1643 res.
341 1612 406 1642 Sed
441 1612 555 1642 horum
591 1612 770 1641 sententias
804 1621 889 1641 nunc
923 1611 1046 1641 omitto.
1103 1609 1194 1641 Pauli

224 1657 341 1686 dictum
382 1661 504 1685 tantum
546 1654 806 1690 consideremus,
844 1653 933 1693 quod
967 1654 1195 1694 gravissimam

224 1699 365 1728 continet
389 1698 585 1727 doctrinam:
615 1697 701 1726 iubet
726 1697 810 1726 enim
834 1696 1045 1736 Magistratus
1069 1695 1194 1725 honore

222 1740 320 1771 assici.
361 1739 418 1769 Est
443 1746 550 1769 autem
575 1739 681 1769 honos
704 1748 767 1769 non
793 1744 913 1768 tantum
938 1744 1073 1768 externa
1095 1738 1195 1778 signi-

223 1784 330 1813 ficatio
361 1783 583 1818 reverentiae,
618 1782 677 1811 sed
708 1781 816 1811 verius
847 1781 942 1811 animi
977 1780 1128 1810 iudicium
1164 1786 1195 1809 et

223 1824 391 1861 voluntas,
414 1823 575 1861 videlicet,
600 1825 748 1863 primum,
772 1833 956 1864 agnoscere
979 1822 1194 1863 Magistratus

222 1879 239 1897 a
272 1866 344 1897 Deo
374 1867 540 1897 ordinatos
571 1876 647 1896 esse
678 1871 708 1896 et
737 1865 844 1895 Deum
873 1876 931 1905 per
961 1875 1019 1895 eos
1050 1865 1195 1906 ingentia

222 1909 380 1939 beneficia
410 1910 574 1949 impertire
603 1908 798 1939 hominibus.
844 1907 966 1938 Postea
991 1907 1088 1937 etiam
1112 1907 1193 1937 haee

224 1952 381 1982 110110110111
404 1950 595 1992 intelligere.
626 1960 751 1991 pacem.
776 1956 874 1980 totam
898 1948 1066 1990 politicam
1090 1950 1194 1980 socie-

223 2002 331 2030 tatem,
351 1993 445 2035 leges
465 1994 703 2034 coniugiorum,
723 1993 850 2029 iudicia,
874 1998 1076 2030 contractuS,
1100 1992 1194 2022 disci-

222 2036 351 2077 plinam.
397 2035 482 2066 Nihil
511 2037 595 2066 enim
626 2035 813 2075 pulchrius,
842 2033 920 2064 nihil
950 2033 1065 2065 melius
1095 2034 1195 2065 habet

221 2079 302 2109 haec
326 2078 507 2118 corporalis
532 2086 657 2113 natura,
684 2088 781 2118 qumn
803 2076 970 2118 politicum
994 2078 1139 2107 ordinem
1162 2082 1192 2106 et

222 2121 284 2151 hos
316 2127 429 2151 coetus
460 2121 622 2151 hominum
652 2121 789 2157 iustitia,
823 2120 983 2150 modestia
1013 2126 1045 2149 et
1075 2120 1193 2149 ceteris

222 2164 395 2193 virtutibus
414 2164 634 2193 consociatos.
664 2162 790 2192 Deinde
807 2168 941 2202 propter
956 2161 1063 2192 Deum
1082 2163 1193 2192 timere

222 2217 261 2236 ac
291 2204 425 2245 diligere
450 2205 680 2246 Magistratus,
710 2212 741 2235 et
771 2205 908 2241 sentire,
944 2206 1033 2244 quod
1060 2215 1119 2245 pro
1142 2204 1193 2234 his

224 2248 387 2278 beneficiis
412 2256 439 2277 ct
465 2247 537 2277 Deo
564 2255 592 2277 et
618 2248 863 2288 magistratibus
887 2247 1116 2288 gratitudinem
1140 2247 1194 2277 de-

224 2292 371 2320 beamus.
417 2290 487 2319 Hm·
518 2291 612 2320 animi
642 2291 792 2320 iudicium
817 2295 867 2319 est
891 2299 987 2319 verus
1003 2291 1046 2325 61)
1075 2289 1193 2325 1101105,

223 2333 275 2373 qui
299 2333 435 2362 debetur
458 2333 711 2372 magistratibus.
755 2331 927 2362 Postremo
950 2332 1120 2362 addendus
1144 2336 1193 2362 est

223 2382 252 2405 et
264 2377 306 2409 ⁶2)
325 2374 378 2405 1110
397 2374 513 2411 honos,
537 2376 663 2415 precari
682 2373 832 2405 videlicet
851 2384 912 2414 pro
932 2375 1193 2415 magistratibuS,

223 2503 268 2529 61)
294 2502 379 2532 verus]
402 2502 442 2526 Ed.
464 2503 501 2524 11.
522 2502 616 2531 typoth.
635 2508 735 2526 elrore:
757 2507 829 2526 veros

224 2553 268 2582 62)
295 2555 319 2577 et
339 2551 451 2576 excidit
471 2560 508 2575 01·
522 2553 562 2577 Ε11.
587 2553 623 2575 ll.
643 2555 667 2576 et
687 2553 747 2582 Opp.

2156 131 2219 163 552

1246 226 1359 259 petere
1390 225 1423 250 nt
1446 219 1538 250 Deus
1566 230 1680 260 pacem
1711 222 1869 253 concedat
1899 223 1998 253 rebus
2024 222 2163 264 publicis
2187 230 2217 255 et

1247 267 1422 292 conservet
1450 261 1640 303 religionem
1670 268 1702 293 et
1725 263 1944 304 disciplinam,
1972 271 2081 296 servet
2113 266 2218 297 bonos

1245 303 1420 343 principes,
1433 310 1462 334 et
1478 307 1635 344 gubernet
1650 314 1763 336 eorum
1775 312 1900 336 mentes
1913 307 1954 337 ad
1966 305 2174 348 gloriamDei
2187 313 2219 339 et

1245 344 1384 376 salutem
1397 345 1571 386 publicam.
1596 347 1710 387 Neque
1726 349 1810 378 enim
1823 349 1905 378 inter
1917 354 1965 379 tot
1977 349 2097 380 diaboli
2109 350 2218 380 insidi-

1244 398 1294 424 as,
1318 388 1348 417 in
1373 394 1463 419 tanta
1486 388 1650 419 hominnm
1675 388 1807 427 malitia,
1831 399 1884 420 res
1907 390 2058 430 publicae
2082 397 2218 432 possent

1246 430 1439 468 consistere,
1458 432 1519 461 nisi
1540 432 1648 462 divina
1661 441 1724 472 ope
1737 439 2022 464 conservarentur.
2057 432 2218 465 Diabolus

1245 473 1328 502 enim
1348 479 1396 502 est
1416 472 1588 510 homicida,
1609 480 1639 504 et
1653 480 1791 504 conatur
1810 473 2013 515 respublicas
2026 477 2218 515 perturbare

1245 520 1274 543 et
1294 514 1473 554 dissipare;
1497 516 1569 546 ideo
1591 517 1679 546 iubet
1693 514 1811 546 Paulus
1828 517 1955 556 precari
1974 527 2035 557 pro
2048 519 2217 559 magistra-

1245 557 1330 586 tibus
1344 557 1385 586 ad
1397 556 1600 588 Timotheum
1618 558 1660 595 [l.
1675 568 1724 598 ep.
1739 558 1769 596 2,
1781 558 1825 596 2.]
1846 558 1909 593 Qui
1920 557 1992 589 libri
2006 558 2216 600 philosopho-

1245 608 1315 628 rum
1344 598 1384 628 de
1408 598 1458 629 his
1484 598 1662 630 honoribus
1686 600 1883 641 loquuntur?
1927 599 2045 631 Nullae
2068 601 2217 641 profecto

1245 639 1359 670 literae
1382 642 1485 682 magis
1511 648 1627 672 ornant
1649 642 1881 683 Magistratus,
1912 653 2008 683 quam
2031 643 2217 678 Christiana

1244 683 1405 712 doctrina.
1458 682 1524 713 Sed
1558 684 1619 714 hae
1650 690 1759 716 tantae
1788 694 1841 715 res
1871 686 1978 715 iacent
2007 685 2144 716 obrutae
2171 686 2217 716 in-

1245 725 1327 764 eptis
1351 725 1569 764 opinionibus,
1594 736 1677 766 quas
1694 726 1846 757 Monachi
1871 728 1901 757 in
1919 726 2103 758 Ecclesiam
2125 737 2217 768 spar-

1245 773 1368 796 serunt.
1415 766 1523 800 Quare
1547 768 1742 799 admonendi
1765 775 1841 799 sunt
1864 769 1957 806 boni,
1986 774 2022 800 ut
2044 768 2217 811 diligenter

1244 808 1305 838 has
1328 806 1443 838 laudes
1466 811 1714 850 magistratuum
1734 816 1766 840 et
1789 820 1897 841 rerum
1920 810 2127 851 politicarum
2149 810 2217 843 col-

1244 850 1364 891 ligant,
1390 856 1423 880 ut
1446 860 1483 880 se
1505 852 1596 891 ipsos
1619 852 1660 883 ad
1685 852 1901 883 obedientiam
1926 852 2161 892 assuefaciant,
2184 859 2216 884 et

1245 893 1367 922 maiore
1389 893 1497 923 studio
1524 900 1696 933 precentur
1708 893 1814 925 Deum
1832 905 1892 935 pro
1911 894 2080 935 republica
2101 901 2133 926 et
2155 906 2215 936 pro

1243 935 1455 974 principibus.

1328 976 1506 1008 Praeterea
1529 977 1648 1009 Paulus
1672 979 1806 1019 requirit
1832 984 1941 1009 cetera
1965 976 2075 1010 officia
2098 989 2215 1020 corpo-

1243 1017 1341 1056 ralia,
1376 1018 1529 1050 videlicet
1563 1021 1683 1051 tributa
1717 1026 1747 1050 et
1783 1019 1967 1062 vectigalia.
2023 1021 2097 1059 Non
2131 1022 2216 1052 0111111

1242 1067 1381 1101 possunt
1410 1060 1541 1092 defendi
1571 1067 1625 1092 aut
1656 1064 1724 1103 regi
1755 1063 1960 1103 respublicae
1989 1064 2069 1097 51110,
2087 1064 2214 1106 magnis

1243 1104 1443 1143 sumptibus,
1466 1105 1536 1135 sine
1559 1105 1742 1145 praesidiis,
1766 1105 1835 1135 sine
1858 1105 2072 1145 prudentibus
2096 1107 2215 1147 guber·
2240 1126 2241 1129 =

1243 1147 1423 1176 natoribus.
1459 1146 1568 1181 Quare
1593 1157 1665 1177 cum
1688 1148 1730 1177 sit
1754 1157 1836 1187 opus
1860 1147 2029 1187 stipendiis
2048 1152 2080 1178 et
2098 1148 2215 1179 civium

1242 1187 1429 1225 laboribus,
1452 1190 1609 1229 praecipit
1633 1188 1771 1227 Paulus,
1796 1196 1828 1220 ut
1854 1190 1949 1219 etiam
1973 1189 2082 1220 debita
2106 1188 2216 1220 officia

1242 1230 1427 1269 corporalia
1451 1236 1627 1270 praestent,
1652 1232 1771 1262 tributa
1795 1230 1946 1262 videlicet
1969 1237 2000 1262 et
2019 1230 2152 1262 militiae
2169 1230 2214 1263 la-

1243 1273 1365 1303 borem.
1409 1272 1448 1303 Et
1481 1274 1676 1314 gravissime
1706 1274 1746 1303 de
1775 1283 1883 1314 poena
1914 1274 2027 1311 docet,
2062 1274 2214 1313 divinitus

1242 1315 1345 1355 puniri
1376 1325 1451 1353 eos,
1485 1317 1539 1356 qui
1568 1326 1633 1346 11011
1665 1317 1909 1356 obtemperant.
1945 1316 2019 1356 quia
2041 1322 2214 1356 peccatum

1242 1356 1380 1387 mortale
1407 1358 1467 1395 sit,
1498 1368 1563 1388 non
1590 1358 1723 1388 obedire
1748 1358 2004 1399 magistratibus.
2050 1357 2116 1388 Sed
2141 1368 2214 1390 cum

1241 1398 1455 1440 Magistratus
1488 1400 1706 1439 praecipiunt,
1739 1406 1775 1430 ut
1807 1401 1926 1430 subditi
1960 1405 2059 1440 agant
2091 1398 2214 1440 aliquid

1243 1447 1355 1472 contra
1379 1442 1530 1472 mandata
1554 1442 1635 1479 Dei,
1666 1443 1784 1472 debent
1807 1442 1927 1472 subditi
1950 1442 2057 1481 potius
2080 1442 2214 1473 obedire

1240 1483 1332 1521 Deo,
1362 1495 1458 1524 quam
1488 1484 1690 1521 hominibus,
1721 1490 1757 1514 ut
1786 1484 1880 1515 docet
1904 1483 2041 1514 historia
2064 1482 2213 1515 Danielis

1242 1526 1348 1557 tertio.
1395 1526 1523 1556 Addam
1547 1533 1577 1556 et
1600 1532 1726 1557 sextam
1749 1525 1905 1568 regulam.

1326 1569 1400 1599 Non
1431 1575 1481 1599 est
1509 1569 1612 1599 nostri
1641 1570 1793 1606 instituti,
1829 1567 2000 1609 complecti
2028 1568 2213 1600 universam

1241 1611 1423 1641 doctrinam
1446 1611 1486 1641 de
1508 1612 1607 1642 rebus
1631 1610 1801 1647 civilibus3
1825 1616 1935 1641 extant
1959 1610 2043 1641 enim
2065 1609 2214 1642 Philoso—

1241 1652 1378 1693 phorum
1402 1660 1432 1684 et
1456 1652 1762 1685 iurisconsultorum
1786 1652 1876 1690 libri,
1899 1654 1964 1694 qui,
1988 1653 2135 1694 quamvis
2158 1662 2213 1684 res

1241 1702 1291 1725 est
1326 1696 1466 1733 infinita,
1506 1702 1613 1726 tamen
1652 1695 1751 1726 multa
1787 1694 1993 1737 collegerunt
2025 1700 2213 1735 praecepta,

1240 1736 1330 1768 utilia
1353 1737 1414 1775 his,
1439 1739 1493 1778 qui
1512 1744 1630 1779 regunt
1649 1737 1865 1778 respublicas.
1899 1737 1971 1779 Ego
1990 1747 2097 1778 pauca
2115 1747 2213 1778 quae-

1241 1780 1313 1810 dam
1347 1780 1400 1812 hic
1434 1781 1524 1821 attigi
1564 1779 1748 1822 generalia,
1788 1781 1926 1811 maxime
1942 1782 1984 1817 ⁶3)
2026 1781 2214 1811 necessaria

1240 1823 1380 1852 omnium
1416 1824 1634 1853 conscientiis.
1690 1822 1731 1853 Et
1770 1824 1921 1864 quoniam
1955 1822 1995 1852 de
2029 1822 2213 1853 obedientia

1241 1865 1357 1895 civium
1387 1865 1470 1903 dixi,
1503 1866 1652 1896 adiiciam
1674 1876 1773 1896 unum
1800 1870 2010 1905 praeceptum
2040 1864 2080 1894 de
2103 1863 2212 1895 officio

1239 1908 1498 1948 magistratuum.
1533 1908 1607 1939 Non
1630 1913 1680 1938 est
1703 1907 1825 1938 infinita
1849 1912 1997 1947 potestas
2023 1916 2135 1948 regum
2158 1912 2213 1937 aut

1239 1950 1428 1990 principum.
1473 1950 1613 1980 Primum
1643 1950 1725 1980 enim
1750 1948 1827 1979 nihil
1862 1949 1978 1980 debent
2013 1955 2127 1980 contra
2160 1949 2211 1980 ius

1240 1993 1382 2022 divinum
1405 1998 1435 2022 et
1458 1993 1508 2023 ius
1532 1998 1666 2022 naturae
1689 1992 1844 2022 mandare
1866 1997 1919 2021 aut
1940 2001 2050 2032 agere.
2084 1991 2212 2022 Deinde

1239 2040 1378 2075 peccant
1397 2036 1504 2073 etiam,¹
1523 2034 1652 2075 quando
1672 2033 1792 2075 aliquid
1812 2035 1969 2074 imperant
1987 2039 2101 2064 contra
2119 2032 2212 2074 leges

1238 2077 1287 2107 sui
1311 2078 1403 2117 regni
1427 2087 1485 2107 seu
1517 2082 1630 2107 contra
1654 2075 1791 2106 formam
1820 2077 1870 2106 sui
1898 2076 2034 2116 imperii.
2079 2075 2123 2107 Ut
2145 2086 2211 2107 non
2226 2091 2236 2102 κ

1238 2118 1325 2149 licuit
1340 2118 1469 2156 Achab,
1486 2120 1610 2159 eripere
1622 2119 1749 2149 vineam
1765 2120 1824 2149 civi
1838 2117 1970 2148 Naboth
1983 2123 2098 2149 contra
2109 2118 2212 2158 ipsius

1238 2160 1448 2192 voluntatem.
1505 2161 1613 2203 Leges
1648 2162 1731 2191 enim
1765 2160 1966 2191 israeliticae
1999 2161 2212 2192 distinxerant

1239 2204 1396 2242 dominia,
1419 2209 1451 2234 et
1474 2204 1698 2234 concedebant
1722 2203 1907 2234 libertatem
1930 2208 1962 2233 et
1984 2212 2039 2233 res
2062 2204 2211 2244 proprias

1239 2247 1373 2277 civibus.
1419 2246 1467 2276 lta
1490 2245 1599 2286 leges,
1630 2247 1747 2286 quibus
1771 2256 1831 2276 nos
1855 2245 1990 2282 utimur,
2021 2245 2212 2276 discernunt

1238 2287 1423 2319 libertatem
1446 2294 1477 2318 et
1501 2290 1702 2326 servitutem,
1728 2289 1914 2320 concedunt
1932 2286 2044 2318 liberis
2066 2289 2212 2328 proprie—

1240 2336 1337 2361 tatem
1365 2337 1395 2361 et
1426 2331 1566 2361 dominia
1596 2342 1704 2362 rerum
1730 2331 1940 2371 privatarum.
1987 2329 2097 2365 Quare
2120 2330 2211 2361 cives

1239 2374 1371 2414 proprie
1394 2380 1466 2403 sunt
1493 2374 1613 2404 domini
1635 2384 1743 2404 rerum
1767 2383 1918 2409 suarum,
1941 2382 2002 2402 nec
2026 2370 2102 2403 licet
2125 2373 2211 2412 prin-

1241 2416 1366 2455 cipibus
1386 2425 1426 2445 ex
1446 2414 1586 2446 fortunis
1606 2426 1718 2446 eorum
1737 2425 1851 2455 rapere
1870 2425 1930 2454 pro
1949 2413 2092 2452 libidine,
2111 2425 2211 2456 quan-

1216 2548 1217 2555 *
1240 2552 1285 2581 63)
1313 2550 1430 2581 maxime]
1454 2551 1524 2576 Editt.
1544 2553 1564 2574 τ.
1586 2552 1609 2574 8.
1630 2551 1736 2574 11—14.
1757 2553 1783 2575 et
1800 2551 1869 2581 opu:
1889 2551 2048 2581 maximeque
