2358 2933
113 105 176 136 657
595 101 617 133 Ι.
642 100 742 131 LOCI
767 97 1044 130 THEOLOGICI:
1067 101 1110 133 D.

115 196 247 228 Christo
269 195 504 236 procedentem
528 200 558 224 et
573 196 619 232 22)
644 195 779 224 missum
803 193 835 221 in
855 192 958 222 corda
970 192 1096 231 piorum

114 246 147 270 et
176 239 410 270 accendentem
433 237 633 278 agnitionem
657 236 720 267 Dei
742 245 803 276 per
824 232 1042 275 Evangelium
1066 241 1096 265 et

113 287 222 313 motus
246 285 468 321 congruentes
492 279 574 320 Legi
598 279 729 317 Dei.‘²¹)

201 324 230 353 l.
253 322 331 353 Cor.
355 323 386 352 2.
411 323 475 360 [VS.
508 322 572 361 14.]
595 319 755 354 Animalis
779 319 878 349 homo
901 329 967 349 non
990 320 1095 359 perci-

114 368 161 407 pit
194 376 248 402 ea,
284 375 367 405 quae
401 371 476 394 sunt
511 364 652 405 Spiritus
685 363 758 394 Dei.
806 361 975 399 Significat
1009 363 1093 392 enim

113 407 239 447 ψυχικὸς
261 407 360 438 homo
383 408 548 438 viventem
570 408 636 437 vita
656 404 807 441 naturali,
826 403 892 435 hoc
911 410 972 442 est,
991 415 1093 435 sensu

111 456 142 481 et
171 451 299 480 ratione
334 448 474 480 naturali
502 450 574 479 sine
597 448 721 488 Spiritu
749 453 875 478 sancto.
922 446 980 477 Sic
1007 449 1093 478 enim

110 503 149 524 eo
189 492 264 524 loco
305 493 462 523 discernit
495 490 618 522 Paulus
658 489 832 520 animalem
868 501 888 520 a
921 489 1090 529 spirituali.

110 535 304 576 Quanquam
313 535 397 565 enim
405 534 525 565 homini
537 532 729 564 naturaliter
740 533 901 572 impressa
915 539 965 563 est
980 534 1024 567 ²3)
1033 543 1091 564 no-

109 578 179 609 titia
212 578 373 618 quaedam
396 576 497 617 Legis
531 577 672 614 divinae,
705 582 813 606 tamen
837 575 1001 606 accedunt
1024 586 1091 606 ma-

109 631 196 662 gnae
214 620 434 650 dubitationes
448 620 489 649 de
501 619 705 659 providentia
715 640 724 655 ,
737 624 768 648 et
781 616 883 649 multo
896 619 1021 648 tristior
1034 618 1090 649 du—

109 665 221 694 bitatio
234 669 285 693 est
294 663 334 693 de
340 660 534 703 Evangelio,
546 672 589 692 an
598 662 802 701 recipiamur.
816 671 858 691 an
867 662 1089 699 exaudiamur,

108 707 150 736 de
162 707 281 746 quibus
294 706 440 735 tenebris
452 714 546 736 suum
558 705 698 745 quisque
712 714 769 734 cor
782 702 945 741 consulat,
959 714 1000 734 an
1010 714 1089 735 vere

106 754 229 779 statuat
239 748 347 778 Deum
360 748 460 779 irasci
472 749 634 788 peccatio,
647 758 690 778 an
703 757 781 777 vere
793 753 916 777 statuat
928 756 966 777 se
976 747 1088 788 recipi,

106 791 261 828 exaudiri,
274 791 378 822 iuvari
389 792 421 822 in
434 789 682 822 afflictionibus.
699 789 734 820 ln
747 789 810 820 hac
823 790 1088 820 consideratione

105 834 214 864 securi
226 839 258 863 et
268 834 364 864 otiosi
385 834 494 871 animi,
512 840 566 864 aut
586 832 743 874 fugientis
761 832 879 870 Deum,
897 831 1089 874 intelligitur

105 877 226 907 dictum
234 875 343 907 Pauli:
351 875 513 907 Animalis
523 875 622 907 homo
630 887 696 907 non
703 876 841 916 percipit
851 886 901 912 ea,
914 886 999 916 quae
1011 882 1087 906 sunt

105 918 248 959 Spiritus
270 918 352 957 Dei,
381 920 413 950 id
437 925 504 956 est,
535 929 601 949 non
625 929 703 950 vere
726 919 837 950 statuit
859 918 966 949 Deum
988 919 1087 949 irasci

105 967 261 1002 peccam,
285 972 347 992 nec
370 963 469 992 sentit
492 963 590 999 iram,
612 971 676 992 nec
699 971 777 991 vere
801 962 890 991 timet
912 960 1032 998 Deum,
1055 966 1089 991 ut

103 1004 213 1035 David
243 1005 451 1036 committens
481 1003 680 1035 adulterium
709 1004 853 1034 nondum
884 1004 983 1034 sentit
1006 1004 1089 1034 iram

101 1046 183 1085 Dei,
218 1048 278 1078 sed
301 1054 419 1088 postea
443 1048 557 1084 sentit,
592 1057 709 1077 rursus
731 1056 897 1077 accensus
920 1056 940 1076 a
964 1046 1087 1086 Spiritu

102 1095 210 1120 santo.
257 1090 352 1126 Item,
387 1089 469 1121 Saul
492 1089 575 1131 fugit
597 1089 721 1126 Deum,
755 1099 821 1119 non
844 1090 991 1126 invocat,
1021 1099 1087 1119 non

102 1133 216 1163 statuit
238 1142 277 1164 se
298 1134 402 1163 iuvari
425 1144 445 1164 a
467 1132 554 1170 Deo,
578 1143 643 1163 non
669 1132 804 1163 confidit
825 1131 909 1162 Deo.
924 1133 969 1165 23)

187 1175 276 1207 Ioan.
312 1175 342 1205 ὃ.
379 1178 442 1214 [vs.
465 1176 510 1214 5.]
546 1175 617 1205 Nisi
647 1176 720 1215 quis
756 1181 891 1205 renatus
923 1172 1021 1205 fuerit
1045 1184 1087 1204 ex

101 1228 187 1259 aqua
210 1226 242 1250 et
266 1218 402 1259 Spiritu,
424 1229 490 1248 non
514 1224 625 1259 potest
647 1220 772 1248 intrare
795 1218 828 1247 in
851 1226 989 1258 regnum
1013 1216 1086 1247 Dei.

105 1261 195 1292 loan-
225 1261 257 1292 6.
282 1264 346 1299 [vs.
369 1261 434 1298 444
468 1261 573 1292 Nemo
601 1266 711 1301 potest
733 1260 846 1290 venire
869 1260 911 1290 ad
933 1270 1002 1297 me,
1025 1260 1087 1290 nisi

101 1313 197 1345 quem
224 1310 317 1345 pater
345 1304 490 1334 traxerit.
505 1306 549 1339 ²⁴)
595 1303 675 1334 ltem
699 1301 782 1343 [loh.
810 1302 866 1340 13,
894 1302 961 1342 5.]:
1007 1302 1086 1333 Sine

100 1356 152 1377 me
174 1346 254 1378 nihil
276 1347 417 1387 potestis
441 1345 562 1378 facere.

195 1391 242 1431 2ὁ)
256 1389 297 1420 Et
320 1389 382 1420 les.
406 1389 459 1420 59.
484 1393 549 1429 [vs.
567 1389 633 1429 20.]
656 1389 773 1420 Veniet
796 1388 877 1419 Sion
899 1389 1088 1428 redemptor

101 1432 161 1470 iis,
193 1433 248 1474 qui
277 1433 418 1463 redeunt
444 1433 486 1463 ab
514 1433 684 1473 iniquitate
711 1432 743 1462 in
767 1431 877 1462 Iacob.
924 1431 997 1462 Hoc
1019 1430 1088 1462 foe-

100 1475 162 1506 dus
195 1485 302 1506 meum
325 1486 400 1506 cum
423 1476 490 1513 eis,
513 1476 591 1506 dicit
619 1474 794 1512 Dominus,
818 1474 960 1515 Spiritus
983 1483 1088 1511 meuS,

101 1518 158 1559 qui
181 1525 233 1549 est
255 1518 288 1548 in
311 1524 354 1555 te,
378 1524 410 1548 et
432 1519 536 1549 verba
558 1527 642 1556 mea,
666 1527 752 1558 quae
775 1519 871 1557 posui
890 1517 922 1548 in
942 1528 1000 1549 ore
1018 1523 1087 1555 tuo,

101 1570 168 1591 non
202 1561 358 1592 recedent
389 1561 430 1591 ab
461 1571 520 1591 ore
542 1566 615 1598 tuo,
649 1570 713 1591 nec
736 1561 778 1591 ab
802 1570 860 1591 ore
883 1561 1017 1591 seminis
1041 1560 1087 1591 tui

100 1603 134 1634 in
168 1604 412 1644 sempiternum.
465 1603 557 1634 Haec
587 1604 691 1634 verba
718 1602 943 1634 dulcissimam
973 1601 1087 1634 Eccle-

100 1646 172 1678 siae
184 1647 438 1687 descriptionem
463 1647 642 1684 continent,
665 1656 706 1677 ac
728 1647 859 1685 docent,
883 1656 968 1687 quae
989 1646 1033 1676 sit.
1055 1652 1087 1676 et

105 1785 151 1816 22)
171 1785 208 1816 et]
225 1785 298 1810 Editt.
318 1786 341 1808 2.
360 1785 436 1809 4—9.
459 1785 497 1808 12.
517 1791 547 1810 ac

102 1835 149 1868 23)
168 1839 232 1867 sqq.
250 1836 532 1862 notitia-—confidit
545 1835 617 1867 Deo]
627 1836 700 1861 Editt.
718 1837 736 1861 1.
755 1838 777 1861 3.
784 1841 839 1866 pro
851 1835 1033 1861 hiso-xhibent
1043 1842 1084 1867 ea,

171 1876 245 1901 quae
262 1871 290 1897 in
308 1871 378 1897 Editt.
397 1871 527 1896 secundae
547 1871 638 1895 aetatis
657 1877 681 1901 p.
701 1872 759 1896 37⁵.
778 1871 821 1895 lin.
842 1872 882 1895 47.
906 1877 988 1902 usque
1008 1870 1040 1895 ad
1059 1877 1084 1900 p.

171 1907 228 1931 376.
247 1906 290 1930 lin.
309 1905 334 1931 3.
351 1909 454 1931 nostrae
468 1905 510 1930 Ed.
529 1907 663 1931 exstant:
681 1906 770 1930 notitia
789 1905 820 1929 de
839 1906 898 1933 Deo.
918 1908 1004 1930 tamen
1022 1906 1086 1930 haec

173 1940 238 1965 adeo
269 1940 405 1965 obscurata
429 1943 483 1969 est,
503 1943 530 1965 ut
547 1946 598 1965 non
616 1941 678 1965 satis
697 1940 853 1965 assentiatur
870 1940 893 1964 ei
911 1940 1020 1969 animus,
1040 1939 1086 1964 sed

172 1974 278 2004 dubitet,
297 1975 405 2000 anneus
423 1976 495 1999 curet
512 1981 568 2003 nos,
587 1980 620 1999 an
638 1975 734 2005 puniat,
751 1981 784 1999 an
803 1974 863 1998 velit
881 1974 1024 2004 ignoscere,
1043 1980 1086 1998 ex-

172 2009 269 2034 audire.
290 2009 318 2033 Et
335 2009 399 2033 haee
418 2009 540 2034 dubitatio
560 2008 646 2039 efficit,
664 2015 695 2033 ue
715 2014 774 2033 vere
794 2010 901 2033 timeant
919 2009 1086 2034 animiDeum

171 2045 219 2068 etc.

109 2095 155 2126 24)
175 2094 300 2126 traxerit]
328 2094 404 2120 Editt.
427 2096 448 2119 1.
468 2096 491 2120 3.
514 2094 559 2126 [=
576 2094 647 2120 Editt.
666 2095 794 2120 secundae
814 2095 905 2120 aetatis
923 2101 947 2125 p.
968 2095 1026 2120 376.
1046 2095 1089 2119 lin.

174 2131 197 2154 7.
217 2129 251 2160 8.]
273 2129 391 2156 traxerit:
409 2131 434 2154 et
453 2132 528 2154 erunt
547 2135 636 2154 omnes
655 2129 721 2154 docti
739 2136 754 2154 a
772 2130 831 2155 Deo.

104 2180 150 2210 25)
168 2180 228 2206 Pro
256 2186 331 2210 seqq.
360 2181 388 2205 Et
405 2181 453 2205 les.
472 2194 504 2198 -
523 2194 556 2197 —
576 2182 601 2205 et
624 2181 707 2211 placet
734 2181 879 2206 obedientia
898 2182 1002 2211 propter
1020 2180 1089 2205 Chri-

172 2217 248 2240 stum.
277 2215 368 2245 (qnae
385 2217 452 2240 sunt
469 2215 553 2240 verba
571 2217 699 2240 extrema
723 2215 807 2240 liuius
826 2215 897 2245 loci)
927 2215 1000 2240 Editt.
1023 2216 1044 2240 1.
1065 2217 1088 2240 3.

173 2255 216 2280 ea,
236 2253 310 2279 quae
337 2250 366 2275 in
385 2250 456 2274 Editt.
483 2249 611 2274 secundae
639 2251 730 2275 aetatis
749 2255 806 2280 pag.
826 2249 884 2273 376.
903 2250 945 2274 lin.
965 2251 988 2275 9.
1007 2255 1087 2280 usque

175 2283 208 2308 ad
226 2284 301 2309 huius
320 2284 368 2308 loci
387 2284 464 2308 finem
484 2289 541 2314 pag.
559 2283 617 2307 378.
636 2284 680 2308 lin.
699 2285 722 2309 8.
741 2287 844 2309 nostrae
858 2284 978 2309 Editionis
996 2284 1088 2313 lequa-

175 2319 237 2348 tur,
265 2319 411 2343 exhibent:
448 2318 516 2343 Haec
545 2319 690 2343 testimonia
717 2319 779 2343 satis
798 2319 874 2349 piane
895 2318 986 2343 docent
1004 2331 1036 2335 —-
1056 2331 1088 2335 —

174 2352 225 2376 Sed
244 2352 308 2377 haec
326 2359 372 2377 suo
391 2353 447 2377 loco
467 2352 592 2382 copiosius
611 2358 745 2382 exponam.
783 2352 835 2382 (ab
853 2352 922 2383 illis,
942 2358 1015 2383 qnae
1033 2352 1050 2378 l.
1070 2352 1087 2378 l.

175 2386 204 2411 in
222 2387 363 2412 contextis
381 2387 520 2417 leyunlun
541 2387 613 2411 Editt.
634 2387 655 2409 1.
676 2386 700 2409 3.
718 2387 810 2411 tertiae
829 2388 920 2412 aetatis
933 2393 964 2412 eo
978 2388 1088 2412 tantum

171 2417 314 2452 differunt,
334 2421 411 2451 quod
423 2427 479 2452 pro
498 2421 529 2445 de
549 2424 601 2446 tota
612 2422 663 2445 vita
678 2422 749 2451 (pag.
764 2420 821 2443 377.
836 2421 878 2445 lin.
891 2421 927 2451 3.)
942 2421 1088 2446 exhibent:

177 2454 209 2479 de
229 2456 343 2480 moribus
362 2458 410 2486 (Ξ
428 2456 500 2480 Editt.
520 2457 543 2481 8.
566 2456 673 2480 11-13,
694 2455 823 2479 secundae
842 2456 945 2481 aetatis.
963 2455 1021 2480 ride
1040 2455 1090 2480 illic

174 2491 263 2514 notam
292 2491 356 2519 65.)
377 2491 454 2514 —Ex
471 2490 510 2515 his
528 2492 650 2515 annotatt.
670 2490 692 2512 8.
714 2489 752 2512 15.
773 2489 814 2512 21.
833 2489 873 2512 23.
894 2490 934 2513 25.
953 2489 1045 2518 elucet,
1064 2490 1090 2514 in

173 2523 246 2548 Editt.
277 2524 298 2547 1.
328 2523 351 2547 3.
372 2525 498 2553 integrum
516 2525 600 2549 locum
620 2525 660 2549 De
677 2523 763 2548 libero
782 2523 902 2548 arbitrio
920 2524 998 2548 talem
1019 2524 1088 2548 exhi-

173 2557 237 2583 heri.
256 2558 337 2587 qualis
357 2559 382 2583 iu
399 2558 474 2583 Editt.
495 2558 623 2583 secundae
643 2559 735 2583 aetatis
753 2558 854 2587 legitur.

261 2616 379 2636 MELANTH.
401 2617 467 2636 orm.
487 2617 537 2636 VOL.
558 2616 605 2636 xm.

1135 100 1294 132 TERTIA
1316 102 1471 133 EORUM
1495 103 1652 135 AETAS.
2060 111 2124 143 658

1140 194 1196 223 ubi
1229 196 1273 225 sit
1295 194 1456 233 Ecclesia,
1480 203 1511 227 et
1545 208 1628 238 quae
1662 197 1784 229 habeat
1806 202 1940 241 propria
1965 203 2122 237 beneficia

1140 235 1215 267 Dei.
1261 236 1320 267 Ille
1354 244 1470 269 coetus
1490 246 1540 270 est
1564 240 1733 279 Ecclesia,
1767 243 1821 283 qui
1849 251 1946 274 sonat
1971 245 2121 289 Evange-

1140 277 1218 308 lium
1236 280 1388 311 traditum
1408 280 1584 321 Prophetis
1607 289 1639 313 et
1664 284 1848 325 ApostoliS,
1867 293 1897 317 et
1923 288 1965 317 ibi
1980 290 2024 319 ²⁶)
2045 298 2119 321 sunt

1140 321 1215 351 viva
1238 323 1384 352 membra
1406 323 1590 363 Ecclesiae,
1613 326 1765 358 habentia
1779 328 1934 368 Spiritum
1958 338 2119 367 sanctum.

1140 369 1179 413 et·
1205 363 1290 413 haec
1313 364 1410 395 habet
1436 368 1568 407 propria
1591 369 1770 407 beneficia,
1805 373 1940 403 verbum
1963 373 2042 412 Dei,
2070 367 2119 406 ress

1138 415 1328 437 missionem
1351 414 1579 447 peccatorum,
1614 411 1768 451 Spiritum
1792 421 1941 446 sanctum
1965 423 1997 447 et
2020 419 2119 448 vitam

1137 454 1317 479 aeternam.

1223 491 1400 522 Sciendum
1424 500 1475 523 est
1497 500 1622 532 autem,
1651 496 1807 536 Spiritum
1831 507 1982 532 sanctum
2006 502 2117 534 effica-

1136 544 1207 564 cem
1238 544 1315 564 esse
1343 545 1402 575 per
1431 545 1547 566 vocem
1570 537 1739 580 Evangelii
1763 542 1922 581 auditam,
1945 554 2004 575 seu
2028 546 2117 586 cogi-

1135 582 1254 614 tatam,
1281 583 1314 607 ut
1336 576 1410 607 Gal.
1439 578 1469 609 3.
1501 582 1566 617 [vs.
1594 581 1655 619 144
1680 583 1814 614 dicitur:
1859 584 1902 615 Ut
1925 589 2117 627 promissio-

1135 629 1210 650 nem
1234 619 1379 659 Spiritus
1408 622 1607 662 accipiamus
1636 635 1695 663 per
1719 626 1826 656 fidem.
1872 627 1922 659 Ac
1946 639 2047 670 saepe
2070 631 2116 662 di-

1136 669 1223 693 ctum
1258 668 1328 700 est,
1370 665 1557 704 cogitantes
1592 667 1633 696 de
1666 667 1740 699 Deo
1775 676 1929 710 oportere
1963 674 2062 704 ordiri
2097 684 2117 705 a

1135 706 1237 735 verbo
1262 705 1340 743 Dei,
1373 716 1440 737 non
1474 718 1636 747 quaerere
1659 709 1765 742 Deum
1800 714 1871 743 sine
1905 724 1966 744 suo
2001 717 2114 747 verbo.

1134 746 1284 788 Cumque
1307 749 1454 780 ordimur
1476 760 1495 780 a
1519 753 1634 789 verbo,
1657 753 1710 783 hic
1729 763 1928 786 concurrunt
1941 762 2009 788 tres
2023 768 2116 790 caus-

1134 800 1193 821 sae
1229 792 1334 822 bonae
1369 793 1524 830 actionis,
1558 796 1694 826 verbum
1717 796 1790 834 Dei,
1815 798 1956 839 Spiritus
1980 807 2115 832 sanctus

1136 839 1168 864 et
1191 832 1334 864 humana
1365 833 1517 866 voluntas
1540 839 1745 877 assentiens,
1769 851 1830 871 nec
1853 852 2042 884 repugnans
2057 847 2114 876 ²⁶²²)

1134 878 1236 907 verbo
1259 876 1334 907 Dei.
1379 877 1499 922 Posset
1523 881 1608 910 enim
1632 888 1806 921 excutere,
1829 891 1864 915 ut
1889 887 2010 917 excutit
2033 887 2114 918 Saul

1133 928 1194 950 sua
1217 926 1354 959 sponte3
1400 921 1467 951 Sed
1491 933 1564 952 cum
1587 933 1679 954 mens
1703 927 1840 957 audiens
1863 938 1903 957 ac
1926 938 1963 959 se
1986 936 2114 961 susten-

1134 968 1208 1011 tans
1238 972 1304 992 non
1333 970 1511 1005 repugnat,
1546 976 1611 996 non
1635 966 1784 1010 indulget
1808 968 2019 1009 diffidentiae,
2055 973 2115 1003 sed

1133 1005 1310 1035 adiuvante
1334 1007 1431 1036 etiam
1445 1006 1567 1047 Spiritu
1590 1016 1709 1040 sancto
1733 1018 1872 1042 conatur
1895 1015 2059 1052 assentiri,
2081 1017 2113 1046 in

1134 1045 1200 1078 hoc
1223 1048 1402 1079 certamine
1425 1048 1579 1081 voluntas
1603 1062 1668 1082 non
1693 1060 1743 1084 est
1767 1055 1886 1086 otiosa.

1220 1089 1360 1121 Veteres
1393 1091 1560 1123 dixerunt:
1602 1095 1828 1127 Praecedente
1857 1099 1981 1139 gratia,
2015 1102 2114 1131 comi-

1134 1138 1223 1163 tante
1246 1132 1433 1171 voluntate,
1465 1136 1551 1166 bona
1579 1147 1678 1177 opera
1709 1138 1790 1170 fieri.
1836 1140 1893 1170 Sic
1917 1147 1948 1171 et
1970 1142 2114 1174 Basilius

1134 1175 1253 1215 inquit:
1297 1176 1386 1213 μόνον
1415 1179 1560 1215 θέλησον,
1588 1182 1640 1209 nal
1659 1181 1731 1216 θεὸς
1753 1185 1946 1224 προαπαιτᾶ,
1974 1184 2113 1216 Tantum

1133 1216 1236 1255 velis,
1270 1224 1302 1248 et
1325 1217 1418 1249 Deus
1446 1224 1683 1260 praeoccurrit.
1722 1224 1813 1256 Deus
1843 1218 2017 1258 antevertit
2039 1238 2113 1266 nos,

1133 1266 1248 1298 vocat,
1282 1267 1409 1299 movet,
1437 1262 1585 1302 adiuvat,
1613 1267 1673 1296 sed
1695 1277 1758 1297 nos
1781 1269 1974 1310 viderimus,
1997 1280 2040 1301 ne
2062 1281 2113 1301 re-

1132 1313 1328 1344 pugnemus.
1381 1304 1522 1336 Constat
1552 1309 1636 1338 enim
1662 1317 1834 1350 peccatum
1858 1312 1934 1342 oriri
1964 1323 1983 1343 a
2006 1314 2113 1351 nobis,

1133 1356 1201 1376 non
1229 1356 1249 1377 a
1271 1345 1440 1378 voluntate
1463 1348 1536 1379 Dei.
1583 1350 1845 1393 Chrysostomus
1874 1355 1997 1396 inquit:
2045 1355 2060 1386 ὁ
2081 1356 2113 1387 δὲ

1133 1389 1235 1429 ἕλκων,
1258 1389 1307 1419 τὸν
1329 1391 1505 1429 βσυλόμενον
1528 1393 1616 1424 ἕλκει.
1652 1395 1743 1426 Sicut
1767 1402 1798 1426 et
1817 1398 1849 1427 in
1869 1396 1924 1428 illo
1943 1398 2017 1438 ipso
2037 1397 2113 1430 loco

1133 1431 1266 1462 loannis
1290 1432 1423 1463 dicitur:
1447 1434 1575 1474 Omnis,
1597 1438 1651 1477 qui
1674 1439 1763 1469 audit
1792 1450 1811 1470 a
1830 1439 1929 1471 Patre
1952 1446 1984 1471 et
2006 1441 2113 1480 discit,

1133 1475 1242 1505 veniet
1275 1475 1317 1506 ad
1349 1485 1413 1506 me.
1458 1476 1598 1510 Discere
1619 1481 1725 1518 iubet,
1756 1483 1788 1513 id
1812 1489 1879 1521 est,
1906 1484 2019 1515 audire
2041 1494 2113 1515 ver-

1132 1518 1222 1556 bum,
1244 1528 1312 1549 non
1335 1529 1533 1561 repugnare,
1557 1523 1617 1553 sed
1640 1525 1794 1555 assentiri
1818 1527 1920 1556 verbo
1944 1526 2022 1564 Dei,
2047 1537 2111 1558 non

1132 1561 1304 1603 indulgere
1327 1561 1539 1595 diffidentiae.

1218 1605 1311 1635 Haec
1340 1611 1416 1636 sunt
1438 1609 1633 1649 perspicua,
1657 1609 1685 1639 si
1708 1610 1740 1640 in
1763 1612 1851 1641 ven's
1875 1611 2058 1650 doloribus,
2079 1613 2112 1643 in

1133 1658 1212 1678 vera
1244 1648 1453 1679 invocatione
1488 1652 1711 1691 experiamur,
1746 1652 1852 1693 qualis
1876 1655 1918 1685 sit
1940 1653 2032 1686 lucta
2055 1665 2112 1685 vo-

1131 1688 1278 1728 luntatis,
1302 1701 1387 1732 quae
1410 1692 1438 1722 si
1462 1702 1499 1724 se
1521 1694 1659 1725 haberet
1680 1701 1715 1726 ut
1735 1702 1857 1734 statua,
1876 1696 2002 1729 nullum
2020 1708 2112 1738 pror-

1131 1743 1189 1764 sus
1214 1740 1397 1771 certamen,
1427 1735 1520 1767 nulla
1541 1736 1649 1776 lucta,
1672 1737 1752 1769 nulli
1775 1749 1921 1781 angores
1945 1745 2057 1772 essent
2080 1741 2114 1770 in

1131 1777 1267 1808 sanctis.
1313 1775 1396 1807 Cum
1424 1784 1534 1810 autem
1564 1781 1606 1811 sit
1636 1787 1802 1812 certamen
1830 1783 1948 1824 ingens
1978 1789 2009 1814 et
2030 1781 2114 1814 diffi-

1131 1819 1210 1858 cile,
1241 1818 1396 1850 voluntas
1417 1831 1486 1852 non
1510 1829 1559 1854 est
1583 1824 1705 1861 otiosa,
1735 1825 1796 1855 sed
1818 1824 1975 1868 languide
1997 1837 2114 1858 assen-

1131 1864 1219 1900 titur,
1243 1868 1275 1893 et
1298 1863 1361 1893 nisi
1383 1865 1658 1903 promissionibus
1681 1873 1713 1898 et
1738 1868 1898 1908 exemplis
1920 1869 2006 1900 inter
2022 1870 2114 1901 invo-

1132 1906 1272 1937 candum
1294 1906 1433 1938 subinde
1456 1909 1723 1941 commonefieret
1746 1921 1786 1941 ac
1809 1912 1977 1942 iuvaretur
1999 1923 2018 1942 a
2041 1912 2113 1953 Spi-

1131 1951 1195 1980 ritu
1218 1955 1347 1987 sancto,
1372 1957 1479 1981 rueret
1503 1952 1535 1982 in
1559 1953 1832 1993 desperationem.

1221 1995 1266 2030 2⁷)
1279 1992 1355 2023 Vidi
1377 1993 1499 2025 multos
1519 2006 1583 2026 non
1597 1995 1790 2036 Epicureos,
1814 1998 1879 2038 qui,
1903 2008 1977 2028 cum
2000 2005 2114 2029 essent

1132 2038 1165 2068 in
1189 2036 1298 2077 aliquo
1318 2046 1471 2068 moerore
1486 2044 1623 2079 propter
1640 2049 1721 2070 suos
1739 2038 1866 2080 lapsus,
1890 2041 2113 2080 disputabant,

1134 2080 1299 2122 quomodo
1324 2089 1456 2120 sperem
1473 2091 1525 2111 nie
1541 2082 1653 2122 recipi,
1677 2092 1749 2113 cum
1768 2093 1834 2113 non
1853 2084 1990 2113 sentiam
2009 2083 2042 2113 in
2060 2093 2113 2114 me

1133 2122 1318 2155 transfundi
1348 2133 1470 2155 novam
1492 2123 1600 2155 lucem
1623 2131 1656 2156 et
1678 2135 1782 2156 novas
1806 2125 1969 2156 virtutes?
2013 2125 2113 2157 Prae-

1133 2174 1225 2198 terea
1249 2167 1277 2197 si
1299 2165 1378 2197 nihil
1400 2168 1468 2208 agit
1485 2165 1623 2198 liberum
1641 2168 1821 2206 arbitrium,
1844 2169 1980 2206 interea,
2004 2169 2111 2200 donec

1133 2220 1273 2241 sensero
1300 2209 1371 2240 fieri
1400 2209 1489 2240 illam
1511 2211 1811 2252 regenerationem,
1841 2212 1882 2242 de
1904 2221 1969 2252 qua
1991 2212 2113 2250 dicitis,

1132 2252 1310 2295 indulgebo
1349 2251 1549 2284 diffidentiae
1590 2259 1621 2284 et
1661 2252 1734 2284 aliis
1768 2254 1894 2285 vitiosis
1930 2253 2111 2285 affectibus.

1134 2297 1225 2327 Haec
1258 2295 1455 2327 Manichaea
1494 2297 1683 2338 imaginatio
1717 2296 1876 2327 horribile
1909 2297 2113 2328 mendacium

1132 2384 1179 2414 26)
1199 2383 1243 2414 ibi]
1263 2384 1334 2413 Corp.
1357 2385 1380 2408 1.
1400 2385 1423 2408 2.
1443 2384 1467 2408 4.
1487 2384 1530 2408 ubi

1134 2435 1192 2465 26⁵]
1212 2435 1371 2466 repugnans]
1393 2435 1435 2459 Ed.
1456 2435 1495 2460 22.
1514 2438 1564 2465 tw.
1584 2441 1684 2460 errore:
1702 2441 1834 2465 repugnas

1134 2488 1180 2518 27)
1200 2489 1278 2516 Seqq.
1314 2486 1368 2511 Vidi
1396 2486 1490 2511 multos
1520 2500 1552 2503 —
1573 2500 1605 2504 —
1625 2487 1705 2511 sancti
1732 2488 1756 2510 et
1787 2485 1924 2510 voluntatis
1951 2485 2053 2510 absunt
2079 2485 2114 2510 ab

1204 2521 1278 2545 Editt.
1299 2521 1349 2551 (1.)
1369 2521 1391 2543 2.
1413 2520 1464 2551 (3.)
1483 2521 1558 2546 4-7.
1579 2521 1602 2544 9.
1639 2520 1689 2550 (Ad
1707 2521 1773 2544 hune
1792 2520 1873 2544 locum
1894 2521 2023 2549 spectant.
2049 2525 2113 2549 quae

1205 2562 1282 2585 supra
1303 2562 1326 2585 p.
1348 2556 1492 2582 567—570.
1511 2556 1543 2581 ad
1562 2555 1605 2580 Ed.
1626 2556 1648 2580 8.
1668 2557 1692 2579 et
1711 2560 1733 2584 p.
1753 2555 1802 2578 597
1823 2560 1859 2584 sq.
1880 2553 2010 2583 diximus.)

1862 2605 1892 2629 12
