2358 2933
100 130 163 163 217

254 222 387 263 spiritus
410 219 532 258 sancti,
562 219 668 251 libero
692 220 825 251 arbitrio
854 224 1074 256 conteramur,

254 274 315 295 seu
336 262 577 294 mortificemur.

297 304 472 337 Confessio
496 303 561 336 alia
584 310 645 342 est,
668 314 734 345 qua
757 313 868 334 coram
891 303 954 334 deo
973 312 1075 344 agno-

169 359 183 378 s
254 348 384 380 sci¹mus
424 352 614 387 peccatum,
659 352 691 377 et
724 346 980 377 condemnamus
1014 354 1075 375 nos

253 392 355 432 ipsos.
379 390 429 420 Ea
452 388 618 421 confessio
641 398 708 420 non
729 387 819 419 aliud
840 388 903 418 nisi
925 386 982 418 illa
1003 388 1077 428 ipsa

254 432 461 465 mortificatio
495 438 528 462 et
552 441 633 463 vera
661 431 813 461 contritio
843 436 910 467 est,
940 430 981 460 de
1011 439 1077 470 qua

254 476 352 507 modo
372 475 531 506 dicebam.
561 473 671 514 Atque
694 472 791 504 huius
814 482 915 513 saepe
938 473 1076 512 scriptu-

254 529 292 549 ra
309 518 462 549 meminit.
507 517 530 546 1.
554 516 666 546 Iohan.
690 515 713 545 l.
745 518 808 552 [vs.
832 515 894 553 9.:]
920 515 955 546 Si
975 514 1076 545 confi-

172 570 198 588 10
257 567 384 592 teaniur
414 564 553 601 peccata
581 564 713 595 nostra,
736 556 850 588 fi'delis
875 563 944 595 est,
975 562 1007 587 et
1029 556 1076 587 iu-

257 609 328 634 stus
344 609 380 634 ut
402 602 544 633 remittat
557 601 653 632 nobis
672 605 791 640 pecata
805 605 931 631 nostra.
957 599 999 629 Et
1011 598 1077 630 Da-

255 646 310 677 vid
336 643 469 683 [Psalm.
493 643 546 681 50,
568 643 589 673 5
612 645 691 684 sq.],
704 642 865 677 Quoniam
876 642 1077 683 iniquitatem

255 697 361 719 meam
390 696 453 727 ego
487 695 675 727 cognosco,
705 691 737 716 et
765 690 938 725 peccatum
970 693 1078 714 meum

256 735 372 761 contra
404 737 456 758 me
490 734 543 758 est
572 737 711 767 semper.
756 727 827 758 Tibi
856 726 919 757 soli
943 725 1079 767 peccavi

256 778 289 804 et
321 769 441 802 malum
471 779 583 801 coram
612 776 645 800 te
667 767 748 808 feci,
782 774 818 800 ut
835 768 1023 800 iustificeris
1045 769 1078 798 in

169 823 196 842 1⁵
256 814 472 845 serlmonibus
484 812 548 843 tuis
564 817 595 843 et
605 813 720 843 vincas
730 812 976 843 cumiudicaris.
998 811 1079 841 Item

258 855 392 896 [Psahn.
423 854 476 892 31,
510 853 568 893 5.:]
597 854 674 885 Dixi
698 854 881 886 confitebor
903 854 1079 886 adversum

256 910 307 931 me
329 898 518 929 iniustitiam
540 907 647 928 meam
670 897 818 934 domino,
846 902 879 927 et
897 902 932 927 tu
953 896 1078 927 remisi-

257 943 298 973 sti
321 941 519 981 impietatem
541 940 669 980 peccati
692 940 765 970 mei.
785 938 876 970 Citra
897 938 984 970 hanc
1002 948 1078 968 con-

255 983 434 1016 fessionem
457 988 629 1022 peccatum
647 992 713 1012 non
732 981 949 1012 condonatur.
994 980 1078 1011 Rur-

162 1034 194 1053 20
255 1037 328 1058 sum
350 1036 416 1056 non
439 1030 551 1065 potest
576 1023 580 1045 ¹
601 1034 669 1054 non
697 1024 876 1054 condonari
900 1024 976 1054 hm‘c
1001 1032 1078 1053 con-

253 1068 392 1100 fessioni
420 1076 538 1106 nempe
563 1076 628 1106 qua
657 1075 719 1096 nos
754 1066 845 1106 ipsos
880 1066 1077 1096 adcusamus

254 1117 287 1142 et
310 1112 514 1146 damnamus,
536 1109 599 1139 deo
617 1107 755 1150 gloriam
773 1109 920 1139 veritatis
939 1114 971 1138 et
989 1108 1078 1138 1115ῑίὲ

254 1154 319 1185 tiae
340 1152 523 1184 tribuimus.

297 1194 373 1226 Alia
396 1192 563 1225 consessio
587 1199 638 1225 est
657 1204 722 1235 qua
744 1203 806 1224 nos
824 1203 892 1224 non
908 1193 994 1223 domi
1006 1198 1076 1223 tan-

254 1244 321 1270 tum
349 1237 437 1278 apud
469 1246 549 1275 1105,
572 1237 632 1267 sed
655 1242 688 1267 et
711 1246 821 1267 coram
845 1234 917 1266 aliis
941 1244 1077 1266 accusa-

138 1287 193 1317 129,
214 1294 235 1311 a.
254 1290 337 1312 mus.
362 1279 366 1297 ¹
414 1277 506 1310 Haec
546 1279 711 1320 quondam
750 1279 783 1309 in
815 1277 969 1309 Ecclesia
1000 1276 1076 1308 talis

254 1328 335 1354 erat.
381 1320 446 1356 Qui
465 1321 608 1353 criminis
632 1320 771 1352 alicuius
794 1330 871 1352 reus
895 1326 983 1358 erat,
1012 1321 1076 1361 pri-

116 1371 181 1403 (67,
200 1372 237 1401 a.)
254 1375 341 1397 mum
370 1364 522 1404 privatim
552 1366 593 1395 a¹
621 1361 724 1394 fratre
755 1364 924 1404 quopiam,
959 1363 1077 1394 deinde

253 1417 365 1439 coram
387 1404 532 1437 ecclesia
554 1407 765 1448 arguebatur.
800 1406 909 1447 Atque
932 1406 975 1436 ibi
1000 1415 1077 1436 con-

165 1456 181 1475 5
253 1450 437 1481 donabatur
481 1459 569 1480 noxa
605 1449 822 1490 resipiscenti.
848 1448 851 1475 1
877 1448 1078 1480 Eiiciebatur

252 1502 294 1524 ex
316 1490 461 1523 ecclesia
482 1492 510 1522 is
534 1492 589 1533 qui
612 1491 788 1523 ecclesiam
817 1501 884 1522 non
911 1492 1076 1523 audiebat.

252 1534 364 1566 Habes
403 1533 542 1565 formam
579 1534 675 1566 huius
710 1532 930 1565 confessionis
958 1533 1076 1566 Matth.

252 1575 369 1608 XV111.
393 1579 458 1615 [vs.
483 1576 548 1614 18.]
582 1577 639 1607 ubi
659 1586 741 1608 usus
765 1576 906 1608 clavium
928 1578 1077 1618 proditus

253 1624 314 1650 est.
361 1619 458 1649 Nunc
481 1619 551 1650 eius
577 1617 762 1659 exemplum
784 1620 817 1650 in
840 1618 984 1651 ecclesia
1005 1618 1076 1650 nul-

251 1661 319 1692 lum
342 1666 394 1692 est
412 1671 485 1691 cum
508 1662 550 1692 ad
574 1661 784 1693 cohercenda
811 1662 890 1693 vitia
918 1672 984 1693 non
1012 1661 1077 1693 alia

175 1711 201 1729 ¹0
251 1704 335 1735 ratio
359 1704 569 1734 com'modior
600 1709 700 1735 esset.
757 1704 825 1735 Sed
853 1705 1017 1736 successit
1047 1706 1077 1735 ei

252 1745 420 1777 confessio
455 1744 528 1784 illa,
574 1756 639 1787 qua
671 1747 823 1787 privatim
857 1753 889 1778 et
923 1757 1075 1779 seorsum

251 1789 339 1830 apud
366 1787 516 1830 singulos
546 1789 763 1830 presbyteros
791 1799 845 1820 res
870 1791 987 1831 agitur.
1032 1790 1074 1821 Et

250 1832 334 1862 inter
341 1832 484 1872 priscam
492 1829 582 1862 illam
590 1830 838 1863 confessionem
849 1838 882 1863 et
891 1838 1073 1864 nostratem

249 1873 316 1905 hoc
352 1874 520 1911 {interest,
561 1874 650 1914 quod
693 1874 734 1905 de
773 1874 913 1916 publicis
948 1881 1073 1907 tantum

166 1923 194 1944 ³⁵
251 1922 284 1947 et
312 1915 494 1948 manifestis
530 1917 726 1948 crimini¹bus
760 1918 871 1958 prisca
899 1919 1071 1959 agebatur,

249 1964 397 1990 nostrate
420 1959 461 1990 de
480 1960 618 1990 secretis
641 1960 738 1991 etiam
760 1960 877 2001 agitur.
908 1960 1072 1992 Vetustis-

249 2002 350 2033 simus
383 2011 456 2033 mos
488 2000 559 2040 fuit,
588 2003 738 2033 accusari
770 2002 903 2043 publica
938 2004 1073 2035 crimina

249 2054 360 2075 coram
383 2045 540 2076 universa
563 2044 723 2083 ecclesia,
747 2051 779 2075 et
802 2046 902 2077 totius
925 2045 1071 2077 Ecclesi-

248 2097 288 2118 ae
312 2086 476 2127 suffragiis
499 2086 638 2118 absolvi.
684 2087 715 2118 Is
734 2098 806 2118 mos
828 2089 891 2119 iam
916 2087 993 2119 olim
1016 2090 1073 2120 ab·

160 2135 191 2154 20
249 2134 385 2170 rogatus
410 2135 478 2167 est,
501 2130 759 2172 designatusque
776 2141 862 2163 unus
882 2131 1009 2172 alitquis
1033 2141 1074 2162 ex

249 2181 385 2202 numero
418 2173 700 2214 presbyterorum,
735 2183 847 2204 coram
877 2184 942 2215 quo
965 2175 1073 2214 priva-

247 2215 305 2245 tim
328 2214 574 2246 adcusabantur
603 2226 790 2257 quanquam
813 2216 945 2257 publica
968 2217 1072 2247 crimi-

247 2267 300 2294 na,
319 2257 347 2287 is
370 2255 523 2287 mulctam
548 2258 712 2289 indicebat
741 2258 914 2301 flagitiosis
936 2269 997 2300 pro
1021 2269 1072 2290 ar-

246 2300 344 2330 bitrio
370 2309 480 2331 coram
502 2299 672 2338 Ecclesia,
701 2311 819 2342 nempe
846 2312 906 2342 pro
929 2300 1070 2342 publicis

247 2342 446 2373 criminibus.
481 2342 552 2373 Nec
575 2344 617 2374 ad
629 2343 776 2384 Synaxin
794 2345 1069 2383 admitte'bantur,

246 2385 310 2415 nisi
338 2385 393 2426 qui
421 2395 529 2426 poena
557 2384 615 2416 illa
641 2385 774 2426 publica
796 2386 940 2418 defuncti
964 2393 1068 2418 erant.

247 2426 327 2458 Eius
346 2427 531 2469 exemplum
544 2428 651 2459 adhuc
662 2434 771 2460 manet
782 2430 815 2460 in
828 2429 969 2470 publicis
989 2440 1067 2471 poe-

250 2470 396 2501 nitentiis
425 2477 614 2502 nostrorum
644 2478 842 2512 temporum,
867 2483 940 2504 cuni
964 2472 1067 2503 homi-

166 2520 181 2538 5
247 2513 340 2543 cidae
362 2513 395 2544 in
419 2512 561 2545 ecclesia
584 2513 781 2554 plectuntur.
826 2514 935 2546 Hanc!
955 2516 1066 2556 poeni-

245 2556 365 2586 tentiae
398 2554 536 2588 formam
560 2557 716 2588 describit
750 2558 896 2598 quisquis
931 2564 981 2589 est
1011 2559 1065 2588 tri-

114 2347 170 2379 129,
189 2348 212 2374 b.

582 126 606 157 1.
630 125 731 158 LOCI
753 125 1028 158 THEOLOGICI:
1051 126 1090 157 B.
1112 125 1252 158 PRIMA
1274 124 1432 157 EORUM
1453 124 1610 156 AETAS.

2033 120 2097 152 218

1117 220 1267 259 partitae,
1282 229 1379 260 quam
1396 224 1528 256 vocant,
1542 217 1699 248 historiae
1712 221 1838 252 auctor,
1851 225 1945 256 grae-

1120 271 1179 292 cus
1198 267 1233 292 ut
1252 262 1397 302 adparet.
1420 260 1542 301 Aitque
1555 257 1840 299 Constantinopoli
1861 257 1942 288 anti-

1121 309 1265 343 quatam,
1289 304 1409 334 durare
1427 303 1536 334 adhuc
1559 304 1592 333 in
1616 300 1768 333 ecclesiis
1793 300 1944 331 occiden-

1120 344 1261 383 talibus,
1291 351 1408 386 estque
1432 355 1490 383 ea,
1516 345 1609 376 cuius
1639 353 1741 384 saepe
1760 342 1945 384 Cyprianus

1119 388 1282 418 nie’niinit.
1311 387 1375 422 Qui
1398 397 1472 418 cum
1495 387 1535 418 de
1551 385 1758 427 publicorum
1776 386 1946 416 criminum
2017 393 2044 412 10

1121 428 1334 460 confessione
1357 429 1512 470 loquitur,
1535 435 1644 459 tamen
1659 428 1780 459 indicat
1799 437 1872 458 eam
1889 436 1944 457 co-

1120 482 1192 502 ram
1211 472 1388 502 sacerdote
1406 472 1526 511 potius,
1550 481 1647 511 quam
1670 471 1825 501 universa
1838 468 1944 500 eccle-

1122 515 1171 544 sia
1189 512 1319 545 factam.
1348 513 1494 554 Require
1513 513 1541 543 si
1563 512 1644 543 libet
1667 513 1736 542 eius
1760 521 1945 542 sermonem

1122 557 1162 587 de
1184 555 1299 597 lapsis.
1336 555 1450 586 Verba
1472 564 1613 596 graecae
1635 554 1792 585 historiae
1816 553 1945 584 subiici-

1122 609 1184 629 am.
1208 601 1210 624 Ι
1258 598 1374 629 Visum
1402 603 1454 629 est
1482 598 1622 638 antiquis
1656 596 1882 637 pontificibus,
1911 600 1948 626 ut

1122 640 1213 672 velut
1236 641 1267 670 in
1285 640 1426 678 theatro,
1449 640 1511 670 sub
1531 639 1718 670 testimonio
1737 637 1946 669 Ecclesiasti-

1123 684 1153 714 ci
1174 681 1288 724 populi
1310 681 1432 713 delicta
1454 682 1655 723 pandantur,
1684 686 1716 711 et
1738 680 1801 711 hac
1826 690 1947 711 caussa

1122 727 1353 767 presbyterum
1371 726 1478 756 bonae
1501 723 1781 761 conversationis,
1810 732 1946 754 servan-

1123 773 1255 809 temque
1284 768 1420 805 secreti,
1450 777 1490 798 ac
1523 767 1704 807 sapientem
1733 766 1838 796 virum
1861 765 1946 796 desi-

1123 816 1319 851 gnaverunt,
1349 811 1392 841 ad
1414 820 1512 851 quem
1534 809 1736 840 adcedentes
1753 807 1798 846 hi,
1818 809 1872 849 qui
1891 808 1946 838 de-
2009 809 2040 828 ²⁰

1123 852 1297 894 Hquerant,
1331 851 1451 884 delicta
1484 852 1617 893 propria
1650 850 1846 882 fatebantur.
1901 850 1947 881 At

1123 894 1179 926 ille
1203 896 1385 926 secundum
1404 895 1662 935 uniuscuiusque
1692 892 1839 934 culpam,
1865 891 1945 923 mul-

1124 944 1211 969 ctam
1228 938 1404 969 indicebat.
1460 937 1557 972 Quod
1576 938 1673 968 etiam
1694 935 1856 966 hactenus
1877 934 1946 966 dili-

1122 986 1241 1022 genter
1264 981 1297 1011 in
1320 978 1582 1011 occidentalibus
1607 984 1760 1010 servatur
1783 976 1948 1015 ecclesiis,

1123 1028 1156 1054 et
1188 1023 1327 1053 maxime
1357 1021 1494 1060 Romae,
1520 1023 1523 1040 ¹
1549 1022 1605 1052 ubi
1639 1021 1736 1051 etiam
1769 1019 1864 1051 locus
1899 1025 1949 1051 est
1970 1023 2025 1052 130,
2045 1028 2067 1047 a·

1123 1070 1233 1096 certus
1256 1064 1502 1105 poenitentium,
1527 1068 1531 1086 ¹
1553 1064 1609 1095 ubi
1627 1068 1716 1094 stant
1733 1064 1792 1101 rei,
1815 1061 1906 1094 velut
1927 1063 1949 1093 ii
1968 1066 2023 1096 (67,
2049 1065 2086 1096 b.)

1123 1108 1178 1148 qui
1196 1106 1230 1137 lu
1256 1113 1320 1138 ent.
1366 1106 1471 1137 Porro
1495 1107 1551 1138 ubi
1574 1116 1672 1138 sacra
1695 1104 1875 1137 celebratio
1889 1106 1946 1136 ini-

1121 1149 1212 1191 pleta
1266 1151 1337 1187 erit,
1359 1148 1407 1180 illi
1430 1150 1691 1180 communionem
1713 1158 1780 1179 non
1808 1148 1947 1189 percipi-

1122 1198 1227 1230 entes,
1247 1202 1321 1224 cum
1345 1193 1467 1234 gemitu
1485 1198 1517 1223 et
1535 1190 1768 1223 lamentatione
1787 1205 1793 1233 1
1815 1191 1948 1232 seipsos
2024 1195 2038 1215 ὁ

1121 1236 1154 1266 in
1187 1241 1276 1266 terra
1304 1240 1533 1276 prosternunt,
1562 1234 1616 1265 Ad
1650 1244 1735 1275 quos
1765 1233 1948 1265 adcurrens

1120 1277 1320 1319 Episcopus,
1345 1282 1377 1308 et
1398 1278 1471 1318 ipse
1495 1287 1569 1308 cum
1591 1276 1771 1318 lachrymis
1795 1282 1828 1307 et
1846 1277 1947 1318 gemi-

1121 1326 1156 1352 tu
1174 1319 1336 1362 spirituali
1358 1320 1560 1360 procumbit,
1591 1326 1624 1351 et
1648 1320 1749 1350 totius
1772 1318 1948 1350 Ecclesiae

1120 1362 1217 1405 plebs
1235 1362 1497 1404 illachrymatur.
1530 1362 1656 1394 Postea
1667 1363 1790 1403 primus
1804 1363 1947 1393 omnium

1122 1406 1292 1448 consurgit
1313 1405 1519 1447 Episcopus,
1550 1410 1583 1437 et
1605 1406 1753 1437 iacentes
1778 1405 1873 1446 erigit
1898 1404 1902 1432 Ι
1928 1414 1947 1436 0
2014 1419 2041 1438 1ο

1121 1454 1220 1480 terra.
1266 1448 1349 1480 Tum
1367 1447 1455 1480 facta
1477 1458 1538 1489 pro
1561 1448 1805 1490 poenitentibus
1825 1448 1945 1478 oratio-

1121 1502 1174 1530 ne,
1193 1492 1321 1523 dimittit
1345 1501 1471 1522 omnes.
1502 1491 1633 1523 Interim
1651 1489 1697 1522 illi
1716 1500 1754 1521 se.
1776 1495 1947 1522 macerant

1121 1535 1221 1565 variis
1247 1533 1490 1565 adflictionibus
1515 1544 1557 1565 ex
1585 1534 1750 1565 sententia
1778 1532 1946 1574 Episcopi,

1121 1576 1297 1619 synaxeos
1316 1582 1459 1618 tempus,
1482 1577 1571 1618 quod
1589 1576 1786 1618 praescribit
1808 1575 1946 1618 Episco-

1119 1630 1183 1661 pus
1220 1626 1405 1660 expectant.
1462 1619 1536 1656 Quo
1566 1626 1729 1662 tempore,
1758 1620 1850 1652 velut
1882 1621 1947 1654 iam

1119 1661 1300 1703 perlsoluto
1327 1663 1438 1694 debito
1467 1673 1534 1694 una
1563 1663 1689 1705 Synaxi
1716 1674 1790 1695 cum
1818 1663 1946 1706 reliqua.
2013 1681 2040 1701 15

1118 1704 1272 1736 Ecclesia
1293 1706 1500 1746 participant.
1544 1705 1636 1737 Haec
1654 1706 1793 1738 Romani
1815 1707 1944 1748 pontifi-

1119 1758 1177 1778 ces
1189 1749 1233 1779 ad
1250 1753 1365 1779 nostra
1381 1758 1487 1789 usque
1500 1754 1650 1789 tempora
1669 1750 1943 1781 observaverunt.

1118 1790 1185 1821 Sed
1198 1789 1483 1832 Constantinopoli
1505 1792 1666 1833 tantisper
1677 1793 1854 1834 presbyter
1865 1803 1943 1833 poe-

1116 1833 1295 1864 nitentibus
1333 1833 1492 1873 praefuit,
1522 1834 1598 1865 dum
1628 1833 1745 1865 mulier
1772 1835 1941 1876 quaedam.

1114 1876 1239 1916 primae
1262 1875 1441 1907 nobilitatis
1464 1882 1541 1917 post
1559 1875 1816 1916 confessionem,
1835 1878 1868 1908 in
1879 1877 1943 1909 Ec·
2007 1886 2038 1906 το

1116 1917 1220 1949 clesia
1253 1919 1485 1959 poenitentiam
1525 1929 1649 1961 agens,
1679 1930 1752 1950 011111
1780 1919 1933 1952 Diacono

1115 1960 1292 2002 aliquoties
1312 1963 1557 1994 concubuisset.
1582 1961 1678 1997 Quod
1703 1963 1758 1993 ubi
1770 1962 1879 2003 palam
1892 1962 1938 1994 fa-

1116 2008 1202 2035 ctum
1226 2009 1287 2042 est,
1310 2005 1473 2036 adversus
1485 2005 1704 2046 presbyteros
1718 2011 1833 2037 coorta
1843 2005 1941 2047 plebs

1116 2052 1183 2085 est,
1214 2047 1303 2088 quod
1330 2046 1515 2079 Ecclesiam
1540 2047 1734 2079 violassent.
1759 2059 1764 2075 ι
1809 2048 1856 2079 Ibi
1875 2049 1940 2080 Ne·
1962 2049 2017 2078 130,
2035 2048 2060 2074 b·

1117 2090 1240 2120 ctarius
1262 2089 1449 2131 Episcopus
1472 2090 1657 2122 Diaconum
1681 2089 1791 2122 officio
1810 2092 1939 2130 deiecit,

1116 2137 1149 2163 et
1167 2137 1314 2164 veterem
1324 2134 1366 2170 7⁵³)
1392 2134 1627 2173 poenitentium
1645 2137 1769 2165 morem
1792 2135 1938 2176 antiqua-

1116 2175 1178 2212 vit,
1223 2174 1315 2206 nullo
1357 2176 1531 2217 designato
1564 2177 1808 2218 poenitentibus
1843 2187 1937 2218 pres-

1115 2217 1248 2258 bytero,
1282 2219 1513 2260 permisitque,
1548 2225 1584 2251 ut
1602 2230 1663 2260 pro
1682 2229 1764 2250 suae
1787 2220 1935 2261 quisque*

1115 2261 1337 2292 conscientiae
1370 2262 1507 2300 iudicio,
1546 2263 1758 2302 participaret
1801 2272 1937 2294 mensae
2006 2273 2021 2293 ³

1113 2303 1244 2341 domini,
1268 2313 1342 2335 cum
1364 2303 1491 2336 liberet.
1524 2304 1616 2336 Haec
1637 2304 1708 2335 fere
1733 2306 1776 2337 ad
1799 2306 1935 2337 verbum

1111 2344 1249 2376 historia
1271 2347 1441 2387 tripartita.

1153 2388 1203 2419 Ex
1230 2388 1282 2419 his
1309 2388 1449 2432 colliges
1476 2389 1639 2431 duplicem
1666 2388 1804 2422 formam
1826 2389 1930 2432 publi-

2014 595 2041 614 15

1107 2569 1152 2598 78)
1177 2569 1303 2599 veterem]
1323 2568 1365 2594 Ed.
1384 2570 1406 2593 ἲ.
1424 2571 1547 2595 veterum.
