2358 2933
269 124 331 155 694⁸

270 217 309 246 de
339 216 400 247 hoc
435 226 610 257 praecepto
645 216 847 249 sentiendiun
881 225 941 249 est.
988 218 1076 251 Satis
1110 226 1239 251 constat

270 268 334 289 non
353 268 453 299 posse
477 259 543 290 lieri
568 260 818 291 invocationem.
842 261 904 291 nisi
927 262 1039 302 agnito
1059 260 1239 294 Mediatore

270 300 401 331 Christo
425 303 473 332 sic
497 302 580 332 etde
603 302 780 343 gratiarum
803 303 932 333 actione
957 304 1162 335 sentiendum
1176 310 1237 335 est.

271 342 346 373 lteni
370 345 400 374 in
425 344 600 375 ministerio
627 350 715 375 certe
745 353 883 375 necesse
907 351 956 375 cst
980 346 1064 376 tradi
1088 345 1238 388 Evange-

270 384 344 416 lium
364 386 404 416 de
429 384 494 415 tilio
507 385 569 417 Dei
593 394 654 417 etc.
690 385 840 428 Denique
862 394 897 418 ut
921 397 1021 427 supra
1044 388 1119 425 dixi,
1143 398 1238 429 opor-

269 435 336 457 tere
345 429 391 459 S⁴)
428 429 562 468 primum
602 428 801 469 apprehendi
841 429 1141 461 reconciliationem
1180 440 1239 470 per

270 468 367 500 tilium
390 468 452 500 Dei
476 470 639 507 donatam,
658 478 772 511 postea
796 481 875 503 vero
898 471 1031 512 placere
1053 472 1239 503 inchoatam

269 511 503 547 obedientiam;
549 513 637 544 ldem
666 513 706 543 de
736 514 854 544 ceteris
889 515 1075 555 praeceptis
1099 515 1239 545 sentien-

268 554 342 584 dum
378 561 425 584 est
483 554 521 585 Et
556 566 655 596 opera
691 562 874 587 ceterorum
913 564 1162 597 praeceptorum
1196 558 1239 588 ita

268 594 396 636 placent
421 596 510 634 Deo,
544 604 575 627 et
608 597 688 628 liunt
711 597 818 629 cultus
842 597 920 636 Dei,
944 610 1018 630 cum
1040 599 1239 639 praecedunt

268 648 367 678 opera
391 640 481 679 primi
505 638 687 680 Praecepti,
723 642 817 671 timor
840 647 869 671 et
896 642 989 672 tides.
1035 642 1091 672 Sic
1115 640 1239 682 reliqua

268 680 346 711 tiunt
382 681 542 713 sacrificia
576 681 681 713 laudis
715 690 745 713 et
776 682 849 713 Deo
884 683 1027 723 placent,
1062 684 1239 724 praecipue

267 733 346 754 vero
383 734 482 764 opera
507 725 641 755 secundi
672 726 845 765 praecepti.
892 726 982 757 Sicut
1007 727 1162 765 scriptum
1189 733 1239 756 est

268 767 442 806 praecipue
465 767 504 797 dc
527 766 590 797 hoc
614 777 734 808 genere
758 767 827 806 [l’s.
844 768 914 805 115,
929 768 1010 807 17.]:
1045 768 1116 799 Tibi
1140 770 1239 800 sacri-

269 808 374 839 ticaho
398 808 538 839 hostiam
562 808 678 846 laudis,
713 816 743 840 et
767 819 887 841 nomen
911 809 1041 841 Domini
1065 811 1237 842 invocabo.

312 895 517 936 Peccata
550 904 719 937 contra
751 898 1020 937 secundum
1058 912 1194 952 prac-

643 980 846 1027 ceptum.

354 1062 534 1094 Antithesis
575 1064 690 1094 eadem
730 1070 800 1099 est,
842 1073 926 1104 quae
963 1069 1013 1094 est
1057 1064 1237 1104 superioris

269 1106 444 1146 praecepti,
464 1116 535 1137 cum
558 1106 633 1137 vitia
647 1107 768 1143 cordis,
791 1116 875 1147 quae
887 1116 987 1147 supra
999 1106 1237 1144 recensuimus,

267 1147 485 1189 proferuntur.
532 1148 683 1191 Pugnant
712 1158 791 1190 ergo
816 1159 889 1180 cum
912 1148 976 1179 hoc
995 1149 1146 1180 mandato
1170 1159 1238 1179 ser-

267 1200 381 1221 mones
405 1190 573 1230 Epicurei,
609 1192 732 1221 externi
757 1189 862 1222 cultus
886 1192 982 1231 impii,
1008 1191 1124 1231 impiae
1146 1192 1238 1222 invo-

267 1234 412 1263 cationes
432 1232 647 1270 Daemonum,
671 1233 832 1264 idolorum
856 1240 887 1264 et
910 1240 1128 1271 mortuorum,
1152 1232 1237 1264 falsa

268 1276 428 1312 doctrina,
452 1276 602 1315 petiuria,
637 1276 863 1307 execrationes
893 1276 1043 1313 iniustae,
1067 1285 1237 1306 sermones

267 1319 485 1360 arrogantiam
508 1325 561 1349 aut
587 1318 815 1359 impatientiam
839 1317 1064 1356 declarantes,
1094 1324 1129 1349 ut
1152 1318 1238 1348 dixe-

268 1367 316 1391 rat
341 1361 436 1397 Aiax,
461 1370 498 1391 se
532 1361 627 1391 etiam
661 1361 732 1391 sine
755 1360 826 1391 Deo
850 1361 983 1391 vincere
1002 1370 1114 1401 posse.
1160 1360 1238 1390 Item

267 1403 512 1434 usitatissimum
535 1401 665 1440 malum,
688 1409 880 1443 praetexere
908 1412 1027 1433 nomen
1050 1401 1130 1440 Dei,
1164 1401 1238 1433 reli-

267 1446 389 1487 gioniS,
412 1444 600 1486 Evangelii,
624 1446 751 1475 iniustis
776 1445 1026 1486 cupiditatibus,
1060 1444 1237 1481 ambitioni,

267 1488 442 1524 avaritiae,
474 1486 676 1525 libidinibus,
699 1487 792 1518 odiis.
838 1487 926 1527 Papa
951 1486 1046 1518 titulo
1070 1487 1238 1517 ministerii

266 1531 426 1571 quaesivit
456 1531 649 1571 potentiam,
683 1530 784 1561 movit
813 1529 930 1560 iniusta
966 1528 1069 1567 bella,
1102 1529 1238 1559 instituit

266 1574 402 1613 aucupia
436 1572 631 1612 infinitates-⁵)
666 1573 835 1613 pecuniae,
866 1570 953 1602 idola
987 1577 1018 1602 et
1052 1570 1126 1602 alia.
1172 1571 1238 1602 lam

269 1614 351 1646 haec
385 1622 477 1646 aetas
512 1615 607 1646 etiam
640 1614 732 1646 titulo
766 1612 948 1656 Evangelii]
970 1623 1070 1654 saepe
1092 1614 1237 1654 privatas

267 1658 461 1698 cupiditates
484 1658 572 1698 tegit.
602 1657 769 1688 Pet-tinent
792 1657 857 1689 huc
881 1662 911 1687 et
936 1656 1096 1687 scandala
1118 1656 1238 1693 omnia,

267 1709 351 1740 quae
385 1698 439 1731 vel
472 1700 621 1731 sauciant
651 1699 794 1730 infirmas
828 1705 964 1737 mentes,
997 1705 1029 1730 et
1051 1698 1147 1730 fidem
1170 1697 1238 1729 lan-

267 1740 472 1783 guefaciunt,
507 1741 560 1773 vel
594 1741 737 1773 alienant
769 1741 958 1773 voluntates
987 1740 1167 1782 aliquorum
1196 1741 1237 1772 ab

268 1784 460 1816 Evanoeelio.

354 1810 629 1858 Domminationes
663 1827 869 1857 tristissimae
901 1827 1029 1867 utrique
1062 1831 1238 1866 praecepto

270 1870 398 1902 additae
421 1875 515 1906 sunt,
537 1879 621 1910 quae
644 1879 717 1900 cum
741 1869 780 1900 de
803 1868 1029 1909 corporalibus
1053 1869 1168 1908 poenis
1191 1866 1239 1897 lo-

270 1919 423 1954 quuntur,
445 1912 539 1942 etiam
563 1918 728 1942 aeternam
750 1912 831 1942 iram
854 1911 1051 1952 significant,
1074 1911 1148 1951 quia
1170 1910 1239 1941 Lex

270 1965 335 1987 non
348 1954 516 1985 annuntiat
532 1954 756 1984 remissionem
769 1960 980 1994 peccatorum
990 1976 999 1991 ,
1018 1953 1077 1984 sed
1090 1954 1121 1984 in
1133 1952 1242 1984 Evan-

271 1996 355 2039 gelio
381 1995 469 2028 clare
487 1995 670 2027 declarat-ur
687 2001 821 2026 aeterna
840 1997 888 2026 ira
906 1996 1067 2027 adversus
1085 2005 1159 2032 θος,
1186 1995 1240 2035 qui

271 2050 336 2070 non
353 2045 453 2081 agunt
473 2039 701 2079 poenitentiam
722 2037 849 2076 [Matth.
871 2038 924 2076 25,
935 2038 1008 2076 4112
1030 2036 1202 2069 Discedite
1220 2048 1240 2068 a

272 2092 322 2113 me
340 2081 502 2113 maledicti
519 2082 551 2112 in
567 2081 675 2122 ignem
698 2086 865 2112 aeternum
879 2087 940 2112 etc.
969 2080 1066 2116 Quod
1090 2081 1173 2111 enim
1187 2078 1239 2110 hic

273 2125 388 2155 dicitur
417 2125 458 2154 de
486 2124 601 2164 poenis
628 2124 660 2154 in
684 2124 809 2154 tertiam
833 2130 863 2153 et
886 2129 1035 2164 quartam
1058 2123 1237 2163 generatio-

275 2177 346 2197 nem
370 2166 606 2202 saevientibus,
642 2164 831 2207 intelligitur
854 2166 893 2196 de
917 2164 1153 2206 corporalibus.
1199 2163 1238 2194 Et

275 2216 308 2240 ut
341 2208 391 2238 his
423 2208 584 2248 prioribus
618 2208 802 2248 praeceptis
836 2208 964 2238 additae
997 2213 1074 2238 sunt
1100 2216 1236 2247 poenae.

274 2253 318 2282 ita
341 2251 481 2281 sciamus
510 2257 540 2280 et
565 2251 775 2291 sequentibus
806 2250 897 2286 addi,
932 2256 965 2281 ut
988 2249 1085 2280 Deut.
1108 2249 1159 2279 27.
1184 2249 1238 2278 ad-

276 2294 392 2323 duntur
414 2291 658 2322 maledictiones
682 2293 831 2323 omnibus
854 2292 1047 2332 praeceptis,
1091 2291 1162 2322 Nec
1182 2290 1237 2320 du-

277 2335 441 2365 bitandum
465 2341 529 2371 est,
564 2334 765 2365 calamitates
788 2335 896 2365 mundi
915 2344 1039 2375 poenas
1063 2343 1138 2363 esse
1161 2331 1238 2363 deli—

279 2470 322 2498 84)
341 2468 466 2499 oportere]
487 2470 521 2493 sir
541 2469 610 2493 Editt.
632 2471 684 2494 ι-
700 2471 735 2494 17.
755 2471 794 2495 21.
814 2472 852 2495 23,
873 2471 926 2497 25.;
946 2474 1045 2495 ceterae
1065 2469 1146 2499 Edita,
1166 2469 1237 2499 corp.

349 2503 426 2528 1—8..
445 2503 504 2532 opp.
527 2504 545 2526 1.
565 2503 586 2526 2.
606 2507 702 2533 oportet

280 2554 324 2581 85)
342 2551 460 2583 infinitae]
482 2552 551 2577 Editt.
573 2554 641 2577 1—3.
661 2555 683 2577 6.
704 2555 725 2577 74
746 2555 769 2578 9.
792 2555 828 2578 12.
849 2554 942 2579 infinita

896 125 1002 157 PHlL.
1026 125 1127 157 MEL.
1150 124 1333 159 SCRIPTA
1357 125 1630 160 DOGMATlCA.

2193 129 2253 161 700

1282 227 1410 252 ctorum
1422 222 1527 251 omnis
1541 221 1671 262 generis
1678 243 1689 258 ,
1708 221 1798 252 iuxta
1814 221 1935 252 dictum
1947 220 2068 252 Psalmi
2091 221 2156 260 [38,
2172 222 2251 260 12.Ι;

1282 263 1419 304 Propter
1441 263 1638 304 iniquitatem
1661 263 1800 303 corripis
1822 262 1908 295 filios
1931 263 2105 296 hominum.

1502 346 1561 378 DE
1583 346 1740 378 TERTIO
1763 346 2031 379 PRAECEPTO.

1368 430 1411 461 Ut
1443 432 1474 462 in
1507 432 1610 472 primo
1642 432 1802 463 docentur
1825 441 1924 472 opera
1948 433 2100 464 interiora
2123 434 2251 467 mentis.

1282 471 1458 503 voluntatis
1493 480 1523 504 et
1558 474 1666 504 cordis
1702 483 1780 516 erga
1801 473 1923 511 Deum,
1954 475 1986 505 in
2009 476 2155 506 secundo
2179 485 2253 515 pro-

1283 514 1385 546 sessio
1409 522 1563 551 externa;
1587 516 1632 546 lta
1658 515 1709 546 hic
1733 518 1764 547 in
1787 517 1882 547 tertio
1895 517 2031 548 traditur
2043 525 2252 558 praeceptum

1282 557 1323 588 de
1346 557 1546 588 Geremoniis
1570 559 1722 589 divinitus
1746 559 1920 595 institutis.
1944 560 2003 590 sed
2026 560 2139 590 harum
2161 569 2252 600 prae—

1283 600 1398 640 cipuus
1422 599 1496 630 finis
1519 599 1750 642 intelligendus
1775 608 1836 631 est.
1877 600 2093 632 Ceremoniae
2116 602 2253 633 traditae

1282 649 1357 672 sunt
1390 648 1523 683 propter
1552 643 1761 674 ministerium
1784 643 1938 680 docendi,
1970 650 2001 674 et
2025 650 2099 675 sunt
2122 644 2254 674 admini-

1282 683 1355 714 cula
1378 683 1475 715 huius
1499 682 1684 715 functionis.
1729 685 1818 726 Ergo
1842 692 2051 726 praeceptum
2075 687 2115 717 de
2127 685 2254 717 Sabba-

1281 732 1315 756 to
1325 727 1501 766 praecipue
1510 728 1725 758 concionatur
1734 728 1774 757 de
1784 728 1961 758 ministerio
1971 729 2109 759 docendi
2117 734 2148 758 et
2154 728 2253 759 admi-

1281 768 1440 798 nistrandi
1458 767 1664 799 'ceremonias
1677 770 1828 800 divinitus
1841 771 2021 806 institutas:
2046 771 2131 801 sicut
2145 776 2253 801 textus

1282 820 1348 840 non
1363 810 1438 841 dicit
1453 811 1493 841 de
1508 811 1722 841 otiotantum.
1741 812 1800 842 sed
1810 813 1998 843 nominatim
2010 813 2051 843 de
2064 812 2253 843 Sanctifica-

1281 852 1380 882 tione.
1427 852 1505 883 Vult
1529 862 1569 883 eo
1593 853 1644 883 die
1667 859 1781 883 sancta
1805 863 1907 893 opera
1930 854 2010 892 fieri,
2036 855 2069 885 id
2093 861 2154 892 est,
2178 864 2253 894 pro-

1281 894 1351 934 prie
1374 895 1480 925 dicata
1504 894 1589 932 Deo,
1614 895 1677 925 hoc
1700 901 1762 932 est,
1797 895 1909 926 doceri
1932 894 2087 936 populum
2111 901 2142 927 et
2164 906 2254 928 cere·

1281 937 1407 967 monias
1442 937 1609 968 institutas
1637 938 1789 968 divinitus
1814 939 1969 969 exerceri.
2014 938 2068 969 Ad
2090 947 2162 970 eam
2185 948 2253 969 rem

1282 977 1399 1019 aliquis
1433 979 1502 1010 dies
1538 980 1579 1010 sit
1613 980 1805 1010 destinatus.
1851 979 1942 1011 Haec
1968 979 2156 1021 principalis
2178 990 2253 1012 sen-

1281 1021 1383 1051 tentia
1401 1022 1541 1062 pertinet
1564 1022 1605 1052 ad
1629 1032 1742 1052 omnes
1766 1021 1915 1053 homines
1928 1030 1959 1053 et
1973 1023 2081 1054 omnia
2091 1029 2251 1064 tempora,

1281 1064 1356 1103 quia
1390 1070 1440 1094 est
1464 1063 1534 1094 Lex
1567 1070 1713 1095 naturae.
1759 1063 1933 1095 Caeterum
1955 1065 1996 1096 de
2020 1066 2253 1097 observatione

1281 1106 1407 1145 septimi
1430 1106 1492 1137 diei
1526 1112 1666 1143 constat,
1689 1107 1857 1147 abrogatis
1880 1108 2073 1139 ceremoniis
2086 1107 2252 1144 Leviticis,

1258 1185 1260 1192 χ
1281 1148 1375 1178 etiam
1397 1147 1482 1179 hanc
1505 1149 1721 1180 ceremoniam
1745 1158 1821 1179 esse
1843 1155 2016 1187 mutatam,
2037 1155 2073 1180 ut
2095 1148 2186 1181 clare
2208 1149 2253 1180 di-

1257 1226 1260 1237 ·
1282 1190 1365 1221 citur
1388 1189 1461 1220 Col.
1485 1192 1515 1221 Ξ.
1540 1194 1602 1228 [vs.
1622 1191 1684 1229 164
1709 1190 1813 1222 Recte
1835 1192 1933 1232 igitur
1955 1191 2084 1229 dicitur,
2102 1193 2134 1222 in
2157 1192 2253 1223 tertio

1282 1239 1461 1273 praecepto
1496 1234 1578 1264 duas
1613 1243 1688 1264 esse
1710 1239 1834 1274 parteS,
1868 1244 1966 1265 unam
1989 1232 2171 1265 naturalem
2193 1243 2253 1266 seu

1282 1274 1437 1306 moralem
1460 1285 1520 1307 seu
1542 1285 1659 1317 genus,
1683 1275 1784 1306 altera
1806 1285 1885 1315 pars
1909 1282 1958 1307 est
1982 1277 2168 1308 ceremonia
2179 1287 2254 1317 pro—

1282 1318 1351 1358 pria
1373 1316 1494 1358 populo
1517 1317 1631 1355 lsrael,
1656 1327 1715 1349 seu
1737 1319 1864 1358 species
1889 1318 1929 1348 de
1953 1318 2004 1349 die
2022 1319 2173 1359 septimo.
2201 1317 2253 1349 De

1282 1360 1392 1400 priore
1416 1360 1550 1398 dicitur,
1581 1359 1729 1391 naturale
1752 1369 1812 1391 seu
1835 1369 1941 1401 genus
1965 1370 2040 1391 esse
2060 1367 2252 1401 perpetuum

1283 1408 1315 1432 et
1336 1411 1402 1432 non
1425 1412 1525 1442 posse
1548 1403 1711 1443 abrogari,
1736 1401 1889 1433 videlicet
1911 1403 2099 1433 mandatum
2122 1403 2163 1433 de
2176 1413 2253 1434 con—

1283 1445 1446 1474 servando
1470 1445 1648 1475 ministerio
1672 1443 1821 1484 publico,
1844 1444 1910 1481 sic,
1932 1449 1968 1475 ut
1989 1443 2100 1485 aliquo
2123 1445 2174 1476 die
2196 1454 2253 1486 po—

1281 1484 1377 1526 pulus
1402 1487 1560 1517 doceatur
1583 1493 1615 1517 et
1630 1487 1835 1517 ceremoniae
1847 1486 2001 1518 divinitus
2013 1487 2182 1518 institutae
2197 1497 2252 1518 ex-

1282 1534 1469 1565 erceantur3
1492 1529 1627 1570 Species
1652 1539 1743 1566 vero,
1766 1539 1851 1570 quae
1863 1529 2050 1559 nominatim
2063 1529 2103 1560 de
2115 1530 2253 1571 septimo

1282 1570 1334 1601 die
1355 1569 1509 1611 loquitur,
1532 1572 1691 1613 abrogata
1714 1576 1774 1602 est.

1367 1612 1544 1644 Discamus
1574 1623 1655 1655 ergo
1685 1623 1763 1644 vere
1785 1612 1838 1644 hic
1861 1614 2006 1654 praecipi
2029 1615 2252 1645 conservatio-

1281 1665 1355 1686 nem
1378 1655 1500 1696 publici
1524 1656 1690 1686 ministerii
1713 1662 1744 1687 et
1767 1657 2034 1694 ceremoniarum,
2057 1666 2140 1697 quas
2157 1656 2251 1687 Deus

1280 1698 1433 1735 instituit,
1457 1699 1545 1739 quod
1567 1698 1660 1729 Deus
1682 1697 1751 1729 vult
1777 1708 1986 1737 conservare,
2011 1703 2047 1729 ut
2067 1703 2197 1729 maneat
2219 1705 2252 1730 et

1281 1746 1483 1781 propagetur
1505 1740 1675 1777 Ecclesia,
1709 1747 1743 1771 ut
1766 1740 1849 1781 Eph.
1878 1741 1908 1771 4.
1941 1744 2004 1779 [vs.
2030 1740 2095 1779 11.]
2118 1741 2251 1772 dicitur:

1282 1783 1381 1813 Dedit
1418 1781 1501 1813 alios
1535 1783 1664 1824 quidem
1698 1782 1899 1824 Apostolos,
1938 1782 2022 1814 alios
2054 1781 2250 1824 Prophetas,

1283 1824 1368 1855 alios
1391 1824 1564 1862 Pastores‚
1587 1825 1671 1856 alios
1694 1826 1879 1863 Doctores,
1910 1831 1946 1856 ut
1961 1824 2157 1856 aedificetur
2179 1835 2250 1857 cor-

1283 1877 1345 1908 pus
1370 1866 1502 1905 Christi,
1525 1874 1560 1899 ut
1581 1878 1648 1898 non
1671 1867 1878 1905 fluctuemus,
1899 1877 1961 1898 nec
1984 1864 2252 1899 circumferamur

1284 1911 1370 1940 omni
1394 1916 1490 1941 vento
1514 1910 1691 1948 doctrinae,
1713 1911 1745 1940 id
1768 1912 1888 1945 est:³⁶)
1909 1909 2009 1940 Dedit
2032 1916 2157 1941 certum
2177 1919 2250 1941 ver·

1284 1953 1360 1983 bum
1392 1962 1452 1993 per
1473 1951 1656 1993 Prophetas
1680 1959 1711 1983 et
1733 1950 1913 1992 Apostolos
1936 1951 2066 1992 publice
2088 1961 2250 1993 sparsum,

1283 1995 1402 2025 additis
1425 1995 1524 2025 certis
1547 1995 1758 2032 testimoniis,
1781 1999 1812 2024 et
1834 1994 1972 2025 instituit
1994 1995 2171 2026 ministeria
2192 2004 2250 2035 pu·

1284 2036 1388 2074 blica,
1421 2037 1453 2067 in
1483 2037 1601 2077 quibus
1623 2042 1718 2067 sonet
1740 2035 1806 2066 hoc
1828 2037 1980 2074 verbum,
2013 2043 2048 2067 ut
2070 2037 2248 2068 habeamus

1283 2086 1405 2110 certam
1439 2079 1480 2109 de
1507 2078 1580 2109 Deo
1610 2079 1808 2115 doctrinam,
1843 2088 1904 2109 nec
1937 2079 2160 2120 excogitemus
2188 2079 2250 2119 ipsi

1282 2130 1386 2152 novas
1408 2119 1582 2161 religiones
1601 2122 1685 2152 sicut
1696 2120 1835 2158 Ethnici,
1858 2126 1913 2151 aut
1935 2131 2041 2152 novos
2065 2121 2172 2153 cultus
2186 2127 2248 2152 etc.

1283 2163 1355 2193 Hoc
1388 2168 1509 2193 tantum
1542 2163 1605 2194 Dei
1641 2164 1761 2194 donum
1794 2173 1921 2200 amare,
1954 2164 2104 2195 venerari
2133 2170 2165 2195 et
2187 2173 2248 2194 suo

1283 2206 1420 2246 quisque
1448 2203 1524 2235 loco
1549 2207 1705 2236 adiuvare
1733 2206 1838 2236 debet.
1883 2205 1975 2236 Sicut
1998 2205 2073 2236 dicit
2097 2205 2248 2237 Christus

1284 2247 1376 2284 [Luc.
1404 2247 1452 2284 10,
1478 2247 1558 2285 16.]:
1593 2248 1655 2283 Qui
1689 2258 1751 2278 vos
1773 2248 1877 2285 audit,
1900 2257 1951 2278 me
1973 2248 2077 2285 audit,
2110 2248 2164 2289 qui
2186 2258 2247 2278 vos

1281 2290 1419 2329 spernit,
1441 2299 1492 2320 me
1514 2292 1647 2331 spernit.
1682 2291 1733 2321 Ac
1756 2288 1938 2331 Prophetae
1961 2288 2170 2330 deplorantes
2194 2299 2247 2320 so-

1280 2331 1445 2362 litudinem
1467 2333 1499 2362 in
1512 2332 1657 2363 Sabbato
1681 2338 1861 2373 queruntur
1883 2331 2039 2363 abolitum
2058 2342 2134 2363 esse
2156 2332 2246 2363 mini-

1282 2374 1414 2405 sterium
1436 2374 1583 2405 docendi.

1367 2416 1448 2447 Sunt
1481 2417 1578 2458 igitur
1611 2427 1707 2457 opera
1742 2416 1835 2447 huius
1866 2417 2048 2457 praecepti,
2081 2417 2134 2456 pie
2155 2414 2246 2457 fungi

1258 2536 1261 2564 >²
1284 2554 1328 2581 86)
1348 2553 1371 2577 id
1390 2557 1445 2578 est:
1463 2553 1564 2578 absunt
1582 2553 1617 2578 aa
1635 2552 1706 2577 Edin.
1729 2554 1798 2576 1-4.
1818 2554 1839 2576 6.
1859 2553 1880 2576 7.
1899 2555 1922 2576 υ.
