2358 2933
103 138 166 170 385

190 229 329 258 Discerni
355 230 433 257 enim
459 228 570 257 debent
597 228 768 256 substantia
793 236 810 254 a
829 226 886 254 deo
911 228 1024 259 creata7
1051 228 1081 254 et

103 274 206 303 vitium
231 282 288 300 seu
308 271 424 308 ἀταξία,
445 281 522 308 quae
545 273 655 308 postea
674 270 814 298 accessit.

189 314 327 343 Formale
353 314 467 351 peccati
492 314 610 351 proprie
635 316 683 341 est
710 315 829 345 reatus
855 309 1009 338 materiale
1033 312 1081 337 est

104 359 202 396 ipsum
222 357 334 390 vitium
354 356 410 384 hoc
430 359 487 390 est
507 355 661 389 desectus
681 358 710 383 et
734 353 941 382 inclinationes
964 362 1081 390 pravae.

189 399 256 427 Hoc
280 408 336 427 uon
363 399 440 426 satis
464 398 653 427 31100(101·1101
676 396 859 424 recentiores
878 395 1081 428 Sententiarii

104 441 154 479 qui
177 443 285 468 vocant
308 440 458 467 delectum
482 440 605 468 s·01male
629 439 762 477 peccati
792 447 858 466 ‹um
890 438 931 465 sit
957 436 1081 465 lormale

104 483 175 511 vitii.
221 480 378 510 Materiale
398 485 504 509 vocant
523 481 812 517 coumptscentiam,
838 480 867 508 id
887 483 949 515 est7
969 479 1081 517 appeti-

103 526 202 554 tiones
221 525 249 552 in
268 533 373 552 sensu.

189 565 261 595 Ideo
280 569 394 594 remoto
413 564 533 593 defectu
553 565 580 592 in
606 563 770 601 baptismo.
798 563 877 590 sicut
903 562 960 600 ipsi
982 563 1081 600 imagi-

105 609 257 638 nabantur.
280 612 380 636 cetera
398 608 541 646 putabant
559 615 632 634 esse
652 604 808 645 ἀδιάφορα.

191 651 229 680 Et
253 654 285 679 ut
304 651 350 679 fit.
377 651 404 678 in
425 650 480 677 hoc
500 659 596 677 errore
616 646 700 676 multi
719 650 790 675 sunt
810 656 925 675 errores
946 646 1080 681 involuti7

104 703 182 732 quos
218 693 366 730 explicare
397 691 518 729 longum
549 694 644 724 esset.
675 693 705 718 et
729 689 822 718 multa
848 690 950 718 dicunt
979 692 1081 717 contra

105 736 299 764 dialecticam.

190 777 266 805 Hinc
296 777 448 813 sequitur,
474 775 554 814 quod
579 776 691 813 fingunt
718 774 866 802 hominem
885 773 946 812 legi
966 773 1014 801 dei
1035 783 1080 801 sa-

103 820 245 849 tisfacere
267 828 363 857 posse
387 822 443 847 etc.
487 818 552 846 Nec
572 818 609 845 de
629 818 687 845 fide
707 817 864 854 quicquam
885 816 993 845 dicunt.

191 861 291 896 Quare
310 860 479 899 simplicem
501 861 652 889 veritatem
674 860 866 895 retineamus7
886 869 941 887 nec
955 868 1080 896 quaera—

104 914 181 939 mus7
201 904 351 942 quomodo
371 912 555 931 excusemus
575 902 698 930 aliorum
724 905 825 930 errata.

189 946 229 975 Et
248 945 418 983 Prophetae
445 949 474 974 et
493 944 636 983 Apostoli
662 948 764 982 aperte
791 947 897 973 vocant
922 948 1079 982 peccatum

104 992 228 1018 naturae
247 989 445 1016 infirmitatem
464 987 605 1025 reliquam
627 988 654 1015 in
674 988 796 1015 sanctis.

189 1030 230 1059 Et
252 1030 368 1059 Paulus
399 1030 544 1058 discernit
576 1031 651 1058 inter
679 1032 835 1067 peccatum
863 1033 892 1057 et
917 1028 1079 1056 damnatio—

104 1083 187 1107 nem,
214 1072 271 1101 hoc
291 1076 352 1107 est,
379 1073 455 1101 inter
474 1072 575 1100 vitium
596 1071 670 1099 illud
689 1081 830 1112 pugnans
851 1081 917 1099 cum
942 1070 1011 1108 lege
1031 1070 1078 1098 dei

104 1119 135 1144 et
151 1119 274 1144 reatum.

323 1232 381 1262 De
402 1232 586 1272 peccatis
610 1229 862 1262 actualibus.

188 1324 366 1355 Peccatum
389 1322 518 1354 actuale
536 1323 703 1364 significat
720 1322 848 1354 fructus
868 1324 1006 1354 vitiosae
1024 1332 1080 1353 na-

102 1373 212 1403 turae,
234 1365 299 1396 1100
323 1370 388 1403 est,
410 1365 569 1402 affectus,
593 1366 748 1406 cogitata,
771 1366 870 1403 dicta,
893 1364 982 1396 facta
1004 1375 1080 1396 con-

102 1415 154 1442 tra
181 1407 289 1449 legem
315 1407 389 1439 Dei.
440 1407 547 1438 Simul
575 1413 683 1439 autem
717 1407 890 1448 complecti
923 1408 1080 1438 debemus

102 1460 279 1492 personam
308 1456 339 1481 et
369 1459 462 1490 opus.
507 1450 619 1490 Itaque
642 1452 767 1482 etiamsi
791 1450 891 1491 aliqui
913 1451 1000 1491 impii
1024 1450 1081 1480 lia-

102 1495 182 1524 bent
208 1492 349 1523 honesta
372 1503 490 1532 opera,
518 1498 625 1523 tamen
649 1494 725 1533 quia
747 1503 912 1533 personae
936 1498 1011 1524 511111
1035 1493 1081 1523 vi-

103 1537 225 1572 tiosae,
256 1545 357 1575 opera
385 1545 452 1565 non
475 1534 608 1575 placent
630 1534 715 1566 Deo.
760 1535 801 1566 Et
824 1537 856 1566 in
878 1535 942 1565 illis
967 1545 1081 1575 perso-

102 1579 154 1608 nis
177 1583 254 1608 sunt
275 1578 431 1608 interiora
452 1578 541 1614 vitia.
566 1578 736 1616 dubitatio,
760 1588 881 1608 vacare
905 1578 1022 1608 timore
1041 1587 1081 1608 ac

103 1620 223 1651 fiducia
245 1618 327 1654 Det3
356 1626 391 1650 ut
414 1621 447 1649 in
470 1620 607 1650 summis
634 1620 726 1657 w‘ris9
754 1620 936 1660 Pomponio
960 1619 1081 1657 Attico,

103 1662 274 1698 Cicerone,
295 1662 350 1702 qui
370 1662 495 1692 etiamsi
514 1661 635 1692 habent
656 1663 801 1693 notitiam
820 1662 963 1703 aliquam
981 1661 1080 1703 legis²

102 1704 265 1740 videlicet,
289 1704 378 1744 quod
401 1703 495 1734 Deus
520 1705 561 1733 sit
584 1705 702 1741 bonus,
725 1705 849 1736 iustus:
883 1710 992 1735 tamen
1016 1714 1082 1735 non

103 1752 223 1778 norunt
240 1744 468 1787 Evangeliuni,
492 1746 580 1786 quod
598 1746 692 1777 Deus
717 1748 819 1787 gratis
842 1747 984 1777 remittat
1007 1757 1082 1786 pec-

104 1795 193 1820 cata:
227 1789 366 1828 ideoque
399 1789 431 1818 in
465 1789 593 1829 magnis
617 1787 850 1820 afflictionibus
872 1789 1017 1819 iudicant
1045 1798 1082 1819 se

103 1832 192 1862 reiici
215 1841 235 1861 a
256 1830 342 1861 Deo.
387 1830 498 1865 Quare
528 1840 601 1861 cum
631 1831 773 1862 habeant
798 1831 974 1862 interiores
997 1841 1081 1861 mor-

103 1875 183 1911 1105,
225 1874 321 1904 011301
354 1871 545 1913 polluuntur
579 1879 734 1904 externae
771 1874 930 1905 actiones.
988 1873 1082 1904 Sicut

102 1915 228 1947 Paulus
262 1915 306 1945 ait
340 1915 447 1952 [Rom.
483 1915 533 1953 14,
567 1915 647 1955 23.]:
673 1916 795 1953 Omne,
824 1917 911 1956 quod
940 1926 1006 1946 non
1030 1921 1082 1946 est

103 1968 145 1989 ex
168 1958 243 1996 fide,
266 1963 439 1997 peccatum
463 1964 531 1993 est3
556 1958 588 1988 id
611 1965 681 1996 est,
704 1959 793 1999 quod
816 1958 851 1988 fit
874 1959 914 1989 ab
938 1957 1001 1995 his,
1025 1958 1080 1998 qui

104 2001 251 2031 dubitant
274 2010 310 2031 se
334 2000 454 2041 respici
477 2011 497 2031 a
518 1999 610 2038 Deo,
635 2001 689 2041 qui
713 2011 778 2031 non
803 2001 941 2032 credunt
964 2010 1001 2031 se
1023 2000 1081 2030 ha-

103 2044 183 2073 bere
206 2042 314 2073 Deum
342 2043 536 2083 propitium:
581 2043 664 2073 fides
694 2044 778 2074 enim
811 2043 975 2084 significat
1000 2043 1081 2074 fidu-

105 2086 189 2116 ciam
219 2085 474 2115 misericordiae.
521 2085 715 2135 Quanquam
744 2086 828 2116 enim
859 2096 925 2116 non
950 2091 999 2116 est
1023 2095 1081 2115 no-

104 2128 161 2157 stri
193 2127 319 2164 iudicii,
351 2128 427 2167 quid
450 2127 543 2157 Deus
574 2128 679 2169 egerit
703 2139 776 2159 cum
797 2127 863 2158 illis
886 2127 1082 2169 praestanti-

106 2171 167 2201 bus
192 2170 288 2207 viris,
319 2168 461 2207 Solone,
492 2152 729 2203 Themistocle
758 2170 877 2202 Fabio
914 2171 1082 2211 Scipione,

104 2211 285 2251 Pomponio
307 2211 419 2242 Attico
444 2218 476 2242 et
498 2211 668 2250 similibus,
693 2223 735 2243 an
753 2205 900 2253 peculari
920 2213 1080 2244 beneficio

105 2255 185 2294 ipsis
209 2265 288 2294 pra(
292 2254 397 2285 buetit
418 2253 560 2294 aliquem
583 2254 785 2287 intellectum
804 2256 967 2297 gratuitae
986 2256 1082 2286 mise-

105 2298 267 2328 1100111130
290 2303 319 2327 et
345 2297 547 2327 100115510015
571 2303 785 2336 pe‹cat01um
809 2304 841 2328 et
864 2299 989 2333 veri75)
1014 2296 1081 2330 cul-

105 2344 175 2375 tus:
199 2345 308 2369 tamen
332 2347 392 2369 1105
416 2345 539 2369 tantum
564 2341 651 2370 iuxta
675 2341 809 2371 v·e1bum
828 2351 914 2371 nunc
938 2339 1081 2381 ploniul-

107 2387 232 2422 gatum,
263 2382 327 2412 110(
351 2386 422 2431 0512
447 2382 537 2412 iuxta
561 2380 777 2423 Evangelium
808 2383 954 2414 iudicare
985 2383 1081 2413 debe-

105 2433 189 2460 mus,
211 2424 373 2454 neminem
397 2424 467 2454 sine
491 2423 612 2454 Christi
637 2425 824 2465 cognitione
848 2431 879 2455 et
896 2426 1082 2456 1015011001-

107 2465 159 2495 (113
181 2472 316 2506 propter
339 2465 505 2496 Christum
527 2467 691 2507 promissa
714 2465 841 2497 salvum
866 2466 945 2498 fieri.

109 2560 153 2590 75)
172 2560 202 2584 ri
219 2560 318 2590 syllaba
336 2561 361 2585 in
379 2560 420 2585 Ed.
442 2562 462 2584 1.
481 2560 579 2585 excidit.

274 2610 419 2628 MELANTH.
435 2610 515 2628 011111.
531 2610 592 2628 von
609 2610 667 2628 xxi.

556 135 578 166 Ι.
602 133 702 165 LOCI
725 131 1000 164 THEOLOGICI:
1024 131 1061 163 C.
1086 131 1296 164 SECUNDA
1318 131 1472 163 EORUM
1497 133 1653 164 AETAS.

2041 129 2105 161 386

1211 224 1278 255 Sed
1308 224 1362 255 hic
1388 225 1483 255 obiici
1513 230 1638 264 potest:
1671 224 1706 253 Si
1734 224 1875 255 honesta
1903 233 2005 264 opera
2028 231 2105 255 sunt

1123 272 1282 306 peccata,
1311 277 1468 307 quorsum
1492 267 1591 308 igitur
1613 267 1747 306 prodest
1771 276 1809 296 ea
1832 266 1965 296 facere?
2010 266 2102 296 item:

1125 308 1192 339 Cur
1220 310 1378 349 praecipit
1411 320 1449 340 ea
1471 309 1583 346 Deus,
1608 319 1680 339 cum
1708 318 1773 339 non
1805 308 1963 348 approbet
1987 317 2104 348 pecca-

1124 357 1211 381 tum:
1256 352 1347 382 iuxta
1383 350 1480 386 illud.
1520 351 1594 381 Non
1628 350 1721 381 Deus
1756 349 1873 381 volens
1908 350 2105 390 impietatem

1123 399 1159 424 tu
1183 392 1239 423 es?

1210 434 1409 475 Responsio.
1455 435 1559 465 Nobis
1588 433 1695 465 facilis
1719 441 1769 465 est
1792 434 1986 474 responsio3
2020 434 2106 464 adde

1125 478 1211 507 enim
1234 477 1329 508 fidem
1353 478 1394 508 ad
1416 477 1503 508 113110
1526 476 1742 517 disciplinam,
1761 482 1839 507 tunc
1858 475 2001 516 placebit
2019 476 2106 513 Deo,

1126 520 1251 549 etiamsi
1276 530 1311 549 re
1334 530 1414 550 vera
1437 525 1487 550 est
1510 518 1701 559 imperfecta
1725 519 1919 556 obedientia,
1943 519 2028 549 sicut
2051 527 2105 548 su-

1125 571 1184 600 pra
1207 562 1286 597 dixi,
1317 563 1391 601 quia
1418 571 1562 601 persona
1584 560 1703 601 placet.
1748 560 1787 590 Et
1812 560 1896 590 haec
1920 561 2106 591 obedientia

1125 602 1223 633 habet
1247 604 1280 632 in
1303 603 1367 640 his,
1391 604 1446 643 qui
1470 612 1548 633 vere
1572 603 1725 640 credunt.
1749 603 1893 642 praemia
1918 601 2106 643 corporalia

1126 651 1157 675 et
1176 644 1369 684 spiritualia,
1392 646 1425 675 in
1448 644 1511 676 hac
1534 645 1600 675 vita
1624 650 1654 675 et
1679 650 1754 684 post
1778 644 1864 674 hanc
1883 646 1992 675 vitam.
2038 644 2106 674 Sed

1125 688 1153 717 ,51
1183 687 1224 717 (10
1252 688 1358 727 impiis
1387 689 1573 728 quaeritur,
1602 686 1667 717 hoc
1690 687 1898 727 respondeo:
1946 687 2014 717 Nos
2038 696 2106 717 non

1125 739 1201 759 esse
1225 729 1372 767 Stoicos,
1403 730 1458 770 qui
1490 730 1701 770 disputabant
1725 730 1833 760 omnia
1855 735 1992 770 peccata
2014 729 2106 769 paria

1125 782 1210 802 esse.
1258 771 1325 802 Sed
1358 771 1433 812 plus
1472 778 1589 812 peccat
1623 772 1729 809 Nero,
1771 782 1868 812 quam
1902 771 2105 812 Pomponius

1123 813 1272 845 Atticus:
1314 815 1373 844 etsi
1398 814 1459 844 Dei
1482 814 1636 845 iudicium
1660 819 1722 846 est.
1748 820 1890 855 quantus
1914 814 2039 855 gradus
2063 814 2106 844 sit.

1123 857 1286 887 interioris
1310 857 1388 894 vitii,
1407 857 1495 897 quod
1516 862 1604 887 certe
1628 867 1694 887 non
1717 857 1815 887 debet
1838 857 2019 887 extenuari.
2065 856 2106 887 Et

1123 905 1232 929 tamen
1250 900 1384 940 requirit
1398 899 1490 929 Deus
1510 904 1646 930 externa
1664 898 1805 929 honesta
1818 909 1930 939 opera,
1949 909 2033 940 quae
2048 909 2105 929 vo-

1124 947 1241 972 cantur
1262 940 1347 982 legis
1373 952 1483 981 opera.
1543 941 1746 982 ⁷⁶)Requirit
1777 948 1883 972 autem
1910 947 1941 972 et
1969 947 2105 982 propter

1124 982 1391 1023 tranquillitatem
1414 984 1580 1014 hominum
1608 984 1692 1014 inter
1714 985 1808 1023 ipsos
1837 990 1868 1014 et
1900 990 2035 1024 propter
2059 984 2104 1014 di-

1124 1025 1307 1066 sciplinam,
1331 1026 1396 1056 hoc
1421 1032 1482 1063 est,
1501 1031 1535 1057 ut
1559 1026 1681 1056 institui
1702 1037 1741 1056 at·
1761 1027 1873 1056 doceri
1892 1026 2042 1056 homines
2063 1026 2104 1056 de

1123 1067 1307 1110 Evangelio
1326 1069 1466 1108 possint.
1513 1068 1605 1099 Sicut
1630 1069 1673 1098 ait
1696 1068 1818 1099 Paulus
1839 1067 1928 1107 [Gal.
1953 1068 1983 1105 3,
2019 1068 2102 1106 ⁵244:

1124 1110 1194 1141 Lex
1219 1117 1271 1141 est
1294 1111 1522 1152 paedagogus.
1568 1110 1609 1140 Et
1637 1110 1723 1140 hanc
1746 1111 1986 1152 paedagogiani
2009 1121 2103 1141 ornat

1124 1152 1217 1183 Deus
1253 1153 1397 1194 egregiis
1432 1153 1586 1193 praemiis
1623 1152 1868 1203 001Ῥο13111)115;
1909 1158 1939 1183 01
1969 1159 2105 1184 econtra

1124 1178 1355 1226 violati011en1⁰
1365 1195 1449 1236 legis
1480 1201 1650 1226 externam
1679 1196 1767 1234 punit
1798 1196 1955 1236 gravibus
1986 1196 2103 1235 poenis

1125 1237 1354 1277 corporalibus
1385 1243 1416 1268 et
1439 1238 1591 1268 aeternis.
1628 1237 1738 1272 Quale
1761 1238 1896 1278 prodest
1919 1237 2005 1269 hane
2028 1248 2104 1279 pae-

1125 1280 1301 1321 dagogiam
1320 1278 1532 1320 amplificare,
1556 1285 1587 1310 et
1611 1279 1783 1321 diligenter
1803 1281 1924 1311 docere
1942 1280 2104 1319 1101011105,

1123 1328 1158 1353 ut
1181 1327 1326 1353 statuant
1349 1323 1503 1353 divinitus
1530 1328 1562 1353 et
1587 1323 1733 1362 praemia
1758 1333 1818 1363 pro
1844 1329 1933 1353 recte
1950 1321 2047 1354 factis
2073 1330 2104 1355 et

1123 1374 1249 1404 poenas
1272 1375 1333 1405 pro
1362 1364 1490 1395 delictis
1515 1365 1706 1405 propositas
1733 1375 1820 1395 esse.
1876 1365 1977 1406 quue
2007 1367 2103 1397 docet

1124 1407 1289 1447 scriptura
1312 1408 1344 1438 in
1370 1407 1443 1447 ipso
1471 1406 1654 1448 decalogo,
1683 1408 1724 1438 (10
1749 1408 1919 1448 praemiis:
1966 1408 2104 1440 Honora

1122 1454 1248 1490 patrem
1267 1456 1296 1480 et
1320 1455 1469 1487 matrem,
1494 1450 1522 1480 si
1541 1451 1590 1480 vis·
1615 1460 1690 1481 esse
1709 1449 1895 1492 longaevus
1915 1460 2016 1492 super
2035 1457 2101 1482 ter-

1125 1576 1170 1607 76)
1190 1575 1253 1600 Pro
1272 1584 1334 1609 sqq.
1366 1578 1477 1608 Requirit
1494 1579 1579 1602 autem
1600 1591 1631 1595 —
1651 1592 1683 1595 —
1703 1578 1770 1608 apud
1789 1579 1926 1603 Hesiodum
1947 1580 1972 1603 et
1989 1579 2051 1603 alios
2071 1579 2102 1603 de

1194 1611 1281 1639 poenis
1301 1612 1450 1636 delictorum
1470 1611 1500 1635 in
1520 1612 1591 1636 Editt.
1614 1612 1720 1635 11—13.
1740 1614 1766 1637 et
1784 1613 1846 1643 opp.
1866 1611 1942 1636 haec
1961 1614 2042 1637 sant:
2062 1613 2104 1638 Est

1193 1647 1280 1669 autem
1308 1646 1371 1670 haec
1393 1646 1525 1675 disciplina
1550 1646 1705 1676 praestanda
1732 1649 1837 1676 propter
1866 1648 1975 1677 quatuor
2004 1653 2103 1671 causas.

1193 1678 1276 1702 Prima
1296 1681 1344 1707 est,
1363 1679 1420 1710 quia
1439 1680 1503 1704 deus
1522 1686 1578 1704 eam
1598 1680 1703 1709 flagitat,
1722 1681 1760 1704 cui
1780 1686 1868 1705 omnes
1883 1680 1985 1705 obedire
2000 1680 2102 1705 debent.

1195 1712 1325 1740 Secunda,
1345 1714 1372 1737 ut
1390 1713 1502 1738 vitentur
1513 1719 1619 1743 poenae.
1639 1715 1695 1744 quia
1716 1714 1779 1739 deus
1799 1720 1849 1739 non
1869 1715 1951 1739 solum
1971 1715 2102 1744 perpetuis

1195 1746 1346 1771 cruciatibus
1366 1748 1424 1776 post
1442 1747 1507 1771 hanc
1524 1748 1601 1772 vitam
1621 1748 1711 1778 impios
1731 1749 1815 1778 punit.
1844 1748 1890 1773 sed
1916 1749 1992 1773 etiam
2012 1749 2036 1772 in
2055 1749 2103 1773 hac

1194 1780 1245 1804 vita
1272 1780 1406 1805 horrendis
1435 1781 1559 1811 exemplis
1586 1782 1659 1811 punit
1685 1782 1840 1807 sceleratos:
1868 1782 2009 1806 homicidae
2023 1784 2103 1807 retra-

1194 1814 1288 1838 huntur
1310 1814 1342 1838 ad
1361 1814 1500 1844 supplicia.
1520 1815 1658 1840 manifesta
1676 1816 1700 1840 vi
1720 1816 1817 1843 divina.
1843 1817 1918 1841 etiam
1939 1822 1994 1840 rum
2014 1819 2104 1846 putant

1194 1854 1221 1871 se
1242 1848 1355 1872 erasisse
1375 1854 1405 1872 ex
1424 1848 1542 1873 manibus
1561 1850 1766 1878 magistratuum.
1800 1850 1911 1880 Denique
1930 1850 2012 1874 omnis
2025 1856 2103 1879 gene-

1194 1882 1229 1906 ris
1254 1882 1353 1906 scelera
1378 1882 1518 1912 puniuntur
1541 1883 1692 1913 quotidianis
1718 1884 1785 1908 vitae
1805 1883 2008 1913 calamitatibus,
2037 1890 2102 1914 quae

1195 1916 1329 1946 impositae
1355 1918 1415 1940 sunt
1438 1917 1526 1945 generi
1545 1917 1670 1942 humano.
1697 1920 1722 1942 ut
1741 1919 1861 1948 tauquam
1881 1923 1969 1942 carcer
1987 1918 2102 1943 homines

1195 1952 1220 1974 et
1244 1952 1377 1974 coerceant
1396 1952 1421 1974 et
1439 1950 1556 1981 puniant:
1582 1952 1648 1975 sicut
1666 1951 1782 1976 Psalmus
1802 1952 1889 1976 docet:
1924 1952 1952 1976 In
1970 1952 2059 1976 chamo
2078 1953 2104 1976 et

1194 1983 1268 2008 freno
1293 1984 1410 2008 maxillas
1435 1990 1523 2009 eorum
1549 1985 1702 2014 constringe.
1738 1985 1882 2015 Philosophi
1900 1989 2026 2016 quaerunt
2045 1992 2103 2010 cau-

1194 2024 1258 2046 sam.
1285 2024 1329 2042 cur
1353 2019 1416 2042 haec
1440 2020 1574 2048 praestans
1601 2021 1691 2043 natura
1715 2019 1829 2044 subiecta
1854 2020 1887 2044 sit
1912 2021 1948 2044 tot
1966 2021 2103 2045 aerumnis.

1194 2053 1222 2076 At
1242 2052 1358 2076 Psalmus
1376 2058 1464 2076 veram
1490 2059 1592 2077 causam
1619 2054 1748 2083 proponit:
1785 2055 1894 2078 testatur
1911 2054 2027 2079 homines
2046 2053 2103 2079 ideo

1194 2086 1321 2110 subiectos
1341 2092 1399 2110 csse
1419 2087 1457 2110 his
1477 2087 1677 2111 calamitatibus.
1708 2088 1765 2116 quia
1784 2089 1876 2111 natura
1896 2089 1935 2112 est
1954 2087 2059 2117 vitiosa,
2078 2089 2104 2112 et

1194 2122 1247 2144 tum
1270 2119 1411 2144 coercenda
1436 2123 1476 2145 est
1499 2123 1552 2145 tum
1577 2121 1706 2151 punienda
1725 2121 1877 2151 quotidianis
1896 2122 2033 2146 aerumnis.
2070 2123 2104 2146 Ac

1194 2156 1327 2178 moverunt
1353 2155 1471 2184 exempla
1495 2155 1571 2179 etiam
1592 2156 1719 2184 ethnicos
1744 2156 1786 2185 qui
1810 2155 1930 2179 ridebant
1956 2155 2104 2186 homicidas,

1194 2188 1322 2218 periuros
1353 2189 1463 2213 incestos
1491 2195 1564 2213 ruere
1585 2189 1609 2213 in
1628 2192 1727 2213 3110(05
1746 2195 1849 2218 poenas.
1888 2189 1949 2213 Hinc
1968 2191 2027 2214 sunt
2045 2190 2103 2214 illae

1194 2222 1336 2246 sentcntiae
1356 2222 1470 2259 [Hesiodi
1491 2223 1550 2252 Opp
1569 2224 1593 2246 et
1612 2224 1637 2247 Ι)
1656 2222 1732 2252 2853.
1746 2219 1846 2255 ἀνδρὸς
1865 2219 1892 2245 δ’
1903 2218 2012 2255 εἰόρκου
2024 2221 2104 2253 ysveri

1193 2253 1361 2288 μετόπισθεν
1380 2252 1500 2287 ἀμείνων
1517 2259 1543 2280 et
1561 2257 1666 2281 similes
1703 2257 1784 2281 Tertia
1803 2263 1882 2281 causa
1901 2260 1948 2284 est,
1967 2263 2012 2281 cur
2030 2257 2105 2282 disci-

1193 2290 1288 2320 plinam
1308 2296 1414 2315 necesse
1434 2292 1473 2315 est
1491 2292 1633 2320 praestare.
1652 2292 1679 2314 ut
1697 2291 1807 2315 societas
1825 2292 1966 2316 communis
1986 2291 2018 2316 sit
2035 2294 2105 2316 tran-

1193 2324 1278 2354 quilla.
1317 2324 1410 2353 Quarta
1429 2331 1506 2349 causa
1524 2325 1549 2348 in
1568 2325 1655 2354 primis
1674 2324 1879 2354 magnifacienua
1898 2327 1945 2354 est,
1963 2325 2021 2356 quia
2040 2326 2104 2351 Pau-

1194 2359 1233 2382 lus
1258 2360 1329 2382 vocat
1356 2358 1440 2388 legem
1461 2358 1645 2388 paedagogiani
1666 2359 1690 2383 in
1710 2359 1843 2383 Christum.
1879 2359 1922 2383 Hic
1935 2361 1974 2383 est
1995 2365 2103 2389 magnus

1193 2393 1273 2416 honos
1293 2392 1455 2422 disciplinae:
1484 2395 1573 2422 estque
1592 2392 1728 2422 sententia,
1748 2392 1828 2417 donec
1847 2393 1942 2417 vitiosis
1962 2393 2104 2422 cupiditati-

1195 2426 1242 2450 bus
1267 2426 1369 2451 frenum
1395 2427 1481 2451 laxant
1505 2426 1620 2451 homines
1645 2428 1670 2451 et
1689 2426 1847 2451 delectantur
1871 2426 2034 2456 turpitudine.
2053 2433 2103 2451 non

1195 2462 1254 2484 sunt
1280 2461 1394 2484 membra
1414 2461 1514 2485 Christi.
1548 2461 1618 2488 Item,
1645 2461 1776 2485 emendati
1794 2461 1815 2485 si
1834 2466 1922 2485 rursus
1942 2466 1969 2485 se
1989 2461 2104 2491 polluant

1197 2494 1299 2522 flagitiis
1331 2497 1417 2519 contra
1445 2494 1638 2524 conscientiam.
1665 2501 1715 2519 non
1741 2496 1845 2519 manent.
1870 2495 1984 2518 membra
2004 2495 2102 2519 Christi.

1197 2528 1262 2552 Haec
1280 2529 1344 2552 ratio
1364 2530 1465 2553 moveat
1483 2529 1589 2555 animos.
1617 2531 1644 2553 ut
1663 2529 1820 2558 disciplinam
1840 2528 1979 2553 iudicemus
1999 2534 2104 2558 magno-

1197 2568 1257 2591 pere
1275 2563 1448 2587 necessariam
1467 2568 1534 2587 esse.
