2358 2933
75 101 138 132 853

76 193 230 225 Monachi
253 199 284 223 et
303 191 380 223 olim
402 194 613 223 ἐνθουσιασταὶ
635 192 808 224 finxerunt.
842 192 933 224 Haec
955 192 1045 224 fana-

75 237 139 266 tica
162 234 374 266 deliramenta
397 235 582 266 execranda
604 242 698 271 sunt3
720 236 877 266 Oriuntur
887 241 1046 266 autemex

77 276 171 308 falsis
194 277 461 317 persuasionibus
485 278 525 308 de
549 277 720 318 disciplina
735 277 835 318 Legis
858 283 889 307 et
904 287 944 308 ex
955 278 1047 318 igno-

76 320 201 350 ratione
223 319 391 349 doctrinae
415 319 499 350 fidei.

160 362 231 392 Nos
255 367 371 392 contra
394 362 553 399 sciamus,
583 361 691 392 Deum
718 362 874 391 immensa
904 362 1049 392 bonitate

76 402 272 443 patefecisse
294 402 494 434 voluntatem
518 414 611 434 suam
634 401 870 444 inEvangelio,
894 413 955 433 nec
967 403 1049 434 alias

75 445 330 477 illuminationes
354 446 559 486 quaerendas
584 455 677 482 esse,
700 445 760 476 sed
784 445 882 475 fidem
905 452 935 475 et
958 446 1049 476 invo-

76 488 237 519 cationem
262 489 396 518 excitari
415 488 477 518 hoc
501 489 572 527 ipso
585 486 767 528 Evangelio
780 488 876 518 nobis
893 487 1050 526 exhibite,

76 536 107 561 et
130 529 223 560 Deus
246 529 316 560 vult
339 539 414 561 esse
434 529 600 570 publicum
622 530 847 566 ministerium,
872 530 970 570 idque
994 531 1050 561 mi-

76 570 219 602 rabiliter
242 579 418 603 conservat
442 579 475 603 et
497 572 636 602 subinde
659 578 831 613 repurgat,
864 578 899 603 ut
922 573 963 602 ad
985 572 1050 604 hoc

75 613 289 655 Evangelium
313 614 490 645 exhibitum
513 615 656 645 sciamus
674 613 861 644 Ecclesiam
883 613 1050 656 alligatam

76 666 162 686 esse.
207 656 298 687 Haec
321 657 397 687 dicit
420 656 544 687 Paulus
568 655 651 696 Eph.
671 657 701 686 4.
727 659 790 694 [VS.
817 657 881 695 lt]
905 656 956 687 his
979 667 1050 687 ver-

77 699 141 728 bis:
165 698 349 729 lnstitutum
373 708 450 729 esse
468 699 679 729 ministerium
689 698 873 740 Evangelii,
896 706 931 730 ut
943 698 1050 730 Evan-

77 739 196 781 gelium
220 746 450 778 conservetur,
478 741 527 771 Ne
552 740 820 772 circumferamur
839 742 924 772 omni
951 748 1049 772 vento

76 783 254 813 doctrinae.

407 849 718 882 CONFIRMATIO.

163 925 248 956 Olim
275 925 335 957 fuit
364 926 545 967 exploratio
570 928 756 965 doctrinae,
786 929 816 958 in
841 938 906 969 qua
929 927 1051 969 singuli

77 968 259 999 recitabant
299 978 457 1000 summam
494 970 662 1000 doctrinae
695 977 727 1001 et
761 971 981 1001 ostendebant
1013 980 1050 1000 se

76 1010 252 1041 dissentire
275 1012 316 1041 ab
331 1010 478 1042 Ethnicis
502 1018 534 1042 et
552 1012 746 1049 HaereticiS,
770 1019 801 1043 et
824 1018 893 1043 erat
912 1022 984 1042 mos
1008 1013 1049 1042 ad

76 1052 272 1084 erudiendos
296 1052 457 1091 homines5
482 1054 558 1085 item
581 1055 623 1085 ad
640 1055 876 1085 discernendos
889 1053 1048 1095 profanos

76 1101 108 1125 et
130 1096 202 1135 pios
225 1095 398 1126 admodum
420 1095 520 1126 utilis.
559 1096 682 1127 Postea
701 1097 799 1127 fiebat
822 1096 954 1137 publica
977 1107 1050 1136 pre-

75 1138 172 1174 catio,
196 1143 227 1168 et
249 1137 403 1178 Apostoli
425 1138 634 1179 imponebant
658 1140 726 1170 eius
750 1149 876 1169 manus.
922 1138 969 1169 Ita
993 1139 1049 1169 do-

75 1180 237 1210 nabantur
259 1179 441 1211 manifestis
465 1181 560 1211 donis
574 1181 714 1222 Spiritus
737 1182 854 1212 sancti.
886 1181 951 1212 Sed
963 1191 1049 1211 nunc

76 1222 156 1252 ritus
187 1221 466 1259 Confirmationis,
501 1233 596 1263 quem
625 1224 764 1253 retinent
793 1223 965 1264 Episcopi,
999 1229 1050 1253 est

75 1274 213 1303 prorsus
239 1265 344 1294 otiosa
368 1265 564 1295 ceremonia.
610 1264 697 1296 Utile
721 1271 829 1296 autem
855 1272 962 1302 esset,
995 1276 1050 1296 ex-

75 1304 288 1346 plorationem
313 1312 344 1336 et
366 1305 610 1346 professionem
633 1307 801 1337 doctrinae
818 1307 887 1338 fieri
902 1314 933 1338 et
945 1307 1050 1347 publi-

75 1357 158 1398 cam·
174 1349 394 1388 precationem
425 1359 484 1389 pro
513 1350 592 1389 piis,
626 1359 687 1380 nec
717 1359 755 1380 ea
783 1350 930 1390 precatio
960 1356 1048 1381 esset

74 1400 188 1420 manis.

403 1475 464 1506 DE
486 1475 721 1507 UNCTIONE.

160 1551 279 1583 Unctio
304 1551 381 1583 olim
405 1553 530 1583 curatio
550 1553 676 1583 medica
699 1551 768 1584 fuit.
796 1553 879 1584 Nam
898 1553 991 1584 Deus
1014 1560 1050 1585 ut

75 1595 299 1625 auctoritatem
322 1593 463 1635 aliquam
486 1594 639 1626 Patribus
663 1601 694 1626 et
713 1595 888 1636 Prophetis
913 1597 1049 1627 circum-

75 1637 186 1674 daret,
220 1637 295 1667 inde
322 1647 429 1677 usque
459 1638 499 1668 ab
529 1639 617 1668 initio
649 1639 776 1669 ornavit
805 1648 863 1669 eos
887 1639 974 1669 dono
998 1649 1049 1669 sa-

76 1679 185 1716 nandi,
208 1684 244 1710 ut
255 1678 436 1716 Abraham,
460 1679 568 1717 Isaac,
587 1680 697 1718 Iacob,
720 1680 844 1711 Iesaias
869 1687 900 1711 et
926 1680 1048 1711 similes

75 1721 135 1751 viri
160 1720 368 1761 professione
402 1722 517 1752 medici
545 1721 685 1753 fuerunt.
737 1723 862 1763 Estque
894 1734 953 1763 per
986 1723 1049 1754 hos

75 1763 165 1794 viros
188 1774 254 1794 una
277 1774 351 1795 cum
372 1764 521 1794 doctrina
542 1775 642 1795 verae
669 1764 837 1807 religionis
867 1772 1051 1808 propagata

76 1806 226 1837 doctrina
248 1805 394 1848 Physica
416 1808 456 1837 de
479 1806 599 1847 plantis
624 1813 655 1837 et
677 1808 788 1839 multis
810 1814 948 1839 naturae
976 1819 1050 1849 par-

75 1848 171 1878 tibus.
222 1848 317 1879 Hunc
350 1858 494 1880 veterem
530 1859 653 1880 morem
686 1851 857 1881 renovavit
887 1850 1049 1889 Christus,

77 1901 150 1921 cum
171 1891 259 1921 misit
276 1890 476 1932 Apostolos,
511 1893 606 1923 iussit
629 1902 687 1922 eos
707 1894 828 1923 mederi
851 1894 995 1934 aegrotis
1020 1899 1049 1924 et

75 1933 227 1963 instruxit
250 1934 337 1964 dono
361 1934 510 1965 sanandi.
557 1934 627 1965 Hoc
651 1935 770 1966 donum
789 1937 907 1966 mansit
932 1937 965 1966 in
988 1935 1050 1967 Ec-

77 1974 179 2006 clesia
207 1977 302 2007 etiam
329 1983 461 2016 postea,
495 1983 525 2007 et
561 1983 685 2007 certum
714 1984 765 2008 est
793 1978 900 2009 adhuc
929 1977 1050 2009 multos

76 2018 230 2058 precibus
255 2017 429 2049 Ecclesiae
458 2020 578 2050 sanari.
624 2019 714 2050 Haec
738 2021 862 2050 moneri
885 2019 963 2051 utile
989 2027 1051 2058 est,

75 2066 112 2090 ut.
141 2060 304 2090 discamus
327 2060 391 2091 Dei
422 2062 542 2092 donum
571 2071 646 2092 esse
675 2064 825 2103 corporis
847 2061 1051 2094 incolumita-

76 2108 151 2140 tem,
175 2112 271 2143 quam
294 2103 417 2140 tribuit,
441 2109 475 2133 ut
497 2103 570 2134 aliis
594 2104 823 2136 inserviamus.
865 2105 957 2136 Hanc
979 2105 1049 2137 vult

76 2145 142 2185 peti
165 2151 195 2175 et
220 2145 361 2185 quadam
384 2145 552 2187 diligentia
575 2144 691 2177 foveri.
736 2147 803 2178 Sed
826 2149 908 2178 ritus
927 2149 1051 2179 unctio-

76 2186 138 2225 nis,
162 2187 216 2228 qui
240 2197 326 2217 nunc
347 2194 414 2225 est,
432 2194 556 2219 tantum
580 2194 631 2219 est
653 2191 882 2230 superstitiosa
906 2200 1051 2221 ceremo-

77 2230 149 2265 nia;
181 2229 223 2260 Et
255 2230 399 2260 accessit
432 2236 635 2262 mortuorum
666 2232 849 2269 invocatio,
884 2243 968 2274 quae
1001 2240 1051 2264 est

77 2271 183 2344 impig.
222 2271 299 2302 Ideo
323 2273 432 2303 unctio
456 2271 511 2303 illa
535 2283 607 2304 cum
630 2274 699 2304 suis
723 2275 956 2314 appendicibus
980 2276 1051 2306 reii-

79 2323 150 2344 cien
174 2324 194 2344 a
217 2321 278 2345 est.

406 2399 467 2431 DE
489 2401 722 2433 BAPTISMO.

163 2475 353 2516 Baptismus
385 2483 435 2508 est
462 2478 589 2519 integra
618 2479 719 2516 actio,
753 2479 905 2511 videlicet
932 2480 1054 2511 mersio

79 2523 109 2547 et
133 2518 307 2550 verborum
331 2520 568 2558 pronuntiatio:
592 2520 664 2561 Ego
676 2522 807 2562 baptizo
821 2529 852 2554 te
870 2523 901 2553 in
925 2523 1055 2553 nomine

546 100 568 130 Ι.
591 100 692 132 LOCl
715 99 993 131 THEOLOGICI:
1017 101 1059 132 D.
1082 101 1240 133 TERTIA
1262 101 1418 133 EORUM
1441 102 1595 134 AETAS.

2007 104 2070 135 854

1089 194 1196 225 Patris
1221 202 1251 225 et
1274 194 1346 225 Filii
1370 202 1401 225 et
1423 195 1563 234 Spiritus
1588 196 1704 225 sancti.
1742 194 1937 235 Principalis
1962 202 2069 227 autem

1090 236 1286 278 significatio
1310 243 1341 267 et
1364 237 1437 267 finis
1453 237 1611 277 Baptismi
1634 237 1770 267 discitur
1788 247 1828 267 ex
1850 238 2070 277 promissione

1092 279 1210 317 [Marc.
1233 279 1283 316 16,
1309 279 1392 316 16.]:
1417 278 1479 314 Qui
1503 280 1677 310 crediderit
1700 285 1731 309 et
1753 280 1938 319 baptizatus
1961 278 2070 317 suerit,

1093 320 1206 351 salvus
1237 321 1307 351 erit.
1360 321 1437 351 Ideo
1468 322 1553 351 enim
1582 322 1763 361 baptismus
1789 323 1922 362 proprie
1952 321 2070 353 Sacra—

1092 370 1235 394 mentum
1263 363 1396 400 dicitur,
1431 364 1505 403 quia
1528 363 1603 394 huic
1626 364 1834 403 promissioni
1860 364 1987 394 additus
2010 371 2070 400 est,

1092 412 1127 436 ut
1150 411 1289 436 testetur
1311 406 1563 445 promissionem
1587 406 1711 446 gratiae
1733 416 1812 436 vere
1834 407 1876 436 ad
1898 405 1986 436 hunc
1998 416 2070 447 per-

1093 448 1214 485 tinere,
1240 448 1294 487 qui
1320 448 1512 487 baptizatur.
1558 447 1609 477 Ac
1632 448 1767 487 perinde
1789 448 1996 479 sentiendum
2020 456 2069 479 est

1093 490 1133 520 de
1156 489 1220 520 hoc
1239 490 1435 527 testimonio,
1458 500 1497 519 ac
1522 490 1549 519 si
1570 491 1608 522 ¹⁰)
1631 489 1723 520 Deus
1747 500 1835 520 nova
1856 489 1966 531 aliqua
1990 501 2071 521 voce

1094 533 1133 562 de
1163 531 1258 563 coelo
1288 537 1466 561 testaretur
1495 541 1532 561 se
1566 530 1653 562 hunc
1684 533 1839 572 recipere.
1890 532 2071 573 Postquam

1093 584 1173 614 ergo
1197 574 1382 614 baptizatus
1407 574 1588 604 doctrinam
1611 573 1776 614 intelligit,
1811 581 1963 605 exerceat
1986 575 2070 605 hanc

1094 616 1202 654 fidem,
1227 616 1338 646 credat
1360 626 1397 646 se
1420 626 1499 646 vere
1520 615 1625 646 aDeo
1644 617 1744 656 recipi
1756 623 1891 656 propter
1904 616 2071 648 Christum

1094 665 1126 689 et
1149 657 1346 689 sanctificari
1370 657 1495 698 Spiritu
1518 664 1644 688 sancte.
1680 658 1737 688 Sic
1759 659 1915 689 utendum
1939 666 1991 689 est
2009 659 2072 690 Ba-

1092 701 1223 740 ptismo.
1258 699 1381 730 Postea
1403 701 1435 730 in
1458 700 1524 730 vita
1541 700 1684 740 quotidie
1700 710 1761 730 nos
1781 700 2070 732 commonefaciat:

1093 743 1182 774 Ecce
1205 742 1270 773 hoc
1295 743 1390 783 signo
1403 742 1496 772 Deus
1522 748 1660 773 testatus
1685 749 1735 773 est
1759 749 1790 773 te
1813 749 1982 783 receptum
1995 753 2071 774 esse

1093 786 1126 815 in
1155 786 1303 826 gratiam.
1349 784 1421 814 Hoc
1450 785 1670 815 testimonium
1703 795 1769 815 non
1799 784 1869 816 vult
1897 786 2070 816 contemni.

1094 827 1204 863 Quare
1234 827 1351 857 credas
1380 833 1412 857 te
1439 836 1518 857 vere
1540 833 1709 868 receptum
1732 837 1824 865 esse,
1855 833 1887 858 et
1915 827 1978 858 hac
2009 827 2072 858 fide

1094 881 1167 901 eum
1190 870 1337 900 invoces.
1379 869 1441 899 Hic
1465 875 1515 899 est
1538 880 1620 900 usus
1642 870 1797 900 assiduus
1821 870 1989 909 Baptismi.
2024 870 2072 900 lta

1093 911 1249 942 Abrahae
1283 912 1488 942 circumcisio
1523 919 1592 942 erat
1626 918 1818 952 perpetuum
1852 913 2071 943 testimonium

1093 955 1251 994 scriptum
1279 955 1312 984 in
1341 954 1445 994 ipsius
1475 964 1633 993 corpore,
1669 964 1733 995 quo
1765 955 2002 985 admonebatur
2031 956 2071 985 de

1093 997 1217 1027 semine
1241 1002 1378 1027 venturo
1404 1002 1435 1026 et
1459 996 1499 1026 de
1521 997 1686 1036 promissa
1698 997 1924 1027 benedictione
1937 1004 2072 1037 propter

1094 1039 1224 1077 Semen,
1247 1039 1376 1079 quoties
1400 1039 1568 1079 cogitabat
1592 1039 1632 1069 de
1657 1039 1918 1076 circumcisione,
1942 1040 2070 1080 acquie-

1093 1082 1208 1111 scebat
1238 1081 1302 1111 fide
1332 1086 1482 1111 statuens
1512 1090 1549 1111 se
1573 1080 1646 1112 Deo
1674 1081 1808 1121 placere
1839 1088 1869 1111 et
1894 1083 1923 1112 ei
1947 1082 2070 1123 gratias

1093 1125 1212 1165 agebat
1237 1129 1267 1154 et
1289 1133 1363 1153 ean
1385 1124 1571 1153 invocabat.

1178 1165 1223 1196 Ut
1245 1171 1353 1196 autem
1374 1165 1603 1205 promissionis
1631 1164 1809 1206 amplitudo
1841 1165 1955 1197 melius
1986 1167 2071 1206 aspi-

1095 1209 1216 1245 ciatur,
1251 1208 1353 1238 verba
1375 1207 1537 1247 Baptismi
1568 1209 1836 1245 consideremus,
1870 1218 1955 1249 quae
1986 1218 2071 1239 com-

1094 1249 1280 1291 plectuntur
1308 1248 1481 1290 Evangelii
1514 1259 1673 1280 summam
1707 1256 1738 1280 et
1771 1256 1847 1281 sunt
1875 1251 2071 1288 benedictio,

1095 1303 1159 1333 qua
1183 1302 1417 1323 consecramur
1440 1291 1514 1322 Deo
1545 1299 1574 1322 et
1601 1302 1660 1333 per
1690 1303 1786 1333 quam
1809 1302 1909 1332 super
1936 1303 1998 1323 nos
2026 1293 2073 1323 in-

1094 1342 1234 1366 vocatur
1255 1344 1374 1364 nomeu
1397 1333 1474 1364 Dei:
1503 1333 1588 1375 Ego,
1613 1336 1715 1375 inquit
1739 1336 1895 1372 minister,
1918 1336 2070 1366 mandato

1095 1378 1204 1409 divino
1229 1383 1260 1407 et
1282 1376 1359 1406 loco
1379 1375 1500 1406 Christi
1524 1378 1655 1417 baptizo
1679 1384 1723 1414 te,
1747 1378 1778 1407 id
1802 1384 1864 1415 est,
1887 1377 1952 1408 hoc
1975 1379 2070 1419 signo

1095 1419 1254 1450 testificor
1277 1418 1365 1449 ablui
1389 1424 1525 1458 peccata
1549 1425 1615 1456 tua,
1639 1425 1669 1449 et
1692 1426 1723 1450 te
1739 1418 1984 1451 reconciliatum
1996 1430 2072 1451 esse

1095 1472 1175 1492 vero
1195 1461 1280 1499 Deo,
1305 1462 1359 1502 qui
1383 1467 1433 1491 est
1450 1460 1544 1491 Deus
1568 1468 1733 1499 aeternus,
1756 1468 1850 1502 pater
1860 1462 1992 1493 Domini
2014 1473 2072 1492 no—

1095 1505 1153 1535 stri
1176 1504 1251 1534 lesu
1274 1502 1408 1541 Christi,
1432 1509 1461 1533 et
1484 1505 1571 1534 misit
1594 1514 1654 1544 pro
1678 1511 1710 1535 te
1732 1503 1847 1535 Filium
1870 1505 2017 1536 mirando
2041 1511 2071 1535 et

1095 1545 1304 1577 inenarrabili
1328 1544 1476 1583 consilio,
1499 1552 1534 1576 ut
1556 1547 1612 1577 tibi
1635 1552 1772 1587 peccata
1795 1548 1948 1585 remittat,
1972 1554 2003 1578 et
2025 1548 2071 1577 in-

1095 1589 1191 1620 choet
1215 1589 1247 1619 in
1271 1595 1302 1619 te
1326 1599 1445 1619 novam
1469 1589 1621 1619 iustitiam
1645 1596 1677 1620 et
1700 1590 1799 1620 vitam
1821 1596 1987 1621 aeternam
2000 1589 2071 1630 Spi-

1094 1633 1158 1662 ritu
1180 1638 1307 1662 sancto.
1342 1631 1434 1662 Haec
1459 1632 1642 1662 benedictio
1670 1639 1845 1663 consecrat
1868 1642 1929 1663 nos
1943 1632 2016 1663 Deo
2041 1639 2072 1662 et

1095 1675 1251 1705 discernit
1263 1672 1446 1704 Ecclesiam
1469 1675 1511 1704 ab
1534 1675 1683 1705 omnibus
1697 1674 1870 1712 Gentibus,
1894 1676 1969 1715 quia
1981 1673 2071 1705 nulla

1093 1717 1158 1747 alia
1187 1716 1279 1747 Gens
1305 1727 1383 1747 vere
1413 1717 1546 1747 invocat
1578 1717 1696 1750 Deum,
1731 1718 1815 1748 sicut
1844 1727 1880 1747 se
1907 1716 2071 1758 patefecit,

1095 1758 1221 1790 scilicet
1245 1758 1377 1789 Patrem
1399 1758 1530 1789 Domini
1552 1760 1656 1789 nostri
1674 1759 1750 1790 lesu
1762 1759 1885 1791 Christi
1907 1758 2072 1800 placatum

1094 1812 1152 1843 per
1164 1800 1280 1832 Filium
1303 1807 1334 1831 et
1357 1802 1620 1832 sanctificantem
1633 1802 1756 1841 Spiritu
1779 1808 1905 1833 sancto.
1940 1802 1981 1833 Et
1998 1803 2071 1843 quia

1094 1855 1221 1875 summa
1232 1842 1404 1884 Evangelii
1422 1843 1473 1874 his
1496 1844 1605 1874 verbis
1630 1845 1826 1881 continetur,
1851 1843 2072 1885 amplissimae

1096 1886 1342 1918 consolationes
1381 1887 1477 1917 nobis
1512 1893 1747 1927 proponuntur.
1806 1887 1910 1922 Quam
1944 1894 2071 1929 gratum

1096 1936 1147 1960 est
1170 1930 1255 1959 enim
1273 1929 1396 1967 audire,
1421 1930 1509 1970 quod
1533 1930 1595 1959 iam
1611 1939 1690 1960 vere
1703 1930 1748 1959 sis
1767 1940 1787 1960 a
1799 1929 1873 1960 Deo
1885 1940 1925 1960 ac
1937 1936 2071 1960 aeterno

1095 1972 1192 2002 Patre
1211 1978 1377 2012 receptus,
1401 1972 1488 2012 quod
1500 1970 1571 2001 Filii
1594 1971 1754 2002 beneficia
1771 1972 1829 2003 tibi
1853 1973 1974 2003 donata
1997 1973 2072 2009 sint,

1096 2014 1184 2055 quod
1207 2012 1286 2044 velit
1310 2020 1343 2044 te
1360 2013 1454 2044 Deus
1477 2015 1594 2055 regere
1607 2013 1729 2054 Spiritu
1751 2020 1879 2052 sancto,
1903 2015 1990 2055 quod
2014 2014 2072 2044 eri-

1095 2057 1202 2097 puerit
1230 2062 1263 2086 te
1292 2066 1313 2086 a
1339 2062 1444 2086 morte
1473 2063 1610 2087 aeterna
1640 2063 1672 2087 et
1700 2067 1719 2087 a
1747 2056 1888 2087 vinculis
1918 2055 2071 2088 Diaboli?

1097 2099 1170 2134 Quo
1193 2099 1347 2129 attentius
1376 2099 1537 2140 cogitabis
1567 2100 1669 2129 verba
1692 2099 1868 2139 Baptismi,
1903 2109 1943 2130 eo
1968 2100 2071 2140 magis

1095 2142 1295 2173 accendetur
1324 2141 1452 2172 animus
1475 2142 1643 2183 agnitione
1666 2142 1913 2173 misericordiae
1934 2141 2010 2179 Dei,
2041 2149 2071 2172 et

1096 2185 1200 2225 magis
1236 2182 1483 2214 confirmabitur
1516 2184 1579 2214 fide
1614 2189 1646 2214 et
1679 2185 1874 2215 excitabitur
1907 2185 1950 2215 ad
1982 2185 2072 2215 invo-

1097 2227 1246 2257 candum.

1181 2269 1225 2299 Ut
1248 2275 1356 2299 autem
1380 2270 1482 2299 verba
1504 2270 1600 2299 nobis
1617 2275 1805 2310 proponunt
1822 2270 2073 2310 promissionem

1097 2318 1127 2343 et
1157 2309 1436 2349 consolationem,
1470 2312 1515 2342 ita
1545 2312 1690 2342 vicissim
1719 2312 1887 2353 postulant
1914 2312 2012 2343 fidem
2042 2318 2073 2342 et

1096 2353 1182 2385 hanc
1205 2353 1455 2394 obligationem,
1479 2360 1514 2384 ut
1536 2353 1625 2385 hunc
1648 2364 1762 2385 verum
1780 2354 1889 2386 Deum
1908 2361 2071 2385 aeternum

1097 2396 1230 2427 Patrem
1257 2395 1389 2426 Domini
1419 2397 1523 2427 nostri
1552 2396 1626 2427 lesu
1650 2396 1771 2427 Christi
1800 2404 1829 2428 et
1859 2396 1974 2428 Filium
2005 2398 2072 2427 eius

1098 2446 1128 2470 et
1156 2439 1312 2480 Spiritum
1338 2446 1487 2469 sanctum
1519 2449 1750 2479 agnoscamus
1796 2440 1848 2471 De
1876 2440 1939 2471 hoc
1964 2446 2071 2471 mutuo

1106 2533 1149 2561 10)
1168 2533 1188 2557 si
1209 2533 1345 2558 omittunt
1362 2533 1434 2558 Editt.
1456 2533 1495 2557 20.
1515 2533 1564 2557 25..
1585 2534 1656 2564 (Ἴθι-ρ.
1678 2536 1750 2557 1-4,

1819 2585 1869 2609 54·
