2358 2933
78 125 142 156 429

79 216 162 252 fide,
191 215 375 246 addendum
398 219 448 243 est
471 213 582 250 etiam,
614 213 692 253 quid
714 213 753 243 de
776 212 925 242 doctrina
948 212 1050 242 bono-

79 269 151 289 rum
189 267 341 298 operum,
380 260 411 286 et
450 255 491 285 de
530 260 646 286 nostra
684 254 868 285 obedientia
900 254 1050 285 sentiam.

80 299 182 331 Plane
204 300 301 340 igitur
324 304 355 328 et
378 297 469 328 clare
492 297 583 327 dico:
608 296 801 327 Obedientia
824 302 956 332 nostra,
986 294 1051 326 hoc

79 348 147 379 est,
179 341 304 372 iustitia
326 341 432 370 bonae
455 339 680 370 conscientiae
704 349 765 369 seu
787 348 939 378 operum,
969 342 1063 378 quae*

78 384 172 415 Deus
206 383 304 413 nobis
327 382 505 423 praecipit,
542 381 734 412 necessario
764 380 858 420 sequi
883 380 978 409 debet
1002 389 1052 409 re-

81 424 354 456 conciliationem.
400 423 553 454 Christus
581 424 666 454 enim
693 423 727 453 in
749 420 932 463 Evangelio
959 430 1053 461 prae-

81 469 157 508 cipit
193 468 233 498 de
261 466 475 497 Poenitentia.
533 465 573 496 Et
602 463 725 495 Paulus
754 465 857 504 inquit
887 463 994 500 [Rom.
1021 463 1054 500 S,

83 510 161 548 121:
186 509 364 540 Debitores
388 518 517 544 sumus,
541 517 582 538 ne
605 507 785 537 secundum
809 515 940 536 carnem
964 506 1054 536 viva-

80 563 163 582 mus.
207 551 249 582 Et
273 550 426 582 Christus
457 551 501 580 ait
525 548 650 585 [Matth.
678 549 734 586 1⁶0²,
764 548 843 586 174:
889 548 923 578 Si
948 548 999 578 vis
1022 547 1055 577 in

81 595 178 625 vitam
201 594 340 635 ingredi,
364 602 461 623 serva
480 591 644 622 mandata.
678 590 719 620 Et
738 590 953 620 iustificantur
971 589 1055 626 ideo,

80 642 115 666 ut
138 646 225 666 nova
248 641 278 665 et
302 633 463 674 spirituali
488 633 553 663 vita
576 633 744 668 vivamus,
776 642 860 672 quae
883 638 932 662 est
957 641 1055 672 quae-

81 678 156 708 dam
178 677 364 708 obedientia
387 685 468 716 erga
479 674 604 709 Deun1;
627 675 716 704 iuxta
737 673 820 704 illud
834 673 1056 710 [Hierem.31,

81 719 163 757 33.J:
187 719 285 749 Dabo
308 717 417 759 legem
440 727 544 747 meam
566 717 599 746 in
624 717 778 747 cordibus
803 726 922 746 eorum.
964 715 1006 746 Et
1024 716 1057 745 in

80 760 233 801 Ephesiis
264 760 311 797 [2,
342 760 404 797 10,]
434 760 493 789 ait:
540 758 647 799 Ipsius
675 768 758 799 opus
782 769 909 795 sumus,
933 758 1057 789 conditi

81 803 124 833 ad
146 803 232 833 bona
256 812 367 842 opera.
398 800 595 842 Acceptatio
619 801 661 831 ad
684 801 782 831 vitam
806 806 974 831 aeternam
997 810 1058 831 seu

81 844 214 875 donatio
243 845 330 875 vitae
358 849 511 874 aeternae
534 844 710 874 coniuncta
732 849 782 873 est
807 855 880 874 cum
902 842 1058 874 iustifica-

81 887 178 923 tione,
201 886 234 916 id
257 892 318 924 est,
343 896 416 916 cum
438 886 633 916 remissione
654 892 867 926 peccatorum
890 892 921 916 et
944 895 1059 916 recon-

83 927 258 965 ciliatione,
282 938 365 967 quae
388 927 453 958 fide
477 929 652 968 contingit3
680 929 768 959 iuxta
790 928 873 959 illud
897 928 1003 965 [Rom.
1027 926 1058 964 S,

83 969 166 1007 30.]:
198 969 289 1003 Quos
312 969 486 1008 iustificat,
515 971 649 1002 eosdem
672 976 703 1001 et
726 970 901 1012 glorificat.
946 970 1060 1010 ltaque

82 1021 149 1042 non
172 1011 266 1042 datur
289 1013 356 1044 vita
379 1020 513 1044 aeterua
536 1020 671 1054 propter
690 1014 880 1054 dignitatem
901 1014 1060 1043 bonorum

83 1062 236 1094 operum,
267 1057 327 1088 sed
357 1057 460 1098 gratis
490 1062 625 1096 propter
655 1055 831 1086 Christum.
881 1054 923 1085 Et
953 1061 1061 1085 tamen

84 1096 172 1128 bona
194 1109 295 1139 opera
318 1099 363 1129 ita
385 1099 576 1129 necessaria
599 1104 676 1128 sunt
698 1099 741 1128 ad
764 1098 862 1128 vitam
882 1103 1061 1134 aeternam,

85 1142 159 1182 quia
189 1142 283 1182 sequi
312 1139 613 1171 reconciliationem
643 1140 835 1171 necessario
860 1140 990 1170 debent.
1016 1141 1060 1172 ⁹⁵)

84 1184 161 1219 Ideo
184 1182 308 1214 Paulus
331 1183 376 1213 ait
407 1183 449 1220 [l.
475 1182 550 1213 Cor.
573 1182 605 1220 9,
631 1183 712 1220 164:
735 1182 807 1212 Vae
831 1180 919 1219 mihi,
944 1182 971 1211 si
995 1191 1061 1212 non

85 1226 230 1256 docuero
252 1224 480 1266 Evangeliiun.
527 1225 605 1256 Item
630 1225 719 1262 libid.
744 1224 782 1262 6,
810 1228 870 1262 9.}:
896 1224 959 1258 Qui
983 1223 1061 1254 talia

84 1273 196 1308 agunt,
218 1277 355 1307 regnum
378 1266 442 1298 Dei
464 1278 530 1298 non
552 1268 780 1306 possidebunt.

168 1309 392 1350 Requiruntur
419 1315 527 1339 autem
556 1320 621 1340 non
650 1308 757 1340 solum
787 1314 923 1339 externa
953 1307 1061 1338 civilia

85 1361 196 1392 opera,
218 1352 279 1381 sed
301 1352 398 1383 etiam
420 1350 608 1391 spirituales
631 1358 750 1388 motus,
773 1351 869 1381 timor
888 1351 962 1387 Dei,
981 1350 1062 1381 fidu—

85 1396 152 1432 cia,
181 1394 365 1430 invocatio,
395 1391 526 1424 dilectio
558 1399 589 1424 et
618 1393 742 1424 similes
769 1400 888 1424 motus.
934 1393 986 1423 De
1009 1392 1061 1422 his

83 1436 267 1477 praecipuis
302 1435 365 1466 Dei
399 1435 542 1466 cultibus
576 1435 656 1467 nihil
689 1442 829 1476 possunt
861 1436 983 1466 docere
1016 1435 1061 1473 hi,

84 1479 138 1518 qui
161 1488 227 1508 non
249 1476 432 1519 intelligunt
462 1478 644 1508 doctrinam
674 1479 715 1509 de
738 1477 818 1513 fide3
841 1478 953 1508 iubent
977 1478 1062 1508 enim

84 1521 242 1550 dubitare.
288 1519 364 1550 ldeo
395 1520 549 1550 abiiciunt
573 1521 728 1551 exercitia
752 1520 826 1550 fidei
850 1527 948 1561 atque
970 1521 1062 1550 invo-

84 1562 235 1598 cationis,
258 1562 347 1592 iuxta
368 1560 448 1592 illud
480 1561 586 1598 [Rom.
613 1562 663 1598 10,
690 1562 770 1599 144:
817 1562 992 1597 Quomodo
1015 1564 1061 1592 in-

84 1605 266 1640 vocabunt,
297 1604 325 1634 si
348 1614 415 1634 non
439 1604 596 1634 credant?
640 1604 723 1634 Nam
747 1604 903 1634 dubitatio
927 1603 999 1641 illa,
1027 1610 1063 1635 ut

83 1656 183 1686 supra
218 1646 300 1682 dixi,
334 1646 417 1686 parit
452 1652 508 1676 aut
541 1646 805 1685 desperationem
835 1653 891 1677 aut
919 1652 1061 1677 contem-

84 1695 182 1729 ptum.
228 1688 302 1718 Non
326 1689 481 1719 invocant
505 1694 613 1718 autem
636 1687 761 1724 Deum,
790 1689 844 1728 qui
871 1690 1059 1728 desperant,

83 1736 139 1762 aut
169 1736 391 1760 contemnunt.
437 1730 547 1764 Quare
569 1729 762 1770 hypocritae
785 1729 846 1767 illi,
876 1741 1062 1771 quanquam

83 1773 227 1803 iactitant
243 1775 287 1805 96)
311 1782 349 1802 se
373 1782 449 1802 esse
472 1772 628 1802 doctores
653 1773 813 1803 bonorum
838 1783 991 1813 operum,
1014 1779 1061 1802 ta-

83 1825 156 1845 men
184 1813 240 1844 illa
268 1815 341 1853 ipsa
368 1815 546 1854 praecipua
578 1824 678 1854 opera
702 1821 893 1845 sanctorum
915 1821 947 1845 et
969 1824 1061 1854 prae-

84 1858 198 1897 cipuos
223 1855 332 1886 cultus
363 1856 425 1886 Dei
449 1866 511 1886 nec
534 1856 721 1897 intelligunt
744 1867 805 1887 nec
825 1857 956 1888 docent.
985 1858 1061 1887 Non

84 1900 168 1929 enim
205 1899 285 1929 satis
315 1904 365 1929 est
394 1898 517 1929 docere
545 1905 682 1929 externa
709 1899 818 1929 civilia
847 1910 965 1939 opera,
1001 1900 1060 1930 sed

83 1942 155 1981 ipsa
179 1941 272 1978 fides,
295 1951 379 1981 quae
401 1941 510 1972 tribuit
533 1940 673 1982 gloriam
697 1940 841 1979 Christo,
865 1943 1060 1982 praecipuus

83 1983 145 2014 Dei
178 1982 286 2014 cultus
321 1989 380 2014 est.
437 1982 615 2014 Praeterea
642 1983 808 2014 invocatio
843 1985 873 2014 in
903 1984 967 2015 hac
997 1984 1060 2014 fide

84 2026 154 2056 fiem’
188 2027 304 2062 debet,
340 2026 427 2066 quod
456 2026 549 2056 Deus
585 2025 660 2056 velit
698 2027 793 2056 nobis
822 2027 999 2068 ignoscere
1029 2032 1060 2057 et

84 2078 145 2098 nos
180 2068 345 2098 exaudire.
391 2067 457 2098 imo
492 2067 574 2098 haec
608 2068 690 2098 fides
725 2070 911 2109 gubernare
946 2079 1060 2099 cinnes

84 2111 230 2140 actiones
254 2110 362 2140 debet.

171 2152 237 2182 Sed
261 2162 325 2182 non
350 2153 431 2182 satis
455 2158 504 2182 est
529 2152 660 2190 docere,
684 2154 772 2194 quod
796 2154 980 2184 obedientia
1003 2164 1059 2184 no-

85 2202 152 2225 stra
182 2194 375 2224 necessaria
405 2195 464 2231 sit,
493 2195 676 2226 addendum
700 2204 750 2226 est
775 2197 870 2226 enim.
895 2197 1058 2237 quomodo

87 2236 211 2277 placeat
235 2236 320 2273 Deo,
346 2247 419 2266 cum
442 2242 589 2273 constet,
615 2238 774 2268 neminem
798 2238 991 2270 satisfacere
1013 2239 1059 2269 le-

86 2281 128 2321 gi.
174 2279 207 2309 In
239 2278 302 2309 hoc
333 2284 401 2309 toto
430 2278 506 2309 loco
536 2280 611 2310 muti
636 2286 711 2310 sunt
734 2281 915 2312 adversarii
940 2282 1057 2312 nostri.

80 2425 132 2451 95)
150 2424 176 2447 Et
203 2427 289 2447 tamen
315 2423 379 2447 bona
409 2429 484 2452 opera
516 2423 549 2447 ita
575 2423 720 2447 necessaria
751 2428 807 2448 sunt
834 2438 864 2441 —
885 2439 916 2441 —
944 2426 1055 2457 debent]

154 2457 226 2481 Editt.
245 2458 267 2479 8.
292 2458 316 2479 11
339 2470 370 2473 ³
392 2458 430 2481 13.
451 2460 476 2481 et
495 2457 572 2486 opp.:
609 2457 635 2481 Et
654 2460 739 2481 tamen
758 2458 820 2482 haec
838 2464 901 2483 nova
921 2461 1058 2490 spiritualis

154 2490 297 2515 obedientia
315 2491 349 2515 ita
368 2491 513 2514 necessaria
534 2493 572 2514 est
591 2504 623 2507 —
643 2504 674 2507 —
694 2491 778 2515 dehet.

88 2542 132 2568 90)
152 2540 274 2570 iactitant]
293 2540 335 2565 Ed.
358 2542 395 2565 11.
416 2545 440 2565 et
460 2541 524 2571 Opp.
544 2542 637 2571 typoth.
658 2547 757 2566 errore·
776 2542 869 2563 iactant

518 120 540 150 1.
565 119 666 151 LOCl
687 119 967 151 THEOLOGICI:
990 119 1027 151 C.
1052 118 1264 151 SECUNDA
1285 119 1442 150 EORUM
1465 118 1621 150 AETAS.

2015 118 2078 150 430

1094 212 1262 246 Quaerunt
1286 212 1369 242 enim
1392 212 1450 251 pii:
1476 210 1649 245 Quomodo
1675 210 1783 249 placet
1794 209 1868 238 Deo
1893 207 2079 238 obedientia

1094 260 1225 290 nostra,
1256 264 1327 284 cum
1356 264 1450 284 nemo
1481 252 1546 293 legi
1570 251 1775 282 satisfaciat?
1820 249 1993 284 Quomodo
2018 249 2077 279 eri-

1094 304 1167 325 mus
1198 294 1300 332 salvi,
1331 306 1404 326 eum
1433 296 1613 325 sentiamus
1637 292 1744 324 adhuc
1767 293 1800 322 iu
1819 291 1915 322 nobis
1939 291 2078 322 haerere

1095 337 1291 377 peceatum?
1332 337 1403 367 Hae
1430 337 1642 377 quaestiones
1673 334 1886 376 explicandae
1917 339 2012 370 sunt,
2048 339 2079 363 et

1096 379 1345 416 ostendendum,
1361 378 1526 419 quomodo
1542 377 1671 417 placeat
1683 378 1758 408 Deo
1772 376 1855 406 haec
1868 375 2023 406 inchoata
2047 381 2079 406 et

1096 420 1289 461 imperfecta
1324 421 1527 457 obedientia,
1561 430 1602 449 ne
1635 420 1667 449 in
1703 420 1966 459 desperationem
2000 418 2080 448 inci-

1098 464 1191 500 dant,
1225 469 1279 493 aut
1315 462 1480 493 confidant
1515 462 1648 502 propria
1682 461 1837 492 munditie
1873 467 1903 491 et
1938 460 2080 502 gloriam

1098 504 1220 535 Christi
1244 503 1446 536 transferant
1469 504 1502 534 in
1525 504 1659 544 propria
1683 513 1795 543 opera.

1183 545 1287 577 Multa
1321 547 1448 587 passim
1481 547 1568 586 apud
1602 546 1822 585 Augustinum
1857 551 1887 574 et
1920 543 2005 574 alios
2040 544 2081 574 (le

1097 589 1163 620 hoc
1186 587 1261 619 loco
1285 588 1449 630 leguntur.
1494 588 1555 618 Est
1579 594 1609 618 et
1634 586 1735 628 longa
1756 587 1945 627 Hieronymi
1970 586 2081 626 dispu-

1099 632 1178 662 tatio
1209 632 1242 661 in
1264 631 1375 661 Attico
1405 631 1518 661 eadem
1547 631 1587 661 de
1617 639 1663 660 re.
1710 629 1852 660 Primum
1880 635 1987 659 autem
2015 628 2082 658 hoe

1100 674 1239 704 docendi
1267 679 1344 704 sunt
1373 672 1565 703 Christiani:
1601 672 1688 712 quod
1717 671 1800 702 haec
1831 671 2017 702 obedientia
2049 671 2082 700 in

1099 715 1163 753 his,
1187 716 1240 755 qui
1264 715 1429 746 iustificati
1453 720 1545 752 sunt,
1569 714 1609 745 sit
1633 712 1841 753 imperfecta,
1866 723 1928 744 nec
1951 711 2082 743 satisfa-

1101 759 1165 788 ciat
1194 757 1277 798 legi,
1312 758 1399 798 quod
1429 758 1471 788 ad
1500 758 1605 797 ipsam
1633 756 1850 787 obedientiam
1879 757 2002 786 attinet.
2048 754 2084 785 Id

1102 799 1192 831 clare
1221 806 1362 830 testatur
1393 799 1536 836 Paulus,
1571 809 1644 829 cum
1668 799 1769 839 inquit
1801 798 1908 835 [Rom.
1939 798 1970 834 7,
1998 796 2082 834 ⁶234:

1101 842 1207 873 Video
1232 841 1328 872 aliam
1350 841 1459 884 legem
1482 842 1513 872 in
1537 841 1692 871 membris
1716 841 1814 877 meis,
1845 846 2084 881 repugnantem

1101 883 1167 925 legi
1190 885 1308 915 mentis
1332 895 1434 915 meae.
1480 884 1560 914 Item
1589 882 1676 920 [Gal.
1700 883 1738 920 5,
1771 883 1849 921 174:
1896 882 1982 913 Caro
2006 892 2084 912 con-

1104 928 1240 967 cupiscit
1264 927 1426 957 adversus
1450 926 1614 966 Spiritmn.
1646 926 1725 956 Item
1751 926 1779 956 1.
1799 925 1867 956 1011.
1890 926 1918 955 l.
1940 928 2001 961 [VS.
2020 924 2083 962 ἃς]

1104 970 1139 1001 Si
1170 970 1365 1006 dixerimus,
1400 969 1488 1009 quod
1516 975 1689 1008 peccatum
1718 978 1784 998 non
1814 968 1991 998 habenms.
2021 967 2084 1006 ipsi

1103 1022 1165 1042 nos
1189 1012 1377 1042 seducimus
1398 1016 1460 1041 etc.
1505 1011 1544 1041 Et
1569 1009 1691 1040 Psalm.
1714 1011 1785 1040 142.
1811 1014 1873 1047 [vs.
1900 1010 1963 1047 2:71
2010 1009 2085 1039 Non

1104 1055 1206 1084 intres
1234 1055 1266 1084 in
1290 1054 1442 1084 iudicitun
1466 1063 1539 1084 cum
1563 1062 1662 1082 servo
1687 1059 1759 1090 tuo,
1784 1053 1859 1093 quia
1881 1062 1948 1082 non
1971 1051 2084 1082 iustifi-

1106 1097 1232 1127 cabitur
1255 1097 1287 1126 in
1311 1102 1493 1136 conspectu
1521 1101 1576 1126 tuo
1601 1095 1705 1125 omnis
1725 1096 1851 1125 vivens.
1897 1095 1937 1125 Et
1961 1093 2083 1124 Psalm.

1108 1138 1179 1168 129.
1204 1141 1267 1176 [vs.
1291 1138 1356 1176 3.:]
1389 1138 1424 1168 Si
1452 1138 1639 1178 iniquitates
1664 1138 1908 1175 observaveris,
1931 1137 2084 1174 Domine,

1105 1181 1178 1222 quis
1203 1180 1396 1211 sustinebit?
1415 1179 1555 1220 Reliqua
1580 1185 1630 1210 est
1653 1180 1738 1210 enim
1761 1181 1792 1210 in
1816 1180 1941 1211 sanctis
1966 1190 2085 1210 concu-

1104 1224 1275 1264 piscentia,
1298 1229 1333 1253 ut.
1355 1228 1497 1259 constat,
1522 1232 1606 1263 quae
1629 1229 1678 1252 est
1699 1233 1759 1253 sua
1778 1229 1895 1253 natura
1913 1228 2086 1262 peccatum

1106 1272 1138 1296 et
1161 1266 1260 1306 digna
1283 1272 1406 1300 morte,
1436 1275 1498 1296 nec
1530 1271 1581 1295 est.
1609 1265 1734 1302 otiosa,
1765 1265 1825 1297 sed
1848 1271 2007 1305 perpetuo
2029 1275 2086 1304 pa-

1106 1309 1148 1338 rit
1182 1309 1321 1338 vitiosos
1355 1307 1504 1338 affectus.
1550 1307 1660 1348 Atque
1694 1306 1776 1338 haec
1810 1314 1947 1348 peccata
1980 1306 2087 1338 sancti

1105 1349 1249 1381 fatentur
1272 1357 1304 1381 et
1327 1356 1422 1381 orant
1436 1349 1564 1387 [Matth.
1587 1349 1618 1388 6,
1646 1350 1727 1388 121:
1752 1349 1887 1381 Dimitte
1910 1352 2006 1382 nobis
2032 1352 2085 1381 de-

1106 1393 1173 1423 bita
1194 1399 1320 1423 nostra.
1366 1393 1503 1427 Quoties
1526 1392 1674 1423 dubitant.
1698 1394 1803 1423 sancti
1828 1404 1864 1424 se
1887 1394 1961 1425 Deo
1986 1404 2085 1425 curae

1105 1435 1203 1466 esse?
1238 1436 1366 1476 quoties
1389 1434 1528 1466 labascit
1554 1434 1660 1466 fides?
1701 1435 1782 1470 Quis
1806 1438 1906 1474 timet,
1931 1444 2086 1477 quantum

1106 1477 1225 1508 debet?
1249 1477 1330 1512 Quis
1355 1478 1437 1508 satis
1461 1478 1614 1508 ardenter
1638 1477 1739 1519 diligit
1764 1478 1893 1510 Deum?
1928 1479 2009 1514 Quis
2033 1490 2085 1510 sa-

1106 1520 1146 1549 tis
1169 1520 1330 1560 patienter
1353 1521 1556 1560 obtemperat
1580 1521 1612 1551 in
1636 1521 1787 1552 adversis
1811 1522 1934 1552 rebus?
1982 1522 2086 1557 Quem

1105 1572 1171 1592 non
1200 1563 1362 1593 interdum
1391 1563 1566 1594 incendtmt
1599 1564 1674 1594 odia
1700 1570 1731 1594 et
1755 1563 1839 1594 aliae
1863 1564 2085 1604 cupiditates?

1107 1604 1188 1639 Quis
1213 1604 1373 1635 satisfacit
1396 1615 1477 1635 suae
1500 1606 1687 1636 vocationi?
1733 1606 1870 1641 Quoties
1894 1608 1999 1638 sancti
2022 1606 2086 1637 fre-

1104 1653 1213 1683 munt,
1248 1657 1322 1678 cum
1357 1648 1467 1678 vident
1497 1648 1615 1688 impios
1642 1656 1675 1679 et
1702 1648 1875 1690 Tyrannos
1904 1650 2025 1682 florere
2055 1654 2087 1680 et

1106 1689 1257 1719 omnibus
1288 1689 1376 1720 vitae
1403 1691 1585 1720 commodis=
1609 1689 1684 1728 frui,
1711 1698 1822 1722 tenere
1846 1703 1967 1731 regna,
1992 1704 2085 1734 opes,

1106 1729 1256 1772 gloriam,
1290 1741 1327 1761 se
1362 1742 1440 1762 vero
1470 1734 1616 1763 exerceri
1648 1735 1734 1764 omni
1765 1728 1899 1775 genere
1919 1736 2084 1767 calamita-

1104 1773 1191 1803 tum?
1215 1772 1305 1803 Haec
1328 1774 1407 1804 vitia
1429 1785 1494 1805 non
1519 1782 1593 1805 sunt
1614 1777 1832 1814 extenuanda,
1851 1778 1911 1808 sed
1931 1786 2005 1809 sunt
2025 1789 2086 1810 sua

1104 1822 1221 1845 natura
1244 1825 1323 1845 vere
1346 1823 1501 1856 peccata,
1525 1818 1583 1848 sed
1608 1819 1838 1849 condonantur
1862 1820 2084 1852 credentibus.

1104 1856 1255 1887 Delirant
1279 1859 1387 1898 igitur,
1410 1859 1465 1899 qui
1488 1859 1615 1901 fingunt
1639 1868 1774 1891 sanctos
1798 1861 1863 1903 legi
1888 1861 2084 1894 satisfacere

1105 1906 1135 1929 et
1161 1900 1232 1930 sine
1255 1907 1392 1939 peccato
1417 1911 1504 1932 esse.
1551 1902 1635 1940 Imo,
1666 1905 1753 1943 quod
1777 1910 1826 1934 est
1851 1906 2083 1943 monstrosius,

1104 1942 1229 1982 fingunt
1261 1953 1362 1982 opera
1393 1950 1527 1974 externa
1552 1955 1617 1974 non
1636 1953 1813 1986 praecepta
1837 1957 1855 1977 a
1880 1947 1952 1977 Deo
1976 1947 2083 1987 perfe-

1105 1985 1208 2014 ctiora
1231 1994 1308 2015 esse
1332 1984 1482 2027 decalogi
1506 1988 1671 2027 operibus.

1191 2026 1231 2056 [t
1256 2027 1353 2068 igitur
1376 2030 1637 2068 respondeamus
1658 2031 1718 2069 piis
1739 2033 1983 2071 quaerentibuS,
2004 2045 2083 2074 quo-

1104 2070 1201 2099 modo
1224 2068 1353 2109 placeat
1377 2070 1451 2101 Deo
1478 2072 1634 2102 inchoata
1658 2079 1688 2103 et
1712 2073 1905 2113 imperfecta
1929 2076 2082 2107 obedien-

1104 2112 1162 2148 tia,
1188 2112 1330 2142 breviter
1359 2113 1444 2144 dico.
1490 2113 1530 2144 Et
1559 2116 1750 2145 necessaria
1774 2123 1823 2146 est
1848 2116 1904 2148 illa
1927 2119 2080 2149 obedien-

1104 2154 1162 2190 tia,
1194 2160 1224 2184 et
1248 2153 1352 2194 placet
1378 2154 1469 2193 Deo,
1494 2157 1554 2186 sed
1579 2158 1608 2187 in
1633 2157 1869 2194 reconciliatis-‚2
1905 2166 1937 2191 et
1959 2168 2010 2191 est
2035 2162 2080 2193 iu-

1103 2197 1201 2233 stitia,
1225 2207 1289 2227 non
1313 2198 1387 2238 quia
1411 2197 1476 2239 legi
1500 2198 1676 2237 satisfacit,
1700 2201 1759 2230 sed
1784 2202 1858 2241 quia
1882 2202 1944 2232 iam
1967 2214 2080 2242 perso-

1079 2271 1080 2275 ,
1104 2248 1165 2269 nae
1193 2237 1333 2278 placent.
1390 2240 1432 2270 Ut
1462 2242 1559 2282 igitur
1587 2248 1676 2272 certa
1708 2242 1890 2274 c01120lati0
1919 2251 2079 2284 teneatur,

1103 2282 1150 2311 sic
1180 2282 1320 2312 sentient
1351 2283 1409 2322 pii:
1456 2283 1551 2318 Quod
1582 2294 1725 2323 persona
1749 2286 1789 2315 sit
1813 2286 2024 2318 reconciliata
2047 2296 2079 2319 et

1102 2330 1243 2363 accepta
1267 2325 1308 2354 ad
1332 2326 1431 2355 vitam
1453 2332 1638 2363 aeternam,
1664 2334 1797 2367 propter
1820 2327 1986 2359 Christtun
2010 2337 2079 2361 tan-

1102 2373 1166 2396 tum
1197 2376 1256 2406 per
1278 2367 1554 2398 misericordiam:
1588 2375 1704 2408 postea
1727 2380 1806 2400 vero
1830 2369 1959 2409 placeat
1982 2373 2078 2403 etiam

1101 2407 1153 2438 illa
1178 2408 1331 2439 inchoata
1355 2410 1549 2441 obedientia,
1575 2411 1649 2448 quia
1672 2421 1812 2448 persona
1836 2418 1969 2451 propter
1991 2413 2077 2446 aliud

1078 2471 1080 2496 l
1101 2449 1223 2490 placet,
1255 2450 1405 2478 videlicet
1427 2456 1561 2489 propter
1585 2449 1761 2482 Christum.
1808 2453 1881 2483 Non
1906 2456 1990 2485 enim
2019 2467 2076 2496 po-

1078 2498 1081 2532 i
1102 2496 1165 2519 test
1190 2491 1310 2529 opponi
1333 2491 1449 2522 iudicio
1472 2492 1535 2523 Dei
1558 2491 1611 2523 illa
1630 2492 1782 2524 inchoata
1802 2496 1997 2527 obedientia.
2017 2501 2076 2530 sed

1101 2533 1290 2562 retinendus
1314 2539 1362 2562 est
1388 2535 1546 2565 mediator
1565 2534 1726 2572 Christus,
1750 2543 1883 2576 propter
1901 2530 1995 2577 quein
2015 2540 2074 2572 Pa-
