2358 2933
91 107 153 139 485

176 197 244 227 Sed
262 202 368 227 tamen
390 196 423 225 in
444 193 564 225 talibus
587 193 672 224 locis
691 193 774 223 haec
793 192 856 222 duo
875 192 1064 221 meminisse
1086 198 1088 200 ·

90 245 230 280 oportet.
274 238 415 268 Primum
443 237 531 277 quod
558 235 592 266 hi
618 235 684 266 loci
712 244 780 265 non
809 233 992 274 pertineant
1022 233 1064 263 ad

89 280 360 317 iustificationem‚
384 279 449 309 hoc
473 284 534 316 051,
557 278 684 308 iniustis
707 286 774 307 nou
796 280 935 316 prosunt
957 273 1064 304 aliena

91 333 192 363 opera
214 328 403 352 sanctorum
425 321 468 351 ad
489 320 768 355 iustificat-ionem,
796 318 855 347 sed
884 316 977 347 iustis
1007 316 1063 346 im-

89 370 219 406 petrant
241 362 344 393 multa
366 363 549 393 communia
572 363 670 398 bona,
694 361 769 400 quia
792 369 904 390 sumus
917 359 1063 388 membra

88 407 184 437 unius
207 406 366 445 eorporiS.
401 404 550 435 Alterum
573 409 634 440 est,
657 403 745 443 quod
767 412 833 431 non
852 406 904 430 est
916 405 1063 430 nostrum

89 446 253 488 applicare
275 447 348 477 aliis
370 452 485 477 nostra
507 447 635 480 merita3
665 444 741 484 quia
762 442 845 473 haec
869 447 961 472 esset
984 441 1063 471 fidu-

89 491 140 520 cia
162 489 322 529 quaedam
345 489 449 519 nostri
472 488 598 527 operis3
627 487 686 515 sed
710 485 784 515 Deo
812 485 968 514 debemus
990 494 1063 523 per-

88 531 225 568 mittere,
249 540 334 571 quae
355 530 500 571 praemia
523 528 707 558 communia
726 526 780 556 vel
802 525 982 566 peculiaria
1004 535 1062 555 no-

89 574 138 603 bis
158 573 293 603 datums
316 573 368 602 sit.
415 571 527 601 Oratio
556 575 666 600 autem
689 567 872 608 applicatur
894 578 954 607 pro
978 566 1062 604 aliis,

111 615 164 645 uia
197 615 309 644 nititur
341 623 406 644 non
441 612 597 653 dignitate
629 611 777 651 propria,
818 610 878 640 sed
921 609 1063 650 gratuita

118 656 211 686 hristi
232 656 459 695 promissione.
508 653 559 683 Ex
586 653 637 683 his
664 651 760 683 facile
789 652 925 682 iudicari
943 652 983 688 ¹⁵)
1007 662 1064 691 po-

90 704 168 735 1051,
203 698 280 737 quid
313 697 355 726 sit
386 697 426 726 de
456 694 675 735 applicatione
707 694 922 725 sentiendiun.
968 692 1065 728 Quod

89 740 173 769 enim
196 739 239 768 ad
261 738 524 768 iustificationem
546 738 676 773 attinet,
700 735 791 767 nulla
815 741 866 766 est
888 734 1064 776 applicatio

88 782 160 811 sine
178 779 242 810 fide
264 780 406 820 propria.
450 779 548 809 Fides
572 784 680 810 autem
701 778 925 809 instrumentis
954 778 1065 814 utitur,

87 823 190 853 verbo
214 828 246 852 et
268 822 501 858 sacramentis9
531 830 616 861 quae
639 826 798 851 1051001111·
821 821 863 851 ad
885 830 946 850 nos
969 819 1066 860 perti-

87 874 166 894 nere
188 863 384 894 beneficium
405 862 537 900 Christi,
560 873 621 893 nec
645 864 764 903 pendet
786 862 848 892 hoc
871 862 1065 893 beneficium

88 915 127 936 ex
152 906 310 946 dignitate
332 903 429 935 alieni
461 905 569 945 operis
600 904 741 935 humani.
793 904 883 935 Haec
914 905 995 934 satis
1025 904 1066 934 sit

88 949 128 978 de
150 947 253 978 Missa
276 947 462 977 verecunde
484 946 638 987 dixisse:

384 1037 446 1067 DE
469 1036 772 1067 POENITENTIA.

173 1111 302 1142 Utiliter
325 1117 516 1142 recensetur
545 1112 628 1141 inter
657 1117 863 1141 sacramenta
892 1117 924 1140 et
953 1121 1064 1141 sacra-

87 1160 230 1185 mentum
258 1154 496 1194 poenitentiae,
519 1159 553 1183 ut
575 1159 729 1192 tanquam
758 1151 834 1182 loco
862 1153 970 1192 posita
992 1151 1064 1182 illu-

87 1197 206 1226 striore
228 1196 333 1235 magis
357 1195 578 1235 conspiciatur
601 1200 632 1224 et
654 1194 741 1234 apud
752 1193 935 1224 Ecclesiam
959 1194 1063 1234 magis

87 1243 167 1268 nota
189 1238 241 1267 sit.
286 1237 429 1266 Primum
452 1241 559 1267 autem
582 1237 614 1266 in
635 1235 700 1265 hoc
723 1235 800 1266 loco
814 1234 977 1266 refutandi
988 1242 1064 1265 sunt

86 1279 262 1310 {Novatiani
295 1283 327 1308 et
360 1278 511 1315 (30111011,
545 1279 599 1318 qui
640 1279 806 1318 negabant
839 1276 954 1316 lapsos
987 1282 1063 1317 post

86 1321 293 1361 Baptismum
316 1321 433 1350 iterum
454 1329 556 1360 posse
576 1319 733 1359 consequi
752 1320 976 1349 remissionem
989 1328 1063 1359 pec-

88 1369 246 1396 catorum.
281 1361 340 1392 Est
364 1367 472 1391 autem
496 1367 527 1392 et
543 1361 626 1392 haee
644 1361 794 1391 haeresis
814 1366 891 1391 nata
910 1371 950 1390 ex
966 1361 1064 1390 insci-

86 1406 133 1436 tia
161 1405 288 1444 peccati
312 1409 344 1434 et
366 1404 507 1434 iustitiae
534 1403 621 1434 fidei.
666 1403 749 1433 Nam
773 1413 847 1433 cum
871 1403 1064 1443 ignorarent

88 1445 221 1478 Cathari
243 1451 414 1486 peccatum
437 1445 580 1475 haerens
603 1446 635 1475 in
654 1450 782 1481 natura,
806 1446 1014 1475 somniabant
1027 1454 1064 1474 50

88 1490 160 1519 sine
178 1493 316 1528 peccato
340 1497 426 1518 esse.
460 1487 604 1527 Ideoque
627 1486 795 1528 fingebant
814 1496 851 1516 se
870 1487 974 1516 iustos
988 1496 1065 1517 esse

89 1530 221 1570 propria
242 1529 414 1565 munditie,
449 1539 510 1559 1100
539 1527 764 1570 intelligebant
794 1528 869 1558 fidei
898 1529 1064 1565 iustitiam,

90 1581 174 1612 quae
202 1571 314 1601 statuit
346 1571 444 1601 nobis
477 1571 610 1600 assidue
644 1580 726 1610 opus
761 1580 838 1600 esse
872 1571 1066 1600 remissione

88 1620 311 1655 peccatorum.
326 1622 329 1624 ·

175 1654 319 1684 Primum
358 1654 456 1695 igitur
497 1654 683 1684 testimonia
717 1653 942 1690 recitabimus,
982 1664 1066 1694 quae

90 1697 267 1728 ostendunt
290 1694 406 1735 lapsos
428 1702 504 1735 post
526 1695 731 1735 Baptismum
761 1704 876 1725 rursus
908 1697 1067 1736 consequi

89 1748 190 1780 posse
212 1738 438 1769 remissionem
450 1744 676 1778 peccatorum,
699 1743 730 1767 et
742 1736 927 1768 Ecclesiam
947 1739 1067 1769 debere

90 1781 138 1811 eis
161 1779 401 1811 absolutionem
422 1779 590 1819 impartiri,
614 1789 688 1809 011111
704 1785 807 1821 agunt
823 1781 1065 1819 poenitentiam.

89 1820 247 1862 Exempla
277 1820 389 1862 colligi
413 1827 554 1861 possunt
584 1821 752 1851 innumera
780 1823 901 1852 veteris
932 1827 964 1852 et
991 1823 1066 1852 novi

89 1864 299 1895 Testamenti.
346 1869 377 1893 Ut
400 1865 440 1897 1ὅ)
464 1863 592 1900 David,
620 1862 787 1893 Manasse.
840 1863 959 1894 Petrus
989 1870 1065 1904 post

90 1907 297 1948 negationem
321 1911 519 1936 consecutus
547 1910 599 1935 est
626 1906 765 1935 veniam.
809 1905 869 1935 Est
897 1911 929 1936 et
950 1912 1067 1946 postea

90 1948 204 1988 lapsus
238 1957 278 1978 00
313 1946 532 1988 reprehensus
566 1957 586 1977 a
618 1946 723 1977 Paulo
758 1946 844 1984 [Gal.
862 1948 893 1985 2,
915 1947 952 1977 11
967 1952 1066 1988 sqq.}.

89 1990 200 2030 Lapsa
223 1994 275 2020 est
297 1996 329 2020 et
352 1988 543 2020 Galatarum
560 1988 725 2026 Ecclesia,
749 1994 780 2019 et
803 2000 822 2019 a
844 1989 948 2020 Paulo
971 2000 1067 2020 revo-

91 2038 184 2063 catur
206 2032 248 2062 ad
269 2031 510 2071 poenitentiam.
543 2031 622 2061 Item
634 2030 758 2061 Paulus
781 2031 851 2071 ipse
864 2030 1068 2062 Corinthium

90 2075 251 2104 incestum
273 2074 361 2103 iubet
375 2073 474 2112 recipi
492 2079 570 2113 post
588 2073 862 2112 poe11itentian12.
876 2072 1023 2104 Corinth.
1035 2074 1066 2104 2.

92 2116 263 2147 Addamus
292 2120 324 2145 et
352 2115 439 2145 dicta
466 2115 658 2154 scripturae.
708 2115 831 2146 Ezech.
852 2115 903 2146 33.
924 2118 987 2155 [vs.
1003 2116 1065 2153 11.]

92 2158 177 2188 Vivo
209 2167 290 2197 ego,
323 2155 400 2186 nolo
430 2162 567 2187 mortem
594 2158 792 2197 peccatoris.
837 2157 878 2187 Et
908 2158 1066 2188 eiusmodi

93 2206 168 2230 sunt
192 2200 368 2229 conciones
394 2197 532 2236 multae,
560 2209 644 2239 quae
669 2198 784 2239 lapsos
814 2206 890 2240 post
912 2200 1067 2231 iustifica-

93 2243 214 2273 tionem
254 2241 427 2271 hortantur
458 2240 501 2270 ad
532 2241 772 2280 poenitentiam.
828 2241 919 2272 Haec
958 2247 1066 2273 autem

93 2284 180 2324 apud
201 2281 409 2314 Ezechielem
432 2283 505 2312 ideo
529 2288 580 2312 est
601 2283 750 2324 insignis,
774 2283 849 2323 quia
860 2284 1005 2315 additum
1018 2290 1067 2314 est

93 2325 332 2358 iusiurandum:
361 2324 447 2355 Vivo
478 2334 560 2366 ego3
590 2330 625 2355 ut
655 2326 875 2356 conscientiae
898 2336 937 2357 eo
960 2327 1066 2367 magis

99 2453 141 2481 15)
159 2451 274 2481 iudicari]
308 2450 379 2475 Editt.
401 2451 438 2473 12.
460 2450 497 2475 13,
516 2452 566 2480 typ.
585 2456 682 2475 errore:
702 2451 813 2475 iudicare

98 2503 142 2533 16)
161 2503 199 2531 Ut,
217 2499 330 2525 addunt
348 2501 389 2525 Ed.
408 2501 430 2523 7.
450 2502 473 2524 8.
495 2501 601 2523 11-14.
621 2503 646 2525 et
665 2501 726 2530 Opp.

540 102 563 132 1.
587 101 688 132 LOCI
711 99 986 131 THEOLOG1C1:
1012 100 1050 131 C.
1075 100 1286 131 SECUNDA
1303 100 1461 131 EORUM
1479 100 1634 132 AETAS.

2016 102 2080 133 486

1110 192 1296 232 erigantur,
1332 202 1405 222 cum
1438 192 1572 222 audiunt
1594 202 1661 222 11011
1690 191 1798 222 50111111
1819 192 2080 231 promissionem,

1110 234 1169 263 sed
1198 234 1294 263 etiam
1328 233 1551 264 confirmatam
1587 235 1835 274 promissionem
1863 234 2080 263 iureiurando.

1109 274 1219 308 Quare
1242 275 1418 305 Novatiani
1441 281 1600 306 accusant
1629 276 1736 306 Deum
1758 275 1907 315 periurii,
1931 285 2004 305 cum
2027 285 2080 305 ne-

1108 322 1186 356 gant
1208 315 1312 356 lapsis
1343 318 1460 346 remitti
1483 323 1630 356 peccata.
1675 317 1716 347 Et
1743 318 1904 347 adversus
1929 317 2081 355 despera-

1109 358 1229 387 tionem
1252 358 1389 399 egregia
1412 358 1595 389 consolatio
1620 364 1682 396 est,
1706 359 1795 398 quod
1808 359 1966 395 videmus>
1985 368 2082 397 quam

1107 405 1222 429 sancte
1245 400 1355 430 addito
1378 400 1586 430 iureiurando
1612 401 1754 440 requirat
1777 400 1886 437 Deus,
1909 405 1945 429 ut
1968 399 2081 429 creda-

1108 451 1180 471 mus
1204 442 1299 471 nobis
1323 442 1461 481 ignosci.
1506 442 1576 472 Nec
1600 440 1687 472 valet
1710 440 1891 477 cavillatio⁹
1915 441 2004 480 quod
2027 450 2082 470 ve-

1107 488 1161 512 tus
1184 482 1429 514 Testamentum
1451 483 1602 514 habuerit
1624 483 1688 513 hoc
1716 484 1925 519 beneficium,
1953 482 2084 512 Novum

1108 534 1174 553 non
1203 524 1333 555 habeat.
1388 525 1533 555 Pertinet
1564 526 1648 555 enim
1677 525 1793 554 concio
1828 523 2013 564 Prophetae
2041 522 2083 552 ad

1108 571 1208 596 totam
1231 566 1424 597 Ecclesiam.
1470 567 1541 597 Nec
1561 573 1612 597 est
1628 566 1693 597 alia
1710 567 1858 596 remissio
1871 570 2084 605 peccatorum

1107 608 1140 638 in
1163 610 1283 646 veteri,
1305 608 1371 639 alia
1393 609 1425 639 in
1450 619 1551 646 nova,
1575 619 1636 639 nec
1660 614 1711 639 est
1735 606 1799 638 alia
1821 605 1999 648 spiritualis
2021 605 2084 636 Ec-

1110 649 1222 680 010510.

1196 691 1263 722 Sed
1286 701 1452 722 sumamus
1469 692 1681 732 probationes
1700 702 1742 722 ex
1754 692 1850 723 Novo
1863 692 2083 722 Testamento.

1111 733 1263 764 Christus
1286 734 1389 774 inquit
1410 733 1527 764 Matth.
1544 733 1592 764 IS.
1616 737 1680 772 [vs.
1696 735 1760 773 15.J
1785 735 1819 765 Si
1842 733 2031 773 peccaven't
2052 732 2085 762 in

1111 781 1143 806 te
1166 774 1267 805 frater
1290 781 1376 813 111115,
1396 776 1525 816 corripe
1548 787 1620 806 eum
1644 782 1707 807 etc.
1754 776 1789 806 Si
1812 776 1950 806 audierit
1971 780 2014 812 te,
2036 773 2084 804 lu-

1112 819 1257 848 craberis
1294 816 1439 848 fratrem.
1492 817 1573 848 Cum
1601 817 1751 849 Christus
1783 818 1888 855 dicat,
1920 816 2086 847 1111010110-

1110 860 1156 889 1·15
1197 858 1349 896 fratrem,
1388 859 1479 890 clare
1517 861 1704 899 pronuntiat
1743 870 1780 890 se
1819 860 1859 889 de
1897 858 1948 888 his
1986 857 2086 898 loqui,

1111 902 1229 942 quibus
1253 900 1311 931 illa
1334 901 1518 931 emendatio
1547 902 1693 941 prodest.
1738 901 1779 931 Et
1808 901 1894 941 quod
1918 901 1959 930 de
1981 898 2087 930 fratri-

1110 944 1173 974 bus
1195 942 1361 983 loquatur,
1383 942 1447 973 hoc
1472 949 1533 979 est,
1557 943 1660 983 lapsis
1672 942 2033 983 postiustificationem,
2056 942 2088 970 id

1110 994 1242 1025 quoque
1265 990 1420 1021 testatur,
1445 985 1533 1024 quod
1557 992 1634 1015 tunc
1654 987 1694 1024 ¹⁷)
1714 986 1841 1015 demum
1863 983 1932 1014 vult
1954 983 2028 1014 eiici
2050 981 2086 1012 il-

1109 1026 1176 1056 lum
1199 1037 1238 1056 ex
1250 1025 1416 1063 Ecclesia,
1436 1037 1510 1056 cum
1529 1037 1595 1057 non
1617 1026 1792 1057 auscultat.
1825 1026 1865 1056 Et
1883 1026 2000 1056 deinde
2013 1036 2086 1056 cum

1109 1068 1228 1098 Petrus
1251 1068 1433 1109 interrogat
1458 1067 1585 1104 matth.
1601 1068 1651 1105 18,
1664 1069 1703 1098 21
1719 1069 1824 1108 sqq.]:
1848 1067 1984 1102 Quoties
2010 1077 2086 1096 con-

1110 1110 1263 1140 donabo?
1298 1110 1476 1149 respondet
1511 1109 1679 1140 Christus:
1719 1110 1916 1150 Septuagies
1952 1109 2085 1148 septies.

1110 1151 1199 1191 Ergo
1222 1150 1309 1191 lapsi
1331 1157 1407 1190 post
1429 1152 1692 1182 institit-ationem
1716 1157 1855 1191 possunt
1868 1151 1996 1181 veniam
2009 1160 2086 1180 con-

1110 1193 1216 1233 sequi.
1262 1193 1346 1223 Nam
1376 1204 1449 1223 cum
1480 1194 1569 1224 iubet
1597 1192 1782 1223 Ecclesiam
1806 1193 1987 1227 remittere,
2018 1190 2087 1222 vult

1110 1235 1236 1274 etipse
1264 1235 1439 1265 remittere.
1485 1235 1578 1266 Sicut
1608 1246 1709 1275 supra
1737 1235 1856 1275 inquit:
1889 1234 2086 1264 Lucraberis

1109 1276 1253 1307 fratrem.
1282 1276 1362 1306 Item
1385 1277 1529 1317 quotidie
1553 1283 1625 1308 orat
1646 1276 1817 1308 Ecclesia:
1840 1276 1972 1307 Dimitte
1991 1276 2086 1305 nobis

1109 1319 1219 1349 debita
1241 1323 1368 1349 nostra.
1403 1319 1494 1360 Ergo
1517 1325 1593 1358 post
1615 1319 1876 1349 iustificationem
1900 1319 2087 1349 condonan-

1109 1366 1161 1391 tur
1189 1359 1314 1400 lapsus.
1366 1361 1419 1391 Ad
1440 1360 1512 1391 Gal.
1532 1361 1563 1391 6.
1596 1364 1656 1397 [vs.
1679 1361 1721 1399 1.]
1756 1361 1792 1392 Si
1824 1366 2087 1401 praeoc=upat11s

1109 1401 1206 1432 fuerit
1236 1402 1334 1432 homo
1365 1402 1476 1443 aliquo
1507 1409 1665 1444 peccato,
1700 1414 1778 1440 vos,
1813 1403 1867 1444 qui
1902 1400 2087 1443 spirituales

1110 1445 1202 1481 05115,
1227 1445 1382 1485 corrigite
1405 1455 1478 1477 eum
1501 1446 1617 1484 spiritu
1640 1445 1795 1475 lenitatis.
1841 1444 1902 1476 Hic
1929 1444 2088 1485 praecipit

1110 1486 1260 1517 revocari
1289 1485 1403 1526 lapsos
1434 1487 1476 1517 ad
1505 1488 1753 1527 poe11itemia1u3
1787 1497 1868 1528 ergo
1904 1487 2001 1516 sentit
2041 1486 2087 1515 eis

1110 1528 1272 1567 prodesse
1299 1529 1542 1568 poenitentiam.
1596 1529 1676 1559 Luc.
1697 1529 1748 1559 15.
1773 1532 1836 1566 [vs.
1857 1529 1901 1566 7.]
1926 1529 1970 1558 ait
1994 1527 2087 1557 Chri-

1111 1576 1201 1599 stus:
1237 1569 1399 1601 Gaudium
1433 1571 1494 1601 erit
1523 1570 1661 1613 Angelis
1694 1581 1794 1612 super
1818 1582 1883 1603 11110
1912 1580 2086 1613 peccatore

1110 1612 1345 1652 poenitentiam
1366 1618 1487 1654 agente
1510 1620 1572 1644 etc.
1617 1614 1657 1644 Et
1681 1615 1713 1644 in
1738 1624 1777 1645 ea
1801 1615 1961 1647 concione
1983 1615 2086 1657 loqui-

1111 1659 1164 1685 tur
1188 1655 1227 1684 de
1251 1655 1453 1693 poenitentia
1484 1655 1538 1686 filii
1562 1656 1696 1697 perditi,
1727 1658 1757 1687 id
1790 1663 1854 1695 051,
1890 1659 1930 1688 de
1954 1657 2085 1695 talibus,

1112 1696 1165 1736 qui
1196 1701 1293 1726 antea
1326 1694 1457 1728 fuerant
1488 1699 1576 1729 iusti.
1621 1699 1772 1739 Aperui).
1807 1702 1869 1736 [vs.
1882 1700 1926 1738 5.]
1960 1700 2087 1730 Memor

1112 1744 1195 1776 0510,
1220 1739 1306 1769 unde
1323 1736 1438 1780 lapsus
1457 1741 1515 1777 sis,
1539 1746 1570 1771 et
1589 1742 1821 1781 poenitentiam
1842 1752 1914 1782 age,
1938 1747 1970 1771 et
1987 1740 2085 1771 facito

1112 1781 1220 1820 priora
1245 1791 1356 1820 opera.
1402 1781 1494 1812 Haec
1513 1781 1590 1813 loca
1607 1784 1688 1813 satis·
1708 1789 1869 1813 testantur
1885 1783 1999 1823 lapsos
2011 1788 2086 1823 post

1110 1822 1372 1854 iustificationem
1399 1825 1515 1855 iterum
1546 1825 1702 1865 consequi
1732 1836 1833 1865 posse
1861 1825 2086 1856 remissionem

1110 1870 1333 1905 peccatorum.

1198 1906 1266 1937 Sed
1289 1907 1463 1939 Novatiani
1482 1910 1637 1940 obiiciunt
1659 1910 1741 1940 duos
1765 1909 1858 1939 locos
1883 1919 1925 1939 ex
1948 1908 2087 1949 epistola

1111 1949 1153 1978 ad
1177 1948 1360 1979 Hebraeos.
1406 1950 1505 1982 Hebr.
1518 1951 1549 1981 6.
1574 1954 1636 1989 [vs.
1649 1953 1693 1990 4.]
1719 1950 1924 1991 Impossibile
1948 1956 1999 1981 est
2017 1960 2086 1987 eos,

1112 1990 1166 2030 qui
1189 1989 1292 2021 semel
1314 1990 1485 2023 illuminati
1509 2000 1584 2025 sunt
1608 2001 1670 2024 etc.
1702 1994 1854 2024 renovari
1872 1995 1913 2034 IS>)
1945 1993 1987 2024 ad
2010 2002 2087 2034 poe-

1111 2033 1288 2062 nitentiam.
1333 2034 1518 2068 Quamlibet
1541 2037 1642 2066 durus
1666 2037 1792 2068 videtur
1821 2035 1874 2067 hio
1897 2035 2011 2072 locus,
2040 2041 2087 2065 ta-

1111 2085 1185 2104 men
1208 2075 1236 2104 si
1261 2077 1466 2107 conscientia
1489 2079 1689 2116 praemunita
1714 2084 1764 2108 est
1785 2079 1874 2109 veris
1891 2077 2085 2110 testimoniis

1112 2127 1212 2156 supra
1235 2117 1356 2154 citatis,
1381 2128 1447 2148 non
1472 2120 1556 2150 sinet
1574 2122 1613 2153 ιθ)
1643 2130 1679 2150 se
1702 2120 1765 2151 1100
1789 2119 1864 2151 1000
1888 2119 2084 2161 perturbari.

1112 2159 1178 2188 11110
1202 2159 1310 2198 potius
1334 2165 1402 2190 tota
1425 2161 1565 2201 epistola
1588 2163 1763 2193 reiicienda
1787 2168 1887 2199 esset,
1911 2173 2007 2203 quam
2029 2171 2084 2192 ne—

1112 2201 1221 2242 ganda
1242 2200 1345 2240 lapsis
1369 2204 1473 2233 venia.
1517 2204 1599 2234 Nam
1632 2210 1663 2234 et
1690 2205 1775 2244 apud
1799 2210 1927 2235 veteres
1959 2204 2084 2235 dubita-

1111 2249 1178 2273 tum
1201 2250 1251 2274 est
1274 2244 1314 2274 de
1337 2250 1452 2275 autore
1474 2245 1570 2276 huius
1594 2245 1762 2286 epistolae.
1796 2246 1975 2286 Postquam
1987 2247 2084 2287 igitur

1110 2285 1233 2315 seimus
1257 2295 1297 2315 ex
1319 2287 1546 2326 superioribus
1569 2289 1779 2326 testimoniis,
1808 2287 1910 2329 lapsis
1940 2298 2006 2318 non
2028 2297 2083 2318 ne-

1114 2403 1159 2432 17)
1178 2402 1248 2431 tunc]
1267 2402 1310 2426 Ed.
1330 2403 1370 2425 11.
1390 2405 1415 2427 et
1434 2403 1511 2433 Opp.:
1529 2411 1596 2428 nunc

1115 2437 1158 2465 18)
1176 2435 1302 2465 renovari]
1324 2437 1360 2460 sic
1377 2437 1449 2461 Editt.
1467 2438 1491 2459 2.
1511 2436 1584 2462 5-8.
1606 2438 1711 2461 11—14.
1732 2439 1758 2462 et
1776 2438 1854 2469 Opp.;
1879 2440 1951 2465 Editt.
1972 2441 1993 2463 1.
2012 2441 2035 2464 4.
2055 2442 2079 2465 3.

1181 2474 1304 2492 renovare

1116 2502 1160 2530 19)
1178 2501 1254 2531 sinet]
1272 2501 1345 2526 Editt.
1367 2503 1404 2526 ll.
1423 2504 1448 2526 et
1466 2503 1539 2533 Opp.:
1557 2504 1615 2528 sinit

1875 2554 1931 2578 31*
