2358 2933
95 106 157 137 857

96 208 195 228 unum
229 196 401 228 articulum
429 197 469 227 de
492 197 662 238 Baptismo
696 196 862 228 infantium
882 198 922 236 ¹³)
950 196 1072 227 labefa-

98 245 199 277 ctant,
223 240 283 270 sed
306 238 425 270 multos
448 240 660 281 prodigiosos
672 250 803 270 errores
816 239 964 270 miscent.
999 239 1072 269 Est-

98 292 161 323 que
191 287 291 313 totum
320 291 432 312 eorum
462 281 610 312 delirium
633 281 805 312 confusum
829 291 868 311 ex
897 280 1072 312 multarum

98 329 242 355 veterum
264 329 428 354 sectarum
452 323 630 361 furoribus,
655 335 695 354 ex
711 323 924 359 ManichaeiS,
949 333 989 354 ex
1008 323 1073 353 En-

97 366 286 403 thusiastis,
320 376 362 396 ex
391 365 583 397 ludaeorum
612 367 788 396 recentium
818 364 948 397 fabulis.
998 365 1072 396 Non

97 407 282 449 intelligunt
311 408 486 439 discrimen
515 409 656 439 iustitiae
686 406 864 448 spiritualis
894 413 926 437 et
956 407 1071 438 civilis.

97 451 174 481 ldeo
198 456 319 491 negant
341 449 444 481 licere
467 450 662 481 Christianis
685 451 819 490 imperia
849 456 977 486 tenere,
1007 461 1072 481 ma-

96 493 252 534 gistratus
273 503 407 534 gerere,
437 493 555 523 iudicia
585 502 758 529 exercere,
793 493 871 522 dare
894 491 1072 532 legitimum

97 535 331 571 iusiurandum,
351 536 550 565 contendunt
563 535 798 565 discedendum
811 544 886 564 esse
899 545 917 564 a
930 536 1071 574 propriis

97 575 306 607 facultatibus
337 583 367 607 et
397 583 549 617 oportere
578 586 634 606 eas
664 578 695 606 in
720 586 891 607 commune
917 576 1071 614 conferri,

96 619 187 650 aiunt
210 618 445 660 relinquendos
469 628 544 649 esse
568 619 737 659 coniuges,
762 619 814 659 qui
828 618 1006 650 abhorrent
1030 620 1071 649 ab

97 662 349 702 Anabaptistico
371 662 533 702 dogmate.

181 703 222 734 Hi
245 702 375 734 furores
400 714 466 734 non
490 709 629 744 possunt
652 713 717 733 non
741 704 817 733 oriri
836 714 855 734 a
875 702 1017 734 Diabolo
1041 709 1074 734 et

95 751 172 777 sunt
199 744 290 776 faces
315 746 520 776 seditionum.
566 746 649 780 Quia
679 747 763 776 enim
791 756 857 776 non
887 745 1073 787 intelligunt

95 787 268 829 Evangelii
296 789 508 828 praecipuum
537 787 646 819 locum
671 789 710 819 de
736 788 859 819 lustitia
890 787 984 826 fidei,
1014 789 1073 818 sed

95 831 233 862 maxime
257 831 456 861 contendunt
478 829 640 861 hominem
663 836 798 871 propter
820 831 952 871 propria
971 841 1072 871 opera

97 879 127 904 et
150 873 249 903 duras
273 871 481 910 afflictiones,
505 878 539 903 ut
552 874 613 912 ipsi
627 872 816 913 loquuntur,
838 873 959 904 iustum
979 883 1072 909 esseg

95 916 172 946 Ideo
196 915 324 956 fingunt
354 916 416 945 sibi
442 914 519 946 talia
543 925 642 955 opera
667 915 869 952 Monastica,
893 921 927 945 ut
951 914 1073 955 ahquid

95 958 171 988 novi
190 963 222 987 et
241 958 312 987 duri
331 955 442 987 facere
461 958 642 988 videantur.
679 957 882 988 Addiderant
895 957 1072 997 Anabapti-

95 1005 166 1030 stae
188 999 469 1030 Monasterienses
489 1001 594 1041 magis
613 1000 822 1040 prodigiosos
846 1009 989 1037 errores,
1014 999 1072 1030 fin-

97 1047 210 1073 xerant
228 1041 359 1072 ludaico
383 1052 474 1073 more
498 1041 638 1073 futuram
662 1052 738 1072 esse
752 1041 978 1072 Monarchiani
1003 1043 1071 1081 pio-

96 1095 167 1116 rum
189 1090 266 1115 ante
288 1085 580 1121 resurrectionem,
616 1090 647 1115 et
676 1090 710 1115 ut
733 1083 821 1115 illam
845 1083 1072 1115 Monarchiani

94 1127 346 1164 constituerent,
380 1127 538 1157 seditiose
557 1128 598 1166 ¹⁴)
633 1137 723 1157 arma
758 1132 924 1166 ceperant.
981 1126 1071 1156 Haec

93 1170 234 1200 amentia
265 1175 334 1200 erat
364 1170 540 1209 perspicua
569 1175 648 1199 nota
676 1168 825 1205 Diaboli,
855 1178 939 1209 quae
970 1178 1070 1198 sanos

95 1212 276 1248 convincit,
303 1218 337 1242 ut
366 1210 550 1252 intelligant
573 1210 761 1251 fugiendum
785 1221 861 1241 esse
884 1212 1072 1251 contagium

96 1253 389 1293 Anabaptisticum.

179 1295 246 1326 Sed
267 1297 392 1326 etiamsi
410 1297 464 1337 qui
477 1303 552 1327 sunt
563 1297 813 1333 moderatiores,
826 1302 934 1326 tamen
947 1296 1072 1325 semina

94 1336 246 1369 similium
268 1337 415 1369 furorum
439 1339 589 1370 retinent.
618 1339 770 1379 Denique
793 1348 907 1369 omnes
932 1338 972 1368 de
995 1348 1071 1378 pec-

94 1386 168 1413 cato
192 1381 344 1422 originiS‚
379 1381 418 1411 de
442 1381 565 1412 lustitia
588 1381 663 1412 fidei
693 1387 724 1411 et
748 1381 788 1411 de
810 1381 992 1411 ministerio
1017 1390 1072 1410 ex—

93 1431 186 1455 terno
216 1429 344 1461 errant,
378 1422 495 1454 tollunt
525 1423 696 1454 manifesta
730 1424 870 1454 amentia
900 1429 1071 1463 peccatum

94 1467 256 1507 Originis,
289 1476 351 1496 nec
385 1466 529 1496 iudicant
564 1472 736 1506 peccatum
772 1467 948 1507 quicquam
983 1464 1072 1495 aliud

93 1519 186 1546 esse,
220 1509 283 1539 nisi
313 1507 402 1538 facta
432 1518 492 1538 seu
522 1509 670 1538 actiones
700 1514 852 1538 externas
883 1513 1070 1548 pugnantes

94 1561 168 1582 cum
181 1550 272 1592 Lege
284 1550 356 1580 Dei.
392 1550 458 1581 Iam
474 1551 572 1581 audio
595 1561 681 1581 nova
706 1550 819 1580 deliria
843 1551 885 1580 ab
909 1551 957 1580 eis
982 1549 1071 1590 fingi,

93 1593 258 1624 Chi-istum
280 1602 416 1633 passum
445 1603 538 1630 esse,
569 1603 634 1624 non
658 1599 691 1623 ut
715 1591 862 1623 aboleret
885 1598 1070 1632 peccatum,

93 1636 153 1667 sed
182 1641 217 1666 ut
240 1634 387 1666 aboleret
413 1642 549 1666 mortem
569 1635 787 1676 corporalem.
832 1634 904 1665 Hoc
928 1645 994 1665 non
1018 1644 1071 1664 50-

92 1677 158 1709 111111
185 1676 289 1715 falso,
324 1678 384 1708 sed
408 1679 503 1708 etiam
528 1677 646 1708 stolide
670 1679 803 1714 dicitur,
838 1678 912 1718 quia
936 1676 1071 1707 abolere

92 1725 230 1751 mortem
253 1725 303 1751 est
322 1719 459 1750 abolere
476 1726 659 1761 peccatum.
695 1720 788 1757 Nam,
810 1725 846 1750 ut
859 1719 981 1750 Paulus
994 1720 1071 1749 dicit

94 1762 201 1801 [Rom.
220 1762 252 1800 5,
274 1762 350 1800 1⁵2.],
374 1762 438 1792 Per
460 1768 631 1802 peccatum
655 1763 769 1803 irrupit
791 1772 891 1793 morS.
920 1762 1071 1802 Denique

92 1815 258 1846 nunquam
285 1814 375 1835 unus'
393 1803 512 1846 aliquis
536 1806 675 1846 insignis
699 1815 792 1835 error
815 1803 907 1835 solus
928 1804 1070 1835 defendi-

91 1855 156 1885 tur,
179 1848 239 1878 sed
261 1846 374 1888 plures
398 1848 528 1878 misceri
550 1857 691 1878 necesse
715 1854 776 1878 est.
812 1847 888 1877 Ideo
913 1847 1070 1878 Iudicium

92 1891 132 1921 de
154 1888 306 1921 fanaticis
330 1890 540 1930 opinionibus
569 1889 668 1921 facile
698 1890 768 1920 fieri
790 1895 911 1930 potest,
936 1890 1070 1930 conqui—

93 1933 162 1963 sitis
194 1932 314 1963 talibus
340 1933 436 1963 notis.
484 1932 631 1974 Cumque
659 1931 852 1963 manifestae
882 1933 946 1962 sint
973 1937 1071 1962 notae

92 1974 167 2006 mali
191 1976 327 2016 spiritus
355 1975 387 2005 in
417 1974 611 2006 confusione
635 1976 823 2017 dogmatum
848 1974 1070 2015 Anabaptisti-

93 2028 224 2055 corum,
252 2016 417 2059 fugiamus
440 2027 554 2048 eorum
577 2019 783 2060 contagium,
819 2027 879 2048 nec
903 2016 1071 2058 hypocrisi
1090 2037 1092 2045 .

92 2069 207 2091 eorum
228 2070 429 2091 moveamur.

178 2102 276 2137 Quod
295 2107 404 2133 autem
426 2103 606 2143 baptismus
629 2102 799 2134 infantium
822 2112 888 2133 non
901 2102 941 2132 sit
953 2111 1070 2132 recens

93 2154 180 2183 mos,
215 2146 276 2176 sed
303 2145 428 2185 primae
458 2150 490 2175 et
518 2146 658 2185 purioris
684 2145 855 2176 Ecclesiae
885 2145 1070 2175 testimonio

93 2189 346 2228 comprobatus,
374 2193 551 2228 sequentes
575 2189 754 2219 sententiae
777 2188 964 2225 ostendunt,
987 2197 1069 2228 quas

94 2231 255 2268 recitabo,
289 2231 364 2271 quia
394 2240 460 2260 non
489 2230 600 2261 dubito
631 2231 703 2272 pios
725 2229 898 2261 Ecclesiae
928 2230 1069 2270 purioris

93 2272 242 2313 exemplo
266 2272 463 2304 confirmari.

179 2315 341 2357 Origenes
365 2315 394 2346 6.
426 2326 497 2355 cap.
528 2316 569 2345 ad
592 2314 686 2345 Rom.
721 2316 767 2346 sic
792 2316 921 2346 scribit:
958 2315 1070 2356 ltaque

99 2454 138 2484 13)
165 2454 311 2484 infantium]
329 2453 403 2479 Editt.
425 2455 445 2477 1.
467 2453 490 2477 3.
511 2454 636 2479 infantum

97 2505 139 2531 14)
164 2504 298 2535 seditiose]
322 2505 393 2529 Editt.
414 2505 453 2528 18.
474 2506 514 2529 20.
535 2505 574 2527 22.
595 2505 634 2529 ‘24-
655 2505 694 2528 25,
714 2504 848 2528 28—34..

162 2539 221 2568 001),
245 2539 265 2561 1.
286 2539 308 2560 2.
328 2538 448 2563 seditiosa

562 105 584 135 1.
609 104 709 136 LOCl
733 103 1010 136 THEOLOGICI:
1034 105 1076 135 D.
1099 103 1257 135 TERTIA
1280 102 1437 134 EORUM
1464 103 1617 134 AETAS.

2026 105 2090 135 858

1117 203 1149 227 et
1167 196 1319 227 Ecclesia
1341 197 1382 227 ab
1406 195 1578 237 Apostolis
1602 195 1809 226 traditionem
1831 196 1969 236 accepit,
1994 197 2087 226 etiam

1115 238 1262 280 parvulis
1287 239 1365 269 dare
1389 239 1593 279 baptismum.
1639 238 1795 269 Sciebant
1817 238 1901 268 enim
1924 236 1987 275 illi,
2021 239 2088 278 qui-

1117 283 1177 312 bus
1213 287 1343 312 secreta
1377 282 1559 311 divinorum
1600 280 1830 322 mysteriorum
1864 280 2088 310 commendata

1115 322 1262 361 fuerunt,
1293 324 1382 364 quod
1411 329 1523 353 essent
1552 324 1584 353 in
1613 323 1761 353 omnibus
1787 323 1947 363 genuinae
1971 323 2089 352 sordes

1115 367 1260 406 peccati,
1291 376 1375 406 quae
1396 375 1455 405 per
1479 375 1596 406 aquam
1619 370 1651 395 et
1674 365 1821 405 spiritum
1844 363 1969 395 aboleri
1993 364 2089 396 debe-

1116 414 1197 438 rent.
1233 408 1322 439 Haec
1341 408 1492 448 Origenis
1516 408 1619 438 verba
1640 407 1850 447 perspicuum
1873 407 2090 437 testimonium

1117 451 1284 481 continent
1310 451 1350 480 de
1375 450 1506 480 duobus
1529 448 1693 485 articulis,
1729 449 1769 479 de
1792 448 1935 480 Peccato
1955 449 2090 490 originis

1116 498 1147 523 et
1170 493 1210 523 de
1228 493 1398 533 Baptismo
1417 491 1598 522 infantium.
1618 493 1659 525 ι5)

1201 534 1386 575 Cyprianus
1421 534 1535 564 scribit
1568 533 1600 563 in
1631 533 1767 574 Symodo
1802 534 1983 564 damnatam
2015 542 2090 564 esse

1116 577 1301 617 opinionem
1326 577 1505 612 cuiusdam,
1529 575 1583 615 qui
1606 574 1747 606 infantes
1770 585 1835 606 non
1860 575 1991 606 volebat
2016 581 2091 605 ante

1116 624 1268 649 octavum
1292 619 1375 649 diem
1400 617 1566 658 baptizari.
1607 616 1741 648 Censuit
1761 619 1844 648 enim
1868 618 2022 658 Synodus
2045 618 2090 648 in-

1115 660 1222 691 fantes
1258 661 1472 701 baptizandos
1507 669 1601 696 esse,
1635 669 1697 690 nec
1733 661 1904 691 observari
1939 666 2091 699 oportere

1115 704 1355 744 praescriptum
1379 709 1509 742 teinpus
1535 703 1643 732 octavi
1667 702 1740 732 diei.

1202 745 1407 786 Augustinus
1420 746 1460 776 de
1472 744 1642 784 Baptismo
1663 750 1777 774 contra
1790 743 1982 774 Donatistas
2007 743 2090 774 libro

1115 788 1145 818 4.
1171 789 1273 828 inquit
1296 789 1336 818 de
1362 787 1532 827 Baptismo
1555 785 1783 827 parvulorum:
1818 786 1914 821 Quod
1938 786 2090 817 universa

1116 836 1203 861 tenet
1215 829 1379 866 Ecclesia,
1404 840 1465 860 nec
1482 827 1639 859 Conciliis
1662 829 1856 865 institutum,
1880 829 1938 859 sed
1963 838 2091 868 semper

1116 878 1276 903 retentum
1300 878 1360 908 est,
1384 882 1450 902 non
1472 873 1534 901 nisi
1558 870 1753 911 Apostolica
1777 872 1971 902 auctoritate
1995 871 2091 901 tradi-

1115 921 1182 946 tum
1205 915 1388 946 rectissime
1411 914 1564 945 creditur.

1425 1008 1446 1037 l.
1483 1007 1782 1048 Argumentum.

1202 1084 1268 1115 Sed
1298 1094 1464 1114 sumemus
1496 1084 1590 1114 etiam
1619 1090 1812 1124 argumenta
1835 1094 1875 1114 ex
1899 1084 2090 1126 Evangelio,

1115 1137 1210 1167 quae,
1233 1127 1308 1167 quia
1333 1127 1418 1156 bona
1442 1127 1675 1166 consequentia
1700 1135 1739 1155 ex
1758 1127 1949 1156 certissimis
1962 1132 2090 1156 senten-

1114 1170 1167 1199 tiis
1191 1175 1391 1209 sequuntur‚
1414 1169 1604 1198 necessario
1627 1166 1747 1198 valent.
1794 1167 1845 1198 Ac
1867 1169 2004 1208 primum
2027 1168 2090 1199 hor

1115 1211 1333 1241 certissimum
1356 1216 1419 1247 est,
1443 1220 1580 1251 regnum
1602 1209 1676 1247 Dei,
1700 1210 1732 1240 id
1756 1215 1817 1247 est,
1842 1211 2090 1251 promissionem

1114 1254 1239 1294 gratiae
1268 1258 1298 1283 et
1328 1254 1427 1283 vitain
1457 1258 1622 1283 aeternam
1651 1263 1716 1283 non
1750 1253 1792 1283 ad
1826 1252 1919 1282 solos
1950 1252 2091 1289 adultos,

1113 1296 1174 1326 sed
1198 1296 1295 1326 etiam
1324 1295 1365 1325 ad
1389 1294 1529 1325 infantes
1557 1295 1737 1334 pertinere,
1768 1296 1822 1335 qui
1846 1301 1952 1325 tamen
1977 1296 2088 1326 inserti

1114 1343 1189 1368 sunt
1215 1336 1400 1374 Ecclesiae,
1424 1338 1500 1378 quia
1523 1336 1675 1367 Christus
1700 1336 1883 1368 clarissime
1902 1338 1942 1367 (16
1965 1337 2090 1368 infanti-

1115 1382 1175 1411 bus
1210 1381 1312 1420 inquit
1348 1380 1477 1418 [Matth.
1510 1379 1560 1417 19,
1590 1380 1672 1417 14.1:
1714 1379 1840 1410 Talium
1871 1385 1920 1410 est
1956 1390 2091 1421 regnum

1115 1422 1292 1453 coelorum.
1328 1422 1421 1453 Item:
1445 1422 1520 1452 Non
1544 1428 1594 1452 est
1618 1420 1772 1452 voluntas
1785 1421 1905 1459 Patris,
1930 1428 1963 1452 ut
1979 1430 2090 1463 pereat

1113 1475 1197 1495 unus
1227 1465 1267 1494 de
1296 1464 1442 1504 parvulis
1466 1465 1548 1494 istis.
1593 1464 1664 1494 Hae
1686 1463 1896 1495 dulcissimae
1920 1475 2020 1495 voces
2045 1471 2089 1495 te-

1114 1513 1242 1538 stantur
1262 1517 1414 1548 magnam
1428 1506 1600 1537 Ecclesiae
1613 1506 1675 1537 Dei
1698 1513 1825 1546 partem
1848 1516 1924 1537 esse
1937 1506 2089 1544 infantes,

1114 1560 1214 1590 super
1237 1559 1320 1590 quos
1343 1550 1533 1580 invocatum
1553 1555 1602 1579 est
1628 1559 1744 1579 nomen
1768 1549 1840 1580 Dei.
1876 1549 1986 1584 Quare
2009 1550 2089 1580 haec

1114 1593 1199 1623 dicta
1224 1598 1255 1622 et
1274 1602 1421 1623 amemus
1446 1598 1477 1622 et
1501 1597 1666 1628 tueamur,
1690 1602 1750 1622 nec
1774 1593 1918 1622 sinamus
1942 1591 2028 1622 eludi
2052 1602 2090 1622 ea

1114 1635 1360 1676 sycophanticis
1380 1633 1661 1671 cavillationibus,
1692 1640 1727 1665 ut
1749 1634 1989 1675 Anabaptistae
2014 1644 2090 1664 con-

1114 1678 1261 1714 tendunt,
1286 1676 1365 1707 nihil
1381 1677 1524 1716 promitti
1540 1676 1728 1713 infantibus,
1753 1678 1811 1707 sed
1824 1684 2002 1718 praecepta
2015 1687 2090 1707 esse

1114 1719 1233 1750 adultis
1247 1720 1377 1756 tradita,
1401 1725 1435 1750 ut
1448 1720 1611 1750 imitentur
1629 1717 1787 1750 infantum
1801 1721 1840 1750 16)
1860 1720 2089 1755 innocentiam,

1114 1764 1168 1803 qui
1180 1762 1323 1793 nondum
1335 1761 1456 1791 habent
1474 1762 1614 1792 studium
1633 1762 1781 1791 nocendi.
1819 1761 1908 1792 Haec
1926 1760 2089 1792 cavillatio

1113 1816 1178 1835 non
1202 1805 1373 1844 impediat,
1409 1814 1474 1844 quo
1503 1805 1609 1834 minus
1640 1809 1764 1834 statuas
1791 1804 1872 1834 haec
1903 1804 1991 1834 dicta
2015 1814 2089 1834 vere

1115 1857 1190 1878 esse
1214 1847 1463 1888 promissiones,
1486 1852 1646 1876 testantes
1658 1846 1732 1876 Deo
1753 1845 1888 1887 placere
1908 1845 1968 1876 hos
1987 1845 2089 1876 infan-

1113 1896 1180 1927 tes,
1215 1891 1255 1920 de
1278 1890 1396 1930 quibus
1420 1887 1580 1930 loquitur,
1614 1890 1647 1920 id
1675 1893 1744 1925 est,
1778 1887 1919 1919 infantes
1947 1889 2089 1919 insertos

1112 1931 1294 1964 Ecclesiae.

1200 1974 1332 2005 Certum
1363 1980 1395 2004 et
1418 1973 1480 2003 hoc
1505 1979 1566 2011 est,
1590 1981 1684 2004 extra
1706 1973 1907 2011 Ecclesiam,
1944 1975 2004 2005 hoc
2029 1981 2088 2011 est,

1114 2019 1201 2057 apud
1228 2028 1303 2055 eos,
1338 2026 1438 2057 super
1467 2027 1551 2057 quos
1581 2027 1647 2047 non
1677 2022 1725 2047 est
1756 2018 1939 2047 invocatum
1972 2027 2087 2047 nomen

1113 2061 1176 2091 Dei
1209 2070 1268 2100 per
1297 2060 1501 2099 Baptismum
1536 2066 1567 2089 et
1602 2060 1655 2100 qui
1686 2065 1761 2089 sunt
1796 2060 1869 2089 sine
1895 2059 2088 2100 Evangelio.

1114 2113 1179 2133 non
1203 2113 1279 2133 esse
1301 2102 1526 2132 remissionem
1544 2107 1755 2141 peccatorum
1774 2107 1803 2131 et
1828 2102 2020 2132 societatem
2044 2103 2088 2132 vi-

1113 2151 1166 2176 tae
1189 2150 1355 2175 aeternae.
1380 2150 1413 2175 ut
1436 2145 1523 2184 apud
1545 2144 1660 2174 hostes
1675 2143 1797 2174 Christi
1822 2149 1851 2173 et
1877 2143 2087 2184 blasphemos

1114 2188 1271 2225 ludaeos,
1294 2186 1542 2217 Mahometistas
1568 2192 1597 2216 et
1621 2185 1755 2216 similes·
1801 2186 1835 2216 ld
1859 2184 1949 2216 clare
1972 2188 2087 2226 proba-

1112 2236 1165 2260 tur
1187 2230 1251 2261 hoc
1274 2230 1362 2260 (licto
1390 2229 1477 2266 [Act.
1501 2229 1532 2266 4,
1558 2228 1641 2267 1⁶2.]:
1676 2228 1750 2258 Non
1779 2234 1831 2258 est
1859 2226 1946 2258 aliud
1969 2238 2086 2259 nomen

1113 2274 1223 2303 datum
1257 2272 1459 2308 hominibus,
1494 2281 1558 2312 quo
1584 2276 1734 2311 oporteat
1764 2269 1877 2301 salvos
1905 2269 1991 2307 fieri,
2026 2271 2086 2301 nisi

1114 2325 1230 2346 nornen
1255 2315 1329 2345 16511
1352 2314 1483 2345 Christi.
1529 2313 1607 2343 ltem
1630 2312 1714 2353 Eph.
1738 2312 1768 2342 5.
1794 2315 1855 2349 [vs.
1872 2312 1938 2350 254
1963 2312 2086 2343 Paulus

1114 2359 1306 2389 describens
1326 2356 1510 2388 Ecclesiam
1533 2356 1652 2396 inquit:
1677 2354 1828 2385 Christus
1851 2353 1960 2385 dilexit
1973 2353 2087 2385 Eccle-

883 2505 952 2533 (1οη,-
977 2504 984 2525 i
1010 2504 1069 2526 —S..
1091 2495 1093 2526 g
1118 2486 1158 2510 15]
1179 2484 1330 2515 infamium]
1353 2484 1423 2508 Editt.
1450 2485 1467 2506 1.
1490 2484 1512 2506 3.
1533 2484 1666 2509 infantum,

1091 2541 1093 2545 ⁴
1116 2537 1158 2559 lu»
1178 2534 1313 2564 infantum]
1334 2535 1405 2564 Γοη).
1431 2535 1500 2558 ιΑΒ.
1521 2534 1653 2559 infantium
