2358 2933
87 135 149 167 441

87 229 262 259 admoneat
295 236 356 256 nos
388 226 428 255 de
456 223 625 255 voluntate
647 223 721 254 Dei.
768 222 858 253 Sicut
890 227 921 251 et.
954 221 1065 261 Bapti—

89 280 179 301 smus
194 270 323 310 signum
338 274 400 305 est,
425 267 513 308 quod
533 267 686 297 admonet
706 271 797 295 certo
816 263 911 294 nobis
925 263 1064 304 ignosci.

88 312 136 342 lta
165 322 238 342 cum
267 320 329 341 nos
353 310 578 340 condonamus
601 307 692 345 aliis,
722 317 805 347 opus
836 312 985 336 nostrum
1009 305 1065 335 ad-

89 359 218 384 moneat.
248 362 327 389 1105,
356 357 391 382 01
417 361 579 382 annexam
602 350 853 391 promissionem
883 348 1066 377 intueamur

88 402 120 426 et
143 400 323 426 statuamus
346 394 443 424 nobis
467 403 598 434 quoque
622 391 801 422 condonari
824 395 971 431 peccata.

174 437 273 475 [Dan.
286 436 318 473 4,
330 436 394 474 244
426 436 515 466 Idem
538 435 744 465 iudicandum
768 438 819 463 est
843 433 883 462 de
906 430 1066 461 similibus

88 480 270 515 sententiis,
295 488 380 518 qnae
404 483 480 508 sunt
503 477 679 507 conciones
704 475 934 515 poenitentiae.
979 472 1066 507 Qua-

88 521 129 551 lis
159 527 226 551 est:
259 520 394 551 Redime
428 525 565 560 peccata
599 524 652 548 tua
687 517 806 548 iustitia
836 523 866 547 et
898 515 1065 546 beneficiis

88 573 168 604 erga
191 573 371 603 pauperes,
400 568 431 592 et
455 562 515 591 erit
545 560 671 590 sanatio
702 558 898 589 delictorum
925 564 1065 588 tuorum.

88 605 202 636 Altera
221 615 299 645 pars
318 604 476 644 praecipit
491 604 530 633 de
543 602 757 642 poenitentia:
781 601 916 631 Redime
928 606 1067 640 peccata

88 653 143 678 tua
164 647 284 677 iustitia
303 652 334 676 et.
352 645 519 675 beneficiis
538 654 616 685 erga
635 653 811 684 pauperes,
830 642 894 673 hoc
908 648 969 679 est,
988 642 1066 672 resi-

87 690 190 729 pisce,
215 688 275 718 fias
298 689 420 725 iustus,
440 696 588 727 agnosce
611 685 733 722 Deum,
760 685 893 715 credito.
940 684 1066 714 Deinde

88 741 223 771 regnum
253 735 342 760 tuum
372 730 416 759 ita
438 729 682 765 administrato,
716 733 750 758 ut
776 728 954 768 potentiam
978 732 1067 756 tuam

88 773 129 803 ad
152 771 290 802 salutem
318 771 483 801 hominum
507 769 678 807 conferas,
709 780 775 800 non
798 770 840 799 ad
870 769 1065 799 nocendum.

88 814 311 845 Concionatur
340 814 424 843 enim
452 812 536 853 Regi
566 818 596 842 et
612 815 651 845 10)
682 822 747 842 non
775 810 882 842 solum
913 812 952 841 (10
981 810 1067 840 0100-

87 857 246 897 mosynis,
270 856 329 885 sed
354 856 394 885 de
417 856 583 897 agnitione
609 854 684 891 Dei,
709 855 749 885 de
774 853 855 889 fide;
885 859 1003 894 postea
1025 853 1066 883 de

87 901 156 929 eius
170 898 357 934 vocatione,
381 897 443 927 hoc
467 903 528 934 est,
552 898 592 927 de
614 897 735 926 iustitia
760 902 792 926 et
805 896 1021 926 beneficentia
1035 895 1066 924 in

87 940 223 980 imperio
247 940 450 974 exercenda3
475 949 559 979 quae
583 939 665 968 duae
685 939 823 968 virtutes
847 938 985 968 maxime
1003 936 1066 968 coli

88 992 108 1012 a
131 981 265 1012 summis
289 980 436 1022 Regibus
461 981 591 1011 debent.
638 980 685 1010 lta
708 980 850 1010 redimes
863 985 1012 1019 peccata,
1036 979 1066 1009 id

87 1029 155 1060 est,
178 1024 378 1062 impetrabis,
402 1029 435 1052 ut
459 1021 592 1052 tollatur
614 1028 741 1058 reatus,
772 1027 839 1051 tum
863 1021 977 1061 culpa,
1001 1026 1067 1051 tum

86 1075 210 1105 poena,
239 1065 315 1104 quia
346 1065 518 1094 conversis
550 1064 746 1102 promittitur
775 1064 868 1093 venia
899 1073 965 1093 non
991 1073 1066 1102 pro-

86 1113 159 1147 pter
181 1106 402 1145 poenitentiae
426 1106 627 1146 dignitatem,
650 1105 710 1135 sed
723 1115 782 1144 per
796 1104 1066 1141 misericordiam,

87 1150 114 1179 si
138 1159 209 1179 eam
231 1148 296 1178 fide
320 1147 587 1187 apprehendant3
612 1153 644 1178 et
667 1153 775 1177 tamen
799 1147 991 1177 necessaria
1016 1152 1066 1176 est

87 1190 295 1231 poenitentia.
342 1189 458 1219 Altera
481 1199 559 1230 pars
583 1189 758 1229 promissio
782 1195 851 1219 est:
879 1188 947 1218 Erit
972 1198 1066 1218 sana-

86 1233 131 1263 tio
156 1238 218 1262 etc.
243 1241 326 1271 quae
351 1238 440 1261 certe
464 1232 560 1262 debet
584 1231 648 1261 fide
672 1231 788 1271 accipi,
812 1237 842 1261 et
863 1237 896 1261 ut
910 1231 949 1260 sit
965 1237 1066 1267 certa,

87 1285 152 1305 non
177 1275 273 1304 debet
296 1274 440 1313 pendere
464 1284 504 1304 ex
530 1274 717 1303 conditione
740 1273 1066 1313 nosti-aedignitatis.

88 1316 276 1347 Sententiae
299 1316 331 1345 in
354 1315 458 1346 Tobia
483 1315 547 1352 [12
565 1315 627 1353 9.]:
657 1314 878 1356 Eleemosyna
906 1315 1023 1345 liberat
1048 1325 1067 1344 a

87 1363 208 1394 morte,
238 1364 269 1388 et
297 1357 437 1395 similes,
466 1358 651 1398 significant
686 1356 916 1398 eleemosynas
950 1357 1066 1387 mereri

85 1401 230 1441 ingentia
254 1400 425 1437 beneficia,
449 1406 483 1430 01
507 1399 720 1431 defendamur
742 1410 761 1429 a
784 1399 858 1430 Deo
881 1400 912 1429 in
936 1400 1066 1440 magnis

86 1442 251 1483 periculis.
304 1442 487 1472 Praeconia
513 1448 587 1473 sunt
618 1443 777 1472 bonorum
803 1452 954 1481 operum,
983 1451 1066 1482 quae

86 1489 163 1515 sunt
185 1494 266 1514 sane
295 1483 542 1524 amplificanda,
566 1485 626 1515 sed
650 1485 704 1521 ita,
729 1494 769 1514 ne
794 1484 914 1514 Christi
945 1484 1065 1515 benefl-

87 1527 172 1556 cium
190 1528 395 1557 obscuretur.
428 1527 667 1557 Remissionem
693 1525 809 1566 culpae
833 1527 1065 1567 consequimur

87 1568 205 1598 fiducia
218 1567 350 1598 Christi.
397 1568 570 1599 Caeterum
594 1569 762 1599 sciendum
786 1574 836 1598 est
856 1570 940 1599 bona
964 1579 1065 1609 opera

86 1611 204 1640 mereri
224 1611 451 1640 remissionem
474 1621 654 1649 poenarum
679 1609 916 1650 temporalium,
936 1621 995 1641 seu
1010 1612 1064 1641 mi-

86 1653 291 1693 tigationem,
314 1660 347 1682 ut
373 1662 433 1682 suo
457 1651 532 1683 loco
558 1653 693 1683 dicetur.
739 1652 855 1692 Neque
878 1652 943 1682 hoc
967 1654 1064 1683 bene-

86 1694 194 1724 fit-ium
223 1693 297 1724 leve
328 1695 511 1725 ducendum
540 1700 608 1731 est,
641 1695 709 1735 regi
740 1693 947 1725 difficillimas
977 1696 1063 1725 vitae

86 1742 309 1776 tempestateS,
334 1737 471 1777 mitigari
497 1736 712 1772 calamitates,
736 1736 869 1776 publica
889 1735 986 1775 bella,
1016 1737 1064 1767 fa-

86 1788 180 1815 mem,
204 1779 437 1818 dissipationes
460 1778 581 1819 publici
605 1784 722 1814 status,
746 1784 776 1809 et
790 1778 854 1809 alia
872 1778 968 1809 mala.
999 1779 1063 1809 Ho-

87 1831 154 1850 rum
179 1821 411 1860 mitigationem
437 1827 526 1851 certe
550 1826 717 1851 merentur
741 1822 828 1851 bona
847 1831 958 1861 opera.
986 1822 1062 1851 Ideo

85 1864 125 1893 de
158 1863 223 1893 hoc
262 1862 421 1893 beneficio
460 1873 561 1903 saepe
603 1864 840 1893 concionantur
880 1865 1063 1894 sententiae

84 1906 277 1944 scripturae.
323 1905 367 1935 Ut
389 1905 508 1936 Esaiae
530 1905 582 1936 58.
609 1908 670 1941 lvs.
685 1906 729 1943 7.]
755 1905 884 1946 Frange
908 1907 1062 1936 esurienti

84 1957 213 1988 panem,
237 1953 267 1977 et
292 1949 435 1988 requiem
459 1949 547 1978 dabit
570 1948 626 1977 tibi
640 1947 800 1977 Dominus
825 1958 963 1988 semper.
999 1948 1062 1978 Eo-

85 1990 158 2019 dem
186 1988 300 2020 reserri
334 1996 442 2029 potest
474 1990 516 2027 [l.
536 1990 623 2020 Petr.
644 1990 675 2027 4,
694 1990 758 2027 8.]:
788 1989 928 2023 Dilectio
959 1992 1062 2031 operit

84 2031 317 2062 multitudinem
342 2038 564 2072 peccatorum,
587 2032 618 2062 id
642 2038 703 2069 est,
728 2038 871 2063 meretur
890 2034 1062 2074 mitigatio-

38 2102 42 2103 .
86 2084 157 2104 nem
180 2084 370 2114 poenarum.

170 2116 329 2146 ()biicitur
353 2122 382 2147 et
407 2117 447 2146 de
472 2117 635 2147 mercede:
659 2116 735 2146 Vita
758 2123 891 2147 aeterna
916 2117 1061 2158 appella-

86 2165 136 2189 tur
160 2168 303 2191 merces:
327 2159 400 2188 ideo
425 2159 561 2189 debetur
583 2169 642 2199 pro
667 2160 839 2198 operibus,
863 2166 893 2189 et
918 2171 983 2190 non
1007 2162 1062 2191 da-

84 2207 135 2231 tur
157 2201 270 2241 gratis.
317 2201 412 2237 Item,
441 2206 516 2231 sunt
541 2202 638 2242 digna
660 2203 726 2232 vita
749 2208 881 2232 aeterna
907 2208 1061 2243 tanquam

85 2243 194 2273 debita
223 2243 385 2273 mercede.
433 2242 625 2283 Priusquam
659 2245 700 2274 ad
736 2243 798 2274 hoc
833 2252 1061 2285 argumentum

85 2286 280 2324 respondeo,
300 2286 435 2325 primum
449 2285 671 2316 admonendus
696 2292 745 2316 051
768 2286 886 2323 lector,
910 2294 943 2318 ut
967 2298 1060 2318 suam

85 2328 154 2366 ipse
173 2328 406 2358 conscientiam
431 2328 461 2357 in
480 2327 543 2357 hoc
562 2334 754 2368 argumento
773 2330 935 2360 consulat.
970 2331 1059 2360 Nun-

86 2380 179 2411 quam
209 2371 293 2400 enim
323 2368 391 2400 ulla
425 2370 528 2409 perita
557 2370 755 2400 conscientia
791 2369 963 2402 affirmabit
999 2383 1058 2403 sua

89 2513 131 2542 10)
151 2513 240 2552 etl-sic
265 2514 334 2538 Editt.
358 2515 377 2537 1.
398 2516 419 2537 4.
439 2515 462 2537 5.
483 2516 519 2537 9.:
549 2514 572 2537 in
597 2513 668 2538 Editt.
690 2516 712 2538 2.
733 2516 806 2539 6-8,
830 2516 934 2538 11-14.
954 2515 978 2537 et
997 2514 1056 2543 opp.

155 2552 240 2572 omisS.

532 131 554 161 1.
580 130 680 161 LOCI
703 127 978 160 THEOLOGICI:
1003 128 1039 159 C.
1064 127 1275 159 SECUNDA
1298 125 1455 157 EORUM
1477 126 1632 158 AETAS.

2027 126 2090 157 442

1108 218 1284 250 benefacta
1315 220 1414 261 digna
1443 229 1518 250 esse
1548 220 1615 250 vita
1637 225 1787 255 aeterna,
1811 224 1866 249 aut
1889 219 2001 249 deberi
2024 219 2086 249 sibi

1109 263 1206 293 vitam
1231 268 1397 291 aeternam
1420 267 1554 302 propter
1573 262 1762 301 dignitatem
1786 271 1930 301 operum.
1977 260 2086 295 Quare

1109 304 1312 343 impudenter
1336 302 1477 340 faciunt,
1503 304 1556 344 qui
1580 302 1642 333 1100
1667 309 1893 344 argumentum
1917 303 2086 339 obiiciunt,

1110 356 1182 376 cum
1217 344 1373 376 reclamet
1406 346 1437 375 in
1473 347 1622 376 omnibus
1664 346 1814 376 iudicium
1855 345 2086 375 conscientiae.

1110 388 1205 423 Quod
1228 393 1337 418 autem
1362 389 1563 418 conscientia
1597 388 1771 425 reclamet,
1805 392 1944 417 testatur
1966 387 2088 424 David,

1094 431 1164 470 ‘qui
1195 429 1237 459 ait
1271 429 1340 469 [Ps.
1366 430 1437 469 142,
1461 430 1524 468 2.]:
1549 430 1623 462 Non
1647 431 1749 460 intres
1778 430 1808 458 in
1832 429 1984 459 iudicium
2014 439 2087 458 00111

1109 482 1207 502 501·νο
1232 478 1300 509 tuo,
1325 472 1400 512 quia
1423 482 1487 501 non
1511 472 1740 504 iustificabitur
1769 472 1801 501 in
1826 476 2007 510 conspectu
2032 476 2087 500 tuo

1109 517 1214 544 omnis
1237 515 1363 544 vivens.
1397 513 1439 544 Et
1452 513 1604 545 Christus
1629 515 1705 545 dicit
1729 513 1821 552 [Luc.
1838 513 1887 549 17,
1902 513 1981 551 10.]:
2006 511 2088 542 Cum

1109 555 1254 587 feceritis
1279 557 1398 593 omnia,
1422 556 1534 586 dicite:
1559 558 1647 588 servi
1671 554 1800 586 inutiles
1824 565 1947 585 sumus.
1979 554 2087 589 Quare

1109 599 1137 628 si
1161 600 1234 639 quis
1259 598 1505 635 conscientiam,
1529 609 1614 639 quae
1637 599 1767 638 angitur
1791 597 1830 627 de
1854 606 1913 635 spe
1937 597 2021 627 vitae
2034 606 2086 626 ae-

1110 646 1234 678 ternae,
1257 641 1345 671 iubet,
1368 641 1484 670 intueri
1508 641 1539 670 in
1563 639 1737 672 benefacta
1762 644 1793 669 et
1812 639 1999 669 munditiem
2011 648 2086 677 pro-

1109 683 1213 723 priam
1238 688 1269 712 et.
1292 683 1396 712 meriti
1420 683 1627 723 dignitatem.
1659 689 1688 713 et
1713 687 1849 721 propter
1876 680 1962 710 hanc
1993 689 2087 719 expe-

1110 731 1200 755 ctare
1216 726 1314 755 vitam
1326 730 1505 762 aeternam,
1529 727 1557 755 is
1580 734 1784 766 nequaquam
1798 724 1947 763 proponit
1962 722 2087 752 firmam

1110 766 1371 798 consolationem
1412 768 1519 797 animo
1556 767 1692 798 1110101111
1734 776 1808 796 cum
1848 765 2087 804 desperatione.

1110 809 1171 840 Hic
1195 815 1283 839 certe
1307 809 1457 840 docenda
1481 815 1532 839 est
1555 820 1659 847 mens,
1685 814 1717 839 ut
1742 808 1824 838 sciat
1849 807 1969 838 fiducia
1993 807 2087 836 mise-

1111 852 1272 882 ricordiae
1297 857 1387 881 certo
1412 850 1508 881 simul
1532 858 1563 882 et
1590 851 1855 882 iustificationem
1879 855 1910 880 et
1942 849 2088 879 donatio-

1110 904 1183 924 nem
1207 894 1293 924 vitae
1316 899 1470 923 aeternae
1495 895 1696 935 contingere.
1744 893 1819 923 Ideo
1839 891 1962 922 Paulus
1987 891 2089 931 inquit

1111 936 1219 975 [Rom.
1232 935 1263 972 6,
1282 935 1367 973 ⁶234:
1394 935 1527 966 Donum
1551 936 1613 966 Dei
1643 938 1707 966 vita
1739 941 1882 965 aeterna.
1934 933 1975 963 Et
2006 933 2087 963 Eze-

1111 977 1201 1008 chias
1224 976 1348 1007 fatetur
1370 983 1509 1017 peccata
1530 978 1605 1017 [les.
1622 978 1674 1015 38,
1695 978 1773 1016 17.]:
1806 977 1978 1007 Proiecisti
2010 981 2084 1016 post

1110 1027 1237 1060 tergum
1261 1024 1350 1049 tuum
1379 1020 1487 1049 onmia
1515 1027 1652 1060 peccata
1682 1030 1763 1050 mea.
1809 1019 1849 1049 Et
1880 1019 1988 1049 David
2018 1018 2087 1058 [Ps.

1110 1062 1162 1099 31,
1186 1062 1230 1100 2.]
1264 1061 1387 1091 Beatus
1423 1063 1487 1098 vir,
1532 1063 1581 1092 cui
1617 1073 1682 1093 non
1717 1062 1887 1101 imputavit
1926 1061 2087 1091 Dominus

1109 1110 1291 1144 peccatum.
1337 1103 1365 1138 Q
1407 1104 1436 1132 d.
1468 1105 1618 1135 omnibus
1649 1104 1800 1144 imputari
1830 1110 2001 1143 peccatum
2032 1115 2088 1144 po-

1109 1152 1191 1181 test,
1215 1146 1405 1186 quaerenda
1430 1152 1479 1175 est
1498 1146 1597 1187 igitur
1621 1147 1862 1183 misericordia,
1891 1152 1920 1176 et
1945 1152 2087 1177 statuen-

1110 1189 1196 1223 dum,
1216 1188 1303 1227 quod
1328 1188 1370 1217 ita
1394 1188 1548 1218 iustificet
1573 1200 1633 1220 seu
1645 1193 1794 1229 acceptet
1808 1199 1869 1219 nos
1884 1188 1988 1226 Dens,
2013 1190 2085 1229 quia

1110 1231 1240 1260 remittit
1270 1236 1419 1269 peecata.
1472 1230 1513 1260 Et
1536 1230 1619 1262 haec
1643 1233 1713 1271 ipsa
1737 1232 1924 1262 iustilicatio
1959 1241 2088 1271 semper

1110 1273 1172 1302 iam
1196 1282 1316 1302 novam
1341 1273 1439 1302 vitam
1459 1279 1489 1303 et
1511 1274 1729 1304 obedientiam
1745 1284 1858 1304 secum
1872 1273 1976 1304 affert.
2006 1273 2087 1304 Pau—

1110 1314 1161 1344 lus
1200 1315 1318 1355 inquit:
1358 1313 1541 1346 Victoriam
1580 1318 1694 1347 mortis
1736 1317 1928 1357 contingere
1969 1316 2086 1346 fiducia

1110 1356 1243 1399 Christi,
1272 1367 1338 1386 non
1368 1363 1504 1396 propter
1533 1365 1681 1390 nostram
1705 1359 1909 1400 dignitatem.
1942 1370 2016 1389 eum
2045 1359 2088 1389 ait

1110 1399 1152 1436 [l.
1167 1399 1243 1429 Cor.
1260 1399 1310 1436 15,
1323 1399 1364 1429 56
1377 1401 1456 1439 sq.]:
1476 1400 1623 1431 Aculeus
1637 1403 1751 1432 mortis
1765 1407 1937 1441 peccatum
1951 1407 2012 1439 est,
2031 1412 2087 1441 po-

1108 1442 1207 1471 tentia
1232 1451 1312 1471 vero
1326 1443 1456 1481 peccati
1473 1442 1559 1479 Lex3
1584 1444 1657 1474 Deo
1684 1450 1792 1474 autem
1817 1444 1932 1485 gratia,
1956 1445 2010 1484 qni
2034 1444 2087 1474 de-

1108 1485 1152 1514 dit
1182 1484 1278 1514 nobis
1306 1485 1477 1515 victoriam
1515 1496 1572 1525 per
1602 1485 1776 1517 Dominum
1805 1492 1954 1517 nostrum
1983 1486 2088 1516 lesum

1109 1525 1280 1556 Christum.
1327 1526 1366 1560 Q.
1391 1526 1421 1556 d.
1445 1527 1480 1558 Si
1498 1534 1645 1558 nostram
1669 1529 1860 1570 (lignitatem
1891 1530 2087 1565 metiremur,

1107 1567 1160 1599 lex
1184 1579 1313 1607 semper
1336 1576 1511 1600 accusaret
1535 1581 1596 1600 nos
1620 1578 1683 1602 etc.
1730 1571 1769 1602 Et
1783 1571 1873 1601 Ioan.
1893 1571 1923 1601 6.
1943 1573 2006 1611 [vs.
2020 1571 2086 1610 39.]

1109 1611 1200 1641 Haec
1235 1617 1286 1641 est
1320 1610 1475 1641 voluntas
1510 1612 1616 1643 Patris
1653 1615 1726 1651 mei,
1761 1615 1815 1654 qui
1849 1614 1934 1643 misit.
1968 1624 2030 1651 me,
2053 1619 2088 1644 ut

1109 1654 1225 1690 omnis,
1249 1654 1303 1693 qui
1322 1654 1410 1684 videt
1424 1653 1538 1685 Filium
1563 1661 1593 1685 et
1618 1657 1720 1686 credit
1745 1657 1776 1686 in
1800 1666 1884 1693 eum,
1904 1656 2025 1687 habeat
2043 1657 2087 1686 vi-

1108 1702 1172 1725 tam
1196 1702 1375 1725 aeternam.
1423 1696 1510 1726 loan.
1536 1697 1566 1728 3.
1594 1700 1660 1736 [vs.
1677 1698 1741 1737 15.]
1767 1698 1828 1733 Qui
1854 1699 1955 1729 credit
1982 1699 2012 1729 in
2036 1699 2087 1728 Fi-

1106 1737 1202 1775 lium,
1235 1736 1334 1767 habet
1370 1739 1470 1768 vitam
1497 1746 1677 1770 aeternam.
1736 1741 1804 1771 Hae
1839 1741 2085 1773 consolationes

1106 1780 1340 1819 proponendae
1364 1787 1439 1810 sunt
1465 1782 1572 1812 animo
1603 1783 1802 1813 eontlictanti
1827 1795 1899 1814 cum
1929 1785 2085 1824 ‹lespera-

1106 1823 1211 1858 tione,
1235 1826 1265 1851 et
1289 1823 1493 1862 expectanda¹
1516 1825 1580 1854 vita
1606 1831 1739 1855 aeterna
1765 1833 1899 1866 propter
1911 1826 2085 1863 Christum,

1106 1874 1172 1894 non
1195 1870 1329 1904 propter
1354 1866 1542 1905 dignitatem
1566 1869 1743 1906 propriam.

1193 1906 1261 1936 Cur
1288 1907 1387 1947 igitur
1415 1914 1553 1938 vocatur
1576 1910 1724 1940 merces?
1746 1911 1795 1940 Ne
1819 1911 1871 1942 hic
1892 1913 2084 1953 0011100101·-

1106 1955 1184 1989 gute
1205 1950 1421 1988 respondebo.
1456 1946 1669 1982 Etiamsi‘vita
1694 1959 1827 1984 aeterna
1843 1961 1981 1986 vocatur
2002 1967 2084 1987 mer-

1106 2001 1162 2021 ces
1186 1998 1240 2020 aut
1265 1991 1383 2021 diff-itur
1407 1993 1518 2022 deberi
1541 1994 1652 2031 iustis,
1677 2001 1784 2025 tamen
1809 1996 1873 2027 hoc
1897 2008 1961 2027 11011
1986 1999 2080 2030 debet

1105 2032 1251 2073 intelligi,
1282 2034 1369 2073 quod
1394 2035 1553 2066 debeatur
1576 2042 1710 2077 propter
1734 2038 1923 2079 dignitatem
1954 2047 2082 2071 nostro-

1106 2086 1175 2105 rum
1199 2086 1352 2115 operum,
1376 2078 1434 2107 sed
1458 2084 1592 2118 propter
1617 2080 1882 2119 promissionem,
1907 2092 1991 2122 quae
2014 2085 2083 2124 qui-

1107 2119 1179 2147 dem
1210 2116 1386 2158 pollicetur
1423 2130 1486 2149 non
1520 2127 1654 2161 propter
1677 2121 1782 2162 legem
1813 2130 1866 2153 001
1892 2125 2081 2165 dignitatem

1106 2166 1291 2190 nostrornm
1316 2171 1466 2201 operum,
1490 2163 1549 2192 sed
1573 2170 1706 2204 propter
1730 2164 1911 2203 s'hristum,
1936 2167 2001 2205 his,
2027 2170 2081 2208 qui

1104 2202 1167 2232 fide
1192 2203 1450 2234 misericordiam
1474 2205 1731 2245 apprehendunt.
1778 2206 1887 2242 Quare
1912 2220 1984 2239 00111
2014 2212 2080 2240 vita

1104 2251 1237 2275 aeterna
1263 2252 1399 2275 vocatur
1422 2257 1567 2283 merces,
1592 2248 1695 2288 figura
1723 2255 1772 2279 est
1797 2260 1817 2280 a
1840 2249 1915 2291 lege
1940 2259 2079 2292 sumpta.

1103 2287 1171 2317 Lex
1198 2288 1281 2317 enim
1311 2287 1395 2318 solet
1427 2288 1515 2329 loqui
1543 2290 1582 2319 de
1614 2291 1732 2321 institia
1766 2291 1853 2322 velut
1891 2294 1931 2323 de
1968 2300 2081 2324 nostra,

1104 2330 1278 2370 dignitate,
1314 2335 1345 2360 et.
1374 2329 1449 2361 huie
1473 2333 1656 2362 mercedem
1686 2335 1857 2373 promittit:
1888 2334 2030 2376 loquitur
2049 2343 2080 2366 et

1103 2372 1142 2401 de
1166 2373 1229 2402 fide
1253 2378 1408 2412 tanquam
1436 2374 1476 2403 de
1499 2384 1598 2414 opere
1622 2385 1660 2405 00.
1684 2377 1810 2406 merito.
1855 2377 1895 2407 Et
1919 2384 2025 2407 10111011
2039 2389 2077 2408 ex

1102 2413 1283 2455 Evangelio
1308 2416 1393 2445 scire
1418 2422 1557 2453 oportet.
1582 2418 1668 2455 quod
1693 2418 1877 2449 iustificatio
1895 2426 1925 2449 et
1947 2421 2077 2451 donatio

1102 2457 1187 2486 vitae
1220 2462 1374 2484 aeternae
1407 2455 1470 2485 fide
1506 2467 1563 2496 per
1597 2458 1853 2491 misericordiam
1888 2463 2075 2503 contingant

1102 2502 1235 2535 propter
1263 2495 1445 2532 Christum,
1481 2509 1546 2528 non
1569 2506 1704 2539 propter
1733 2502 1924 2542 dignitatem
1949 2511 2075 2534 nostro-

1103 2548 1171 2568 rum
1197 2548 1341 2577 operum.
1378 2539 1507 2570 Deinde
1532 2552 1603 2571 cum
1627 2544 1787 2583 scriptura
1802 2547 1986 2576 mercedem
2001 2557 2075 2586 ope-
