2358 2933
135 99 198 131 489

135 189 375 226 irremissibile,
403 187 572 224 videlicet,
598 194 723 218 tantum
746 188 777 216 in
801 186 863 222 1115,
887 186 941 226 qui
963 196 1029 215 non
1053 196 1106 215 ve-

134 233 224 262 11111111
258 233 300 262 ad
332 230 562 272 poenitentiam
597 235 627 259 et
661 229 765 259 fidem.
816 228 915 268 quue
945 233 1107 257 testantur

134 273 280 314 plerique
302 272 377 303 loci.
408 271 451 302 Ut
476 272 517 301 ad
540 271 645 302 Titum
669 271 716 309 [3‚
738 271 776 300 10
795 272 877 310 sq.]:
901 269 1107 300 Haereticum

133 316 297 346 hominem
309 321 384 354 post
396 324 494 344 unam
507 319 604 353 atque
617 311 750 343 alteram
763 312 1015 342 admonitionem
1027 312 1106 341 vita-

134 358 202 392 bis3
226 357 300 397 quia
321 357 454 396 proprio
478 356 594 386 iudicio
620 356 855 385 condemnatus
874 359 934 384 est.
964 353 1042 383 Item
1066 354 1106 383 de
1127 360 1129 397 ξ

133 399 303 435 induratis,
314 397 409 428 Rom.
425 398 473 427 lt.
493 401 576 436 [vss.
590 397 609 426 7
622 400 687 437 sq.]
711 395 841 436 Reliqui
853 396 994 426 indurati
1012 400 1105 424 sunt:

134 441 219 470 dedit
243 441 290 470 eis
312 441 457 480 spiritum
477 440 720 474 exacerbatum,
746 437 874 473 0811105,
897 447 939 467 118
962 438 1105 472 videant,

133 482 265 512 dorsum
289 491 401 512 eorum
425 491 554 521 semper
576 481 721 510 incurva.
753 479 823 509 Hae
846 480 1027 509 sententiae
1051 479 1105 509 de-

132 525 280 554 scribunt
319 523 468 554 homines
504 523 687 553 obstinatos
722 527 753 551 et
787 526 1038 560 perseverantes
1072 521 1105 550 in

131 565 304 606 Evangelii
332 565 576 605 persecutione,
605 564 658 604 qui
696 564 806 593 moniti
836 569 933 602 atque
963 563 1104 592 convicti

131 608 323 638 testimoniis
348 607 487 647 Spiritus
511 607 633 641 sancti,
662 605 725 635 hoc
756 611 824 641 est,
852 603 1018 635 miraculis
1053 603 1104 634 vel

130 650 230 679 certis
264 649 453 688 scripturis,
488 653 597 677 tamen
631 657 696 676 non
727 647 877 676 desinunt
899 645 1104 676 manifestam

130 690 325 728 impietatem
360 688 536 718 defendere
571 695 601 718 et
632 688 788 719 stabilire.
851 688 941 718 Sicut
975 687 1102 718 Pharao

129 729 209 761 nihil
234 731 407 760 deterritus
427 735 474 759 tot
494 729 656 760 miraculis
676 732 834 770 pergebat
854 728 963 760 fluere
982 736 1013 760 et
1033 740 1103 760 sae-

130 773 198 802 vire
222 773 254 802 in
276 771 456 808 Israelitas5
480 771 590 801 ludaei
613 772 645 801 in
669 772 834 801 christum
858 778 889 801 et
908 771 1102 812 Apostolos.

127 813 169 844 Et
199 814 353 853 deinceps
382 812 504 843 similes
535 819 610 843 sunt
641 813 790 842 omnibus
822 815 1023 852 temporibus
1048 815 1103 843 ob-

128 856 238 886 stinati
259 855 374 885 hostes
396 854 579 896 Evangelii.
625 854 715 884 Haec
740 861 788 884 est
814 853 953 894 simplex
977 862 1007 885 et
1031 866 1102 885 meo

128 898 247 928 iudicio
271 896 358 927 utilis
382 897 607 936 interpretatio
631 902 758 936 sumpta
789 907 807 926 a
832 896 1027 933 collatione,
1058 897 1103 926 vi—

129 938 258 975 delicet,
293 949 365 968 cum
399 937 482 968 haec
516 937 710 968 universalis
747 944 836 968 certa
871 940 929 975 sit,
973 938 1104 969 Remitti

129 981 339 1010 credentibus
357 981 465 1010 onmia
486 986 637 1019 peccata,
661 979 923 1010 transferendum
947 982 1006 1010 erit
1029 991 1103 1020 pec-

129 1027 237 1052 catum
270 1020 492 1051 irremissibile
525 1022 556 1051 in
588 1020 681 1057 illos,
716 1022 770 1060 qui
803 1032 869 1051 non
903 1023 1035 1052 veniunt
1064 1022 1105 1051 ad

127 1062 233 1094 fidem.

213 1104 295 1135 Cum
323 1105 424 1145 igitur
445 1103 595 1134 Ecclesia
631 1104 750 1134 habeat
781 1104 844 1134 hoc
873 1105 1104 1141 testimonium,

128 1147 237 1176 onmia
278 1151 415 1186 peccata
456 1147 574 1176 remitti
611 1147 836 1177 credentibus,
875 1147 951 1176 item
984 1145 1102 1177 habeat

127 1189 315 1218 mandatum
338 1186 499 1223 solvendi,
525 1197 589 1217 non
614 1188 778 1227 disputent
802 1189 1023 1219 conscientiae
1047 1199 1102 1219 no-

128 1236 228 1265 strae,
253 1230 415 1270 quodnam
439 1230 479 1259 sit
502 1235 673 1269 peecatum
696 1229 936 1266 irremissibile,
961 1231 1021 1260 sed
1045 1232 1101 1261 ob-

127 1278 284 1311 temperet
318 1271 471 1301 mandato
506 1271 567 1301 Dei
602 1272 641 1301 de
675 1272 803 1312 agenda
838 1273 1035 1311 poenitentia
1070 1278 1101 1303 et

126 1312 200 1342 fide.
245 1312 317 1343 Hoc
341 1323 413 1342 cum
442 1311 596 1350 facimus,
626 1320 749 1344 certum
779 1314 837 1344 erit
867 1324 928 1344 nos
956 1325 1022 1345 non
1045 1314 1100 1345 113-

126 1355 206 1384 11818
228 1359 400 1394 peccatum
422 1354 663 1390 irremissibile3
688 1357 777 1386 iuxta
799 1355 878 1386 illud
902 1357 945 1395 [1.
965 1356 1044 1388 Tim.
1072 1357 1099 1394 l,

128 1396 211 1433 154:
248 1396 365 1434 Certus
400 1407 508 1427 sermo
542 1403 592 1427 est
626 1404 656 1427 et
686 1399 770 1428 omni
801 1399 1026 1438 acceptatione
1055 1400 1100 1429 di-

127 1448 224 1479 gnus,
258 1439 345 1478 quod
376 1437 526 1469 Christus
550 1439 641 1469 Iesus
675 1441 800 1470 venerit
834 1441 865 1470 in
892 1440 980 1471 hunc
1009 1452 1099 1472 mun-

127 1481 213 1517 dum,
236 1486 271 1510 ut
294 1479 407 1510 salvos
430 1480 553 1511 faceret
572 1489 776 1520 peccatores.

212 1521 324 1551 Redeo
349 1532 435 1552 nunc
457 1523 498 1552 ad
518 1524 734 1563 poenitentiae
755 1525 1018 1564 descriptionem.
1047 1525 1100 1556 De

125 1562 291 1594 vocabulo
321 1563 401 1593 nihil
429 1574 512 1604 opus
536 1571 586 1595 est
609 1565 725 1602 rixari‚
760 1567 878 1596 utimur
901 1568 985 1597 enim
1008 1578 1099 1598 more

124 1604 295 1636 Ecclesiae
307 1615 367 1644 pro
380 1608 598 1636 conversione
610 1616 670 1637 seu
683 1608 904 1639 renovatione.
947 1607 1099 1640 Ceterum

124 1646 322 1678 vocabulum
346 1646 500 1678 fortassis
519 1655 595 1688 apte
618 1650 660 1679 ad
683 1660 753 1679 eam
772 1655 899 1689 partem
917 1660 1099 1681 accommo-

126 1690 195 1720 dari
218 1696 345 1730 potest,
376 1699 471 1730 quam
495 1696 616 1721 vocant
640 1692 887 1727 contritionem:
933 1692 1097 1733 significat

126 1732 212 1762 enim
235 1732 456 1772 grammaticis
481 1733 690 1772 poenitentia,
713 1731 808 1764 aliter
830 1734 969 1770 sentire,
1003 1745 1098 1774 quam

125 1780 232 1810 antea,
256 1784 315 1803 seu
336 1774 522 1813 improbare
537 1776 581 1807 2⁴)
604 1775 638 1804 id
661 1776 748 1815 quod
770 1780 867 1805 antea
890 1774 1028 1815 placuit,
1058 1787 1097 1807 ac

125 1814 238 1846 dolere
266 1816 363 1846 etiam
392 1822 527 1855 propter
549 1822 701 1847 erratum.
747 1817 920 1856 Scriptura
942 1817 997 1848 vel
1022 1828 1097 1848 con-

125 1858 287 1888 tritionem
317 1856 371 1887 vel
399 1863 500 1887 totam
531 1859 776 1889 renovationem
807 1866 902 1890 vocat
929 1862 1097 1900 poeniten-

124 1901 211 1930 tiam.
256 1898 455 1931 Scholastici
483 1907 736 1931 numeraverunt
765 1908 831 1931 tres
855 1908 965 1941 partes
988 1903 1097 1942 poeni-

125 1942 261 1979 tentiae,
292 1940 539 1978 Coun-itionem,
563 1941 815 1974 Confessionem
839 1949 870 1974 et
893 1943 1097 1975 Satisfactio-

123 1993 207 2014 nem.
264 1983 349 2018 Quid
384 1984 423 2014 de
457 1982 593 2026 singulis
628 1986 776 2025 partibus
806 1986 1009 2017 sentiendum
1044 1988 1097 2023 sit,

124 2026 236 2056 ordine
266 2026 423 2056 dicemus.
468 2026 538 2057 Nos
569 2027 709 2057 docendi
741 2038 859 2058 caussa
882 2035 994 2067 partes
1014 2028 1095 2060 duas

122 2068 342 2108 poenitentiae
371 2067 524 2105 facimus,
559 2068 793 2100 Contritionem
824 2076 855 2100 et
883 2070 1004 2101 fidem.
1062 2070 1096 2102 Si

123 2110 196 2150 quis
220 2108 307 2139 volet
327 2109 447 2140 addere
471 2112 613 2147 tertiam,
637 2122 720 2151 quae
742 2117 851 2142 tamen
875 2111 1009 2143 effectus
1033 2119 1096 2149 est,

123 2150 278 2182 videlicet
300 2157 401 2182 totam
424 2153 600 2183 novitatem
623 2154 710 2184 vitae
733 2164 774 2184 ac
796 2165 934 2191 morum,
958 2165 1023 2185 non
1046 2166 1096 2185 re-

122 2203 244 2234 pugno,
290 2193 366 2224 Ideo
395 2200 502 2225 autem
529 2193 652 2235 placuit
678 2195 774 2226 fidem
797 2197 883 2227 inter
904 2203 1016 2237 partes
1039 2208 1096 2238 po-

123 2245 212 2272 nere,
230 2242 266 2266 ut
287 2234 370 2266 haec
393 2237 464 2276 ipsa
484 2237 612 2275 partitio
632 2238 739 2267 statim
757 2239 929 2269 admoneat
947 2238 1096 2270 homines

123 2277 164 2308 de
186 2277 267 2315 fide,
296 2278 388 2317 quia,
417 2289 489 2309 cum
515 2279 554 2309 de
577 2279 769 2310 remissione
793 2287 1003 2320 peccatorum
1027 2282 1096 2323 agi-

124 2325 185 2356 tur,
208 2329 347 2350 necesse
371 2327 421 2351 est
445 2320 541 2351 simul
565 2321 605 2350 de
627 2320 691 2351 fide
714 2322 787 2352 dici.
828 2324 872 2354 At
896 2322 1095 2354 Scholastici

125 2361 277 2392 doctores
305 2362 337 2391 in
365 2361 430 2393 1108
460 2361 535 2393 1080
565 2372 704 2402 prorsus
727 2362 851 2394 nullam
873 2363 997 2396 faciunt
1019 2365 1095 2396 fidei

124 2496 169 2523 24)
188 2496 340 2527 improbare]
362 2497 403 2521 Ed.
423 2498 462 2519 11.
483 2500 508 2521 et
526 2497 586 2527 opp.
605 2500 655 2526 typ-
677 2502 775 2521 errore:
796 2498 932 2526 improbari

563 95 585 125 Ι.
615 94 716 126 LOCl
739 93 1012 125 THEOLOGICI:
1043 93 1078 124 C.
1103 93 1312 126 SECUNDA
1335 96 1489 127 EORUM
1513 97 1667 128 AETAS.

2058 100 2120 131 490

1151 187 1362 218 mentionem:
1387 189 1526 228 ideoque
1550 200 1613 219 non
1634 189 1888 221 dissimulandos
1909 201 2037 221 errores
2057 200 2119 222 tra-

1151 228 1310 259 didertmt.

1235 270 1392 301 Dicamus
1426 273 1524 313 igitur
1552 273 1689 313 primum
1719 274 1759 303 de
1787 273 1998 306 Contritione.
2054 276 2120 306 Vo-

1150 322 1261 342 camus
1281 312 1515 344 contritionem
1538 326 1635 344 veros
1658 321 1802 346 terrores
1826 326 1864 347 ac
1889 317 2021 347 dolores
2045 329 2121 348 con-

1150 355 1315 391 scientiae,
1340 366 1423 395 quae
1447 357 1544 386 sentit
1568 357 1675 386 Deum
1698 358 1795 388 irasci
1818 366 1955 398 peccato
1980 366 2011 390 et
2034 359 2122 390 dolet

1150 405 1187 425 se
1210 406 1378 435 peccasse,
1425 397 1476 427 De
1498 397 1561 427 hac
1590 405 1681 437 parte
1711 400 1924 431 concionatur
1946 402 2120 441 scriptura,

1150 448 1223 467 cum
1249 439 1348 478 inquit
1372 439 1500 478 [Matth.
1519 439 1551 476 3,
1575 440 1633 477 2.]:
1657 441 1756 482 Agite
1779 443 2018 481 poenitentiam.
2042 444 2121 474 Item

1150 478 1232 518 [1011.
1260 480 1309 516 16,
1334 481 1395 518 3ss
1442 481 1583 521 Spiritus
1608 488 1741 513 sanctus
1766 490 1881 524 arguet
1904 486 2057 516 mundum
2081 487 2121 516 de

1149 528 1286 561 peccato
1321 530 1383 554 818.
1439 522 1477 553 Et
1512 523 1542 553 2.
1578 523 1652 554 Cor.
1690 525 1718 554 7.
1756 527 1818 561 [vs.
1852 526 1895 564 9.Ι
1931 526 2121 558 contristati

1150 563 1229 593 estis
1252 564 1293 593 ad
1316 565 1557 604 poenitentiam.
1602 565 1642 595 Et
1666 565 1759 596 Rom.
1786 567 1813 596 l.
1840 570 1901 603 [vs.
1923 568 1985 606 184
2017 568 2121 599 Reve—

1148 603 1234 635 latur
1263 606 1309 636 ira
1337 607 1395 635 Dei
1423 617 1522 646 super
1552 617 1680 637 omnem
1710 609 1913 648 impietatem.
1969 610 2060 641 Iohel
2090 611 2120 640 2.

1151 650 1212 683 [vs.
1238 647 1299 685 134
1347 647 1491 678 Scindite
1522 650 1622 679 corda
1654 656 1763 680 vestra
1787 658 1818 681 et
1841 662 1905 681 non
1929 654 2121 683 vestimenta

1149 696 1270 719 vestra.
1315 689 1353 719 Et
1379 689 1510 720 Esaias:
1535 690 1599 720 Ubi
1618 690 1775 722 habitabit
1794 692 1975 724 Dominus?
1998 694 2033 724 In
2057 695 2105 734 spi

1149 731 1210 760 ritu
1236 732 1375 761 contrito
1400 739 1428 762 et
1453 731 1633 763 humiliato.
1678 734 1757 763 Item
1782 735 1824 771 [1,
1850 735 1929 772 164:
1974 735 2120 766 Desinite

1148 782 1305 812 perverse
1339 784 1449 815 agere.
1507 773 1628 805 Psalmi
1660 775 1747 814 pleni
1781 783 1856 807 sunt
1891 776 2120 817 exemplorum.

1149 814 1270 845 Psalm.
1301 815 1351 845 37.
1388 819 1450 852 [1-5.
1474 816 1517 854 5.]
1565 816 1724 851 Quoniam
1747 819 1931 858 iniquitates
1954 829 2046 849 meae
2068 830 2121 850 su-

1149 867 1348 897 pergressae
1379 865 1453 888 sunt
1488 865 1586 899 caput
1619 870 1742 897 meum,
1782 862 1865 891 sicut
1900 871 1983 891 onus
2018 872 2120 903 grave

1150 906 1307 938 gravatae
1331 907 1406 930 sunt
1430 911 1529 940 super
1551 911 1611 931 me.
1656 901 1735 931 Item
1759 902 1826 938 [Ps.
1853 902 1923 940 110,
1949 903 2026 941 10.1:
2061 904 2120 934 Ini-

1151 941 1229 969 tium
1258 942 1435 980 sapientiae
1465 944 1560 972 timor
1590 943 1731 973 Domini.
1782 943 1822 974 Et
1845 946 1967 984 passim
1991 947 2121 977 801111111-

1152 982 1197 1021 git
1228 983 1390 1021 scriptura
1420 985 1568 1014 timorem
1597 991 1624 1014 et
1650 984 1757 1016 fidem.
1803 985 2047 1027 Beneplacitum
2070 994 2120 1018 est

1151 1022 1293 1053 Domino
1317 1035 1415 1064 super
1436 1026 1586 1056 timentes
1611 1037 1693 1064 811111,
1717 1035 1747 1058 81
1770 1038 1849 1070 erga
1873 1039 1942 1065 eos.
1966 1031 2019 1069 qui
2045 1040 2120 1059 con—

1152 1064 1252 1094 fidunt
1276 1067 1306 1095 in
1330 1068 1550 1098 misericordia
1575 1069 1652 1099 eius.

1237 1123 1327 1154 Haec
1355 1131 1387 1154 et
1409 1125 1523 1156 similia
1548 1126 1621 1157 loca
1644 1133 1803 1158 testantur
1826 1131 2047 1160 necessariam
2070 1142 2120 1162 es-

1149 1174 1186 1193 se
1209 1164 1351 1205 aliquam
1375 1166 1624 1206 Contritionem,
1659 1176 1690 1199 et
1712 1169 1794 1200 haec
1817 1171 1945 1210 quidem
1969 1182 2120 1204 crescere

1149 1207 1244 1237 debet
1267 1209 1323 1243 ita,
1347 1215 1381 1238 ut
1405 1219 1470 1239 non
1493 1210 1600 1240 solum
1624 1218 1758 1242 externa
1781 1212 1914 1251 delicta,
1943 1216 2001 1245 sed
2025 1216 2118 1246 etiam

1146 1249 1332 1279 interiorem
1365 1251 1596 1283 immunditiem
1630 1264 1860 1294 agnoscamus.
1913 1256 2022 1291 Quare
2054 1268 2119 1288 non

1148 1298 1196 1321 est
1220 1293 1420 1332 poenitentia
1438 1295 1468 1323 in
1493 1296 1619 1325 securis
1643 1296 1842 1337 hypocritis,
1872 1300 1925 1339 qui
1949 1298 2037 1330 nullo
2063 1301 2118 1331 do-

1146 1331 1216 1363 lore
1244 1332 1446 1372 afficiuntur,
1477 1342 1507 1366 et
1537 1337 1599 1367 sibi
1623 1338 1749 1369 interim
1773 1339 1994 1379 blandiuntur,
2025 1343 2118 1382 quasi

1146 1374 1224 1405 nihil
1252 1376 1394 1407 habeant
1426 1378 1503 1408 vitii.
1558 1379 1599 1409 Et
1625 1379 1711 1411 hanc
1739 1383 1946 1413 securitatem
1969 1383 2119 1415 Christus

1146 1427 1246 1457 saepe
1281 1420 1490 1450 severissime
1519 1421 1736 1461 reprehendit.
1781 1423 1825 1454 Ut
1860 1424 1951 1461 [Luc.
1978 1426 2033 1464 13,
2056 1426 2117 1464 5.]:

1146 1459 1217 1490 Nisi
1241 1462 1373 1501 egeritis
1396 1463 1643 1501 poenitentiam,
1667 1464 1812 1495 similiter
1835 1476 1948 1498 omnes
1971 1468 2118 1508 peribitis

1147 1509 1209 1532 818.
1255 1503 1347 1533 Fiunt
1378 1510 1484 1534 autem
1513 1504 1544 1534 hi
1575 1508 1720 1537 terrores
1750 1518 1789 1538 ac
1812 1507 1944 1539 dolores
1967 1511 1998 1540 in
2022 1510 2117 1541 nobis

1145 1554 1204 1584 per
1227 1546 1363 1575 verbum
1387 1546 1460 1582 Dei,
1484 1547 1571 1586 quod
1594 1550 1700 1589 arguit
1723 1557 1871 1589 peccata.
1917 1551 1958 1582 Et
1976 1562 2117 1582 arwuun-

1146 1592 1196 1616 tur
1218 1593 1355 1626 peccata
1378 1598 1436 1628 per
1458 1588 1692 1630 Evaiigeliun13
1714 1598 1748 1621 ut.
1767 1591 1890 1623 Paulus
1915 1594 1990 1624 dicit
2011 1577 2116 1630 Ιῖἷοιη.

1147 1629 1176 1664 l,
1213 1628 1290 1666 184:
1326 1629 1422 1659 Nunc
1456 1631 1621 1662 revelatur
1654 1633 1702 1662 ira
1735 1633 1798 1664 Dei
1828 1641 1889 1664 etc.
1946 1635 1987 1665 Et
2019 1637 2117 1667 utitur

1144 1669 1358 1710 Evangelium
1382 1673 1517 1703 eandem
1540 1674 1582 1702 ad
1604 1684 1674 1704 rem
1695 1675 1873 1706 ministerio
1895 1675 1997 1718 legis3
2032 1679 2115 1708 sicut

1145 1710 1267 1742 Paulus
1298 1714 1400 1753 inquit
1431 1713 1536 1750 [Rom.
1561 1715 1596 1751 3,
1625 1716 1709 1754 20.]:
1750 1716 1814 1747 Per
1839 1717 1947 1759 legem
1971 1721 2115 1761 cognitio

1144 1755 1282 1793 peccati.
1338 1755 1410 1784 Hoc
1439 1757 1538 1797 igitur
1566 1757 1655 1787 initio
1684 1758 1719 1788 fit
1748 1759 1780 1789 in
1811 1761 2025 1799 poenitentia,
2055 1763 2115 1792 sed

1144 1796 1205 1825 nisi
1236 1797 1409 1827 accederet
1436 1799 1477 1828 ad
1504 1797 1566 1828 hos
1590 1805 1736 1830 terrores
1758 1800 1859 1838 fides,
1888 1813 1971 1843 quae
1998 1814 2114 1834 rursus

1144 1838 1283 1878 erigeret
1312 1845 1342 1868 et
1372 1839 1600 1870 consolaretur
1630 1843 1776 1880 animos,
1806 1845 1974 1882 contritio,
1996 1846 2029 1876 id
2053 1852 2114 1882 est,

1144 1879 1276 1910 dolores
1310 1881 1361 1910 isti
1389 1880 1503 1912 fierent
1530 1892 1620 1912 mors
1648 1889 1792 1915 aeterna.
1842 1885 1917 1916 Ideo
1947 1887 2114 1918 docendae

1143 1928 1216 1952 sunt
1253 1923 1473 1953 conscientiae
1507 1934 1572 1954 non
1606 1923 1713 1956 solum
1742 1927 1782 1957 de
1802 1926 2021 1966 Contritione‚
2055 1930 2113 1960 sed

1144 1964 1239 1994 etiam
1264 1964 1303 1993 de
1327 1964 1400 1994 fide.

1228 2022 1287 2052 Est
1310 2023 1408 2063 igitur
1430 2022 1535 2054 altera
1556 2035 1634 2064 pars
1657 2025 1765 2064 Fides,
1789 2037 1872 2067 quae
1891 2035 1940 2059 est
1960 2039 2026 2059 non
2044 2035 2113 2060 tan-

1142 2070 1207 2094 tum
1230 2063 1387 2094 historiae
1409 2064 1463 2094 vel
1486 2064 1569 2106 legis
1587 2067 1712 2105 notitia,
1733 2069 1791 2099 sed
1811 2069 1941 2106 fiducia,
1961 2081 2022 2111 qua
2044 2081 2112 2101 cre-

1142 2107 1186 2136 dit
1216 2107 1442 2147 unusquisque
1473 2108 1534 2137 sibi
1561 2110 1678 2139 remitti
1707 2117 1843 2149 peccata
1865 2118 1999 2152 propter
2021 2112 2112 2143 Chri-

1142 2154 1228 2178 stum
1257 2149 1368 2188 gratiS.
1414 2148 1503 2179 Haec
1534 2150 1616 2180 fides
1644 2153 1833 2182 necessaria
1856 2160 1907 2184 est
1930 2155 1971 2184 ad
1995 2164 2112 2185 conse-

1142 2191 1303 2230 quendam
1336 2191 1560 2222 remissionem
1592 2199 1816 2232 peccatorum,
1855 2201 1890 2225 ut
1929 2197 2112 2227 testimonia

1143 2233 1329 2268 ostendent,
1354 2242 1437 2272 quae
1460 2233 1558 2272 paulo
1581 2241 1655 2274 post
1680 2233 1883 2277 colligemus.
1914 2237 2005 2268 Haec
2027 2238 2110 2269 fides

1118 2275 1315 2304 'discrimen
1349 2273 1426 2305 facit
1461 2275 1544 2305 inter
1577 2277 1802 2307 contritionem
1824 2277 1912 2309 Petri
1946 2285 1978 2309 et
2000 2280 2109 2316 1111138,

1141 2315 1277 2346 Daw'dis
1308 2322 1340 2345 et
1368 2314 1484 2346 Saulis.
1541 2317 1616 2348 Ideo
1646 2328 1711 2349 11011
1737 2318 1858 2359 profuit
1886 2322 2037 2351 contritio
2061 2322 2109 2352 Iu-

1141 2358 1202 2388 dae
1225 2359 1336 2389 311125)
1360 2356 1481 2395 Saulis,
1504 2360 1579 2398 quia
1599 2370 1666 2390 non
1689 2361 1879 2392 addiderunt
1898 2361 1983 2393 hanc
2002 2363 2108 2394 fidem.

1140 2499 1186 2528 25)
1206 2498 1258 2528 aut}
1279 2498 1320 2523 Ed.
1342 2499 1380 2522 11.
1399 2502 1423 2523 et
1442 2499 1501 2529 Opp-
1521 2503 1624 2531 utroque
1643 2502 1712 2527 loco:
1731 2506 1754 2527 et
