2358 2933
244 124 304 155 827
870 121 977 152 PlllL.
1000 120 1101 152 MEL.
1126 119 1309 153 SCRIPTA
1332 119 1602 151 DOGMATICA.
2155 119 2218 151 820*

247 216 487 249 bernarionem;
510 222 618 245 tamen
640 222 707 243 non
737 219 829 243 erant
858 213 1004 243 membra
1025 211 1212 249 Ecclesiae,
1232 214 1234 218 ’
1254 222 1360 254 neque
1389 218 1458 242 erat
1479 209 1630 241 Ecclesia
1659 209 1730 240 sine
1757 208 1944 239 ministerio.
1998 208 2100 240 Erant
2134 211 2218 242 euim

246 258 336 288 iuxta
359 255 436 288 illud
461 255 585 294 [Galat.
611 255 639 291 l,
658 254 721 292 9.]:
745 254 779 284 Si
798 255 871 295 quis
893 252 982 284 aliud
998 253 1213 295 Evaiigelium
1232 274 1236 302 ,ι
1254 254 1389 286 ministri
1411 251 1581 301 Evangelii
1609 250 1794 301 Prophetae
1807 251 1897 299 ’ipsi3
1930 255 1963 281 et
1995 255 2101 300 erant.
2119 250 2219 292 aliqui

247 299 360 334 docet,
395 297 565 328 anathema
601 297 641 326 sit
653 298 700 327 55)
734 302 795 326 etc.
846 296 901 327 Sic
935 294 1028 326 Eliae
1069 301 1214 336 tempore
1233 304 1237 343 i
1253 297 1298 337 pii
1320 296 1510 327 sacerdotes
1534 303 1581 325 eis
1599 293 1753 328 adiuncti,
1771 290 1830 322 fuit
1848 301 1932 322 enim
1949 292 2122 322 mediocris
2139 291 2219 323 mul-

247 346 336 370 erant
362 338 511 371 Ecclesia
541 338 650 376 Elias,
673 337 824 369 Elisaeus
848 345 880 368 et
903 347 1015 369 eorum
1037 338 1215 375 auditoreS,
1234 353 1237 370 :
1255 338 1358 370 titudo
1381 343 1581 373 sanctorum,
1600 337 1666 371 ιη’)
1678 333 1800 366 Textus
1813 333 1888 364 dicit
1907 333 1951 370 [2.
1964 333 2045 374 Reg.
2071 333 2121 370 19,
2133 333 2219 371 18.]:

1233 374 1237 426 i

1232 430 1236 467 i

247 474 291 499 88)
311 474 368 498 Pro
377 478 450 503 seqq.
462 477 509 499 etc.
521 475 559 499 Sic
570 475 636 499 Eliae
652 488 681 491 —
693 488 722 491 —
735 487 766 491 —-
781 480 859 504 usque
874 474 906 498 ad
918 474 1160 499 consummationem
1172 479 1212 498 se-

313 507 359 532 culi
380 507 459 537 (pay.
480 508 541 535 840)
561 509 589 533 m
607 509 678 533 Editt.
694 510 713 531 1.
725 510 748 533 3.
764 508 832 533 naec
846 509 928 533 sune:
947 508 975 532 Et
992 508 1059 532 loan.
1071 508 1094 531 8.
1115 509 1163 532 vos
1182 513 1213 532 ex

313 545 384 571 patre
403 542 505 566 Diabolo
524 542 594 571 estis,
613 542 670 572 quia
684 548 734 566 non
747 542 851 572 potestis
866 541 953 566 audire
964 547 1109 566 sermonem
1119 547 1212 565 meum.

314 575 353 599 Sic
378 575 443 600 Eliae
469 579 543 606 temp.
563 582 597 600 er.
623 576 682 600 eccl.
704 576 737 600 El.
765 576 799 600 El.
819 578 843 600 et
861 581 949 600 eorum
969 575 1097 599 auditores
1116 575 1210 604 passini

315 609 422 637 dispersi
441 609 463 633 in
483 613 533 633 tota
561 612 636 639 gente
665 612 689 633 et
709 610 732 633 iii
751 609 846 633 vicinia.
883 609 909 633 Et
928 608 984 639 quia
1004 611 1059 633 erat
1077 608 1211 633 mediocris

1394 477 1463 502 lianc
1481 478 1633 502 sementiam
1652 477 1683 502 de
1702 476 1868 503 anteferenda
1887 479 1964 503 verbo
1981 479 2024 504 Dei
2042 480 2159 505 omnibus
2177 479 2220 504 ho·

1325 510 1444 540 minibus,
1471 512 1592 536 creaturis
1621 513 1645 535 et
1671 512 1787 536 omnibus
1812 511 1968 541 opinionibus
1994 512 2091 537 discere
2113 517 2220 537 necesse

1324 546 1372 569 est.
1407 544 1470 569 Nam
1489 547 1515 569 et
1533 547 1605 574 tunc,
1632 550 1689 570 cuni
1707 545 1860 569 lactabimur
1877 550 1933 569 cum
1951 548 2046 575 morte,
2078 545 2223 570 deserimur

1323 578 1355 602 ab
1373 578 1489 602 omnibus
1509 579 1638 603 creaturis.
1675 578 1710 603 lbi
1736 581 1803 603 terte
1822 578 1915 608 singuli
1938 578 2003 609 hanc
2027 584 2103 603 unam
2127 578 2222 603 habent

1324 611 1535 640 consolationem,
1562 617 1626 641 quae
1655 612 1679 636 in
1703 617 1763 636 voce
1782 612 1825 636 Del
1848 612 1976 641 proposita
1995 614 2041 636 est.
2078 612 2158 641 Quare
2178 617 2223 636 ex-

315 642 461 668 multitudo.
491 646 517 667 ut
535 646 618 667 textus
637 643 728 673 inquit:
760 643 855 673 Reliqui
874 642 934 667 milii
953 644 1051 672 septem
1070 642 1148 666 millia
1167 644 1212 666 etc.
1323 646 1461 674 aggeretur
1478 645 1612 669 auctoritas
1631 647 1657 669 et
1674 645 1802 670 successio
1821 645 2009 675 Episcoporum‚
2027 647 2148 675 quantum
2166 644 2222 670 fleri

315 676 374 700 lluic
393 677 475 701 coetui
493 676 595 701 admixti
615 677 716 701 suerunt
735 677 819 701 multi.
845 676 887 706 qni
905 676 953 700 etsi
971 676 1003 700 de
1022 676 1136 700 doctrina
1154 681 1213 700 con·
1234 697 1235 702 ,
1324 680 1422 707 potest,
1453 679 1538 702 tamen
1565 684 1621 702 cum
1647 680 1745 703 constet
1771 678 1874 703 defendi
1898 678 1930 703 ab
1949 678 1986 703 eis
2004 678 2071 703 idola
2090 680 2115 703 et
2132 679 2221 708 impios

315 710 467 735 sentiebant.
497 714 583 735 tamen
612 710 749 740 culpandos
769 715 853 734 mores
871 710 1006 734 habebant.
1041 709 1144 734 Interim
1163 715 1213 734 non
1233 709 1235 743 4
1323 717 1431 739 errores,
1449 711 1580 736 adversari
1598 717 1705 736 necesse
1725 715 1772 736 est.

315 747 388 768 erant
406 744 528 769 ecclesiae
547 745 662 769 membra
681 743 827 769 sacerdotes
846 743 914 771 Baal,
933 746 958 767 et
976 743 1081 771 similes,
1100 743 1142 773 qui
1161 743 1213 767 cnl-
1234 745 1235 752 ¹
1391 753 1437 777 [bi
1463 752 1538 781 igitur
1564 753 1709 782 quael-enda
1730 757 1769 777 est
1792 753 1899 778 ecclesia
1911 752 1923 776 φ
1958 755 2064 783 Semper
2093 753 2221 778 deducunt

315 780 354 815 1¹35
374 780 516 807 Dugnflffies
536 784 591 802 ‘'Uffl
612 778 688 802 ‘'Hb“
707 778 747 802 dei
766 776 945 815 desessdebffllt·
982 777 1021 814 *JSt
1040 776 1115 805 igitur
1133 776 1214 800 eccm·
1233 755 1236 811 i
1323 791 1368 810 nos
1388 786 1534 815 Prophetae,
1553 786 1665 810 Christus
1684 788 1710 810 et
1726 787 1837 815 Apostoli
1856 787 1888 811 ad
1904 787 2066 816 lii-angelium
2075 786 2133 816 Dei;
2151 787 2222 811 Sem-

316 816 353 834 sia
371 814 465 836 coetus.
485 812 572 849 similis
585 811 742 849 *scholastico
761 813 843 835 coetui
855 815 949 848 passim
970 809 1093 847 dispersO,
1111 809 1156 834 sed
1177 812 1213 834 ta·
1233 816 1236 851 ε
1324 825 1368 849 991-
1387 819 1407 844 js
1426 822 1512 843 coetus
1532 821 1570 843 951
1589 819 1704 846 ecclesia,
1723 819 1764 849 qui
1782 820 1873 844 retinet
1891 820 2054 849 Ex-flngeijum
2073 820 2116 845 Dei
2141 820 2222 845 sjnoe-

316 849 373 868 ¹¹¹⁰¹¹
392 845 548 874 Pf⁰f⁸SS¹⁰¹¹²
568 845 682 869 estimem
701 850 776 869 “2¹³⁸
796 844 924 868 d⁰cts¹¹¹⁸e
944 846 1082 868 (ὌΠΙΠΜἾΟ-
1234 856 1236 878 i
1323 858 1386 877 runi.
1423 852 1457 876 Ad
1477 852 1501 876 id
1519 852 1647 880 alliganda
1674 855 1726 877 est,
1756 858 1806 876 non
1831 853 1863 877 ad
1887 853 1972 878 titulos
1991 856 2016 878 et
2034 854 2221 878 successionem

385 885 434 910 Sed
452 887 562 911 humana
581 887 719 916 sapientia,
744 887 802 916 quia
824 886 901 910 talem
921 885 1109 915 dissipationem
1129 884 1237 938 existi—l
1324 886 1509 916 Episcoporum.
1552 887 1603 910 Nec
1630 889 1669 910 est
1698 889 1833 916 propterea
1861 886 1993 910 invisibilis
2019 887 2142 915 ecclesia,
2175 887 2221 911 sed

317 923 368 943 mat
387 920 440 943 sine
460 921 554 950 capite.
585 921 639 944 sine
659 920 745 944 ordine
765 922 789 944 et
808 920 862 944 sine
881 919 961 948 gloria
980 924 1047 947 esse,
1078 918 1214 943 offenditur
1325 920 1432 944 maxime
1459 919 1511 943 vult
1527 920 1593 944 Deus
1617 925 1676 944 esse
1702 921 1802 943 coetum
1820 919 1952 944 visibilem.
1989 919 2048 944 Ideo
2072 920 2140 944 enim
2164 925 2221 944 con-

315 953 362 977 bac
381 953 496 983 imagine,
515 958 539 977 et
559 955 655 984 quaerit
673 954 807 978 ecclesiam
827 953 935 978 similem
945 952 1064 982 imperiis,
1083 952 1213 981 alligatam
1325 953 1387 978 didit
1404 959 1485 983 genus
1504 952 1651 982 humanum,
1670 953 1725 977 ideo
1743 952 1851 977 redemit
1870 953 2012 982 ecclesiam,
2030 952 2088 977 ideo
2107 954 2158 978 tam
2178 953 2223 978 mi-

316 985 348 1010 ad
375 989 456 1011 certos
487 988 572 1012 titulos
598 992 622 1012 et
647 987 799 1012 ordinariam
828 987 1014 1012 successionem
1038 991 1213 1016 personarum,
1325 986 1406 1011 randa
1425 986 1568 1016 spectacula
1586 986 1729 1016 proposuit,
1757 986 1917 1010 eductionem
1936 992 1967 1010 ex
1985 987 2111 1016 Aegypto,
2139 987 2224 1016 populi

316 1024 380 1049 quae
400 1024 486 1045 tenent
505 1021 550 1045 hos
570 1021 663 1049 titulos,
682 1024 706 1046 et
725 1021 757 1045 ad
776 1021 899 1051 quaedam
918 1020 1018 1045 vincula
1035 1020 1159 1047 humana,
1187 1022 1212 1043 ut
1325 1020 1514 1049 defensionem,
1533 1020 1752 1044 resuscitationem
1771 1021 1940 1047 mortuorum,
1960 1022 1987 1044 ut
2005 1020 2058 1049 ipse
2076 1020 2225 1049 innotescat,

316 1053 418 1082 politiae
436 1055 562 1079 humanae
582 1055 701 1084 alligatae
720 1056 778 1079 sunt
797 1054 829 1079 ad
848 1056 930 1078 certos
949 1054 1035 1078 titulos
1054 1056 1079 1077 et
1088 1053 1213 1077 humanas
1324 1054 1377 1079 vult
1397 1053 1504 1084 conspici
1522 1055 1548 1078 et
1565 1053 1646 1078 audiri
1664 1053 1807 1082 ecclesiam,
1832 1053 1886 1079 vult
1903 1058 1961 1077 eam
1979 1053 2120 1078 reclamare
2138 1052 2225 1078 mundi

316 1087 397 1116 leges.
441 1089 554 1117 Regnum
572 1089 717 1113 Francicum
742 1091 782 1113 est
805 1088 938 1113 multitudo
963 1088 1141 1117 obtemperans
1161 1086 1214 1115 regi
1325 1088 1453 1112 eri-oribus
1480 1090 1505 1111 et
1531 1087 1660 1116 suscipere
1689 1087 1827 1111 certamina
1850 1089 1952 1117 propter
1977 1086 2105 1116 Evangelii
2134 1092 2226 1117 propu-

317 1120 467 1146 Francorum
487 1125 511 1146 et
529 1123 647 1151 legitimis
666 1123 865 1151 successoribus,
884 1121 999 1146 ordinata
1022 1121 1096 1145 certis
1115 1120 1214 1149 legibus
1326 1121 1487 1151 gnationem,
1505 1121 1570 1145 sicut
1594 1121 1674 1151 inquit
1692 1120 1846 1145 vei-siculus:
1865 1121 1892 1144 ln
1915 1126 2017 1145 omnem
2036 1122 2130 1145 terram
2149 1120 2225 1145 exivit

318 1159 342 1178 et
361 1159 434 1180 utens
453 1155 548 1181 indiciis
567 1162 582 1180 a
601 1162 647 1181 suo
665 1161 726 1185 rege
746 1155 896 1180 constitutis.
930 1155 996 1179 Haec
1014 1154 1114 1184 politica
1132 1154 1214 1178 incur·
1326 1161 1404 1180 soniis
1415 1160 1510 1179 eorum.
1529 1154 1571 1179 Est
1589 1154 1664 1183 igitur
1673 1153 1777 1179 visibilis
1797 1156 1822 1178 et
1841 1155 1925 1178 certus
1939 1156 2026 1178 coetus
2045 1153 2165 1184 ecclesia3
2179 1152 2225 1178 sed

317 1190 375 1212 runt
393 1189 416 1213 in
435 1190 534 1216 oculos,
560 1192 583 1213 et
606 1190 687 1219 placet
706 1189 768 1214 ordo
787 1191 811 1213 et
830 1189 970 1214 coniunctio
989 1188 1089 1217 legibus
1109 1190 1133 1211 et
1152 1186 1214 1211 iudi·
1326 1191 1412 1214 tamen
1439 1188 1549 1218 imperiis
1577 1193 1666 1217 regum
1695 1187 1841 1216 dissimilis,
1861 1187 1989 1212 subiectus
2008 1187 2075 1211 cruci
2093 1187 2118 1211 et
2136 1187 2160 1211 in
2177 1187 2227 1211 hoe

317 1222 361 1246 ciis
376 1222 498 1247 devincta.
534 1224 592 1248 Ideo
612 1224 745 1248 ecclesiam
766 1224 877 1252 rogitant
894 1222 1007 1246 homines
1027 1221 1135 1246 similem
1153 1220 1214 1250 poli·
1327 1222 1422 1247 mundo
1440 1221 1618 1246 miserabiliter
1636 1222 1777 1251 dispersus,
1796 1227 1825 1245 ac
1843 1221 1900 1245 talis
1919 1220 1967 1245 fuit
1984 1221 2092 1246 ecclesia
2107 1220 2152 1245 Dei
2169 1219 2227 1245 inde

319 1256 378 1280 tiam
403 1262 473 1285 esse,
500 1257 648 1286 praesertim
674 1263 729 1282 cum
754 1260 779 1281 et
796 1258 863 1281 Deus
882 1256 926 1280 tali
944 1255 1053 1286 quodam
1072 1254 1160 1279 ordine
1179 1254 1215 1278 in·
1329 1261 1408 1286 usque
1426 1256 1458 1280 ab
1476 1255 1553 1283 initio,
1571 1255 1635 1279 alias
1654 1255 1743 1284 magis,
1762 1254 1825 1279 alias
1845 1254 1927 1279 minus
1945 1259 2107 1278 aerumnosa.

318 1289 427 1326 stituerit
445 1290 556 1320 ¹³⁰¹i¹i³¹¹¹
575 1291 716 1319 M⁰S⁸i⁰³¹¹¹v
734 1291 758 1315 5¹¹
777 1296 826 1320 ‘1¹¹³
845 1290 1026 1327 ‘8¹²²,3105352
1051 1290 1145 1316 A³f⁰¹¹⁹
1169 1288 1215 1312 ¹³³·
1396 1298 1453 1322 Erat
1472 1296 1580 1321 ecclesia
1597 1297 1695 1321 familia
1713 1296 1806 1326 prima.
1831 1295 1877 1320 sed
1896 1296 1956 1320 Cain
1974 1296 2059 1321 statim
2078 1295 2195 1320 discessit
2212 1301 2227 1319 a

318 1322 378 1361 vid,
397 1323 478 1348 sadoc
502 1327 527 1348 et
552 1324 647 1349 similes
671 1325 795 1355 principes
815 1326 839 1348 et
858 1322 989 1348 Pontifices
1007 1328 1066 1347 vere
1086 1323 1157 1346 erant
1176 1327 1215 1345 ec·
1328 1331 1483 1361 parentibus,
1502 1332 1527 1355 et
1545 1331 1680 1360 posteritas
1699 1330 1731 1354 ab
1750 1336 1780 1354 ΕΟ
1798 1332 1854 1354 orta
1872 1328 1983 1354 condidit
2006 1329 2095 1354 urbem
2114 1331 2140 1353 22
2158 1331 2228 1353 ame.

318 1356 409 1381 ⁶¹e⁵¹⁸⁹
429 1358 550 1382 membra·
1329 1365 1413 1389 celliiit
1431 1364 1549 1394 potentia.
1585 1365 1624 1389 Sic
1642 1365 1698 1394 post
1716 1363 1836 1388 diluvium
1856 1362 1956 1388 condita
1975 1362 2102 1392 Babylone
2119 1361 2167 1388 ruit
2184 1361 2229 1386 ad·

385 1398 507 1424 Definiunt
539 1400 613 1429 igitur
638 1401 771 1425 ecclesiam
797 1406 854 1425 esse
886 1402 983 1425 coetum
1009 1395 1214 1428 amplectentium
1329 1399 1431 1423 moduni
1451 1398 1542 1427 exigua
1561 1398 1668 1422 ecclesia
1687 1397 1783 1421 familia
1802 1397 1870 1425 Sem,
1888 1396 2016 1426 Abrahae,
2036 1396 2112 1425 Loth.
2129 1395 2229 1422 Abime·

318 1431 479 1462 izi-angelium
505 1434 627 1458 bonorum
657 1435 682 1458 et
709 1434 832 1458 malorum
859 1433 990 1462 alligatum
1015 1432 1048 1456 ad
1066 1432 1166 1455 Petrum
1192 1432 1215 1454 et
1329 1432 1400 1461 lech,
1427 1433 1453 1457 et
1482 1431 1582 1462 aliquae
1609 1432 1704 1455 vicinae
1725 1430 1836 1454 familiae
1881 1430 1972 1454 Postea
1991 1429 2015 1454 in
2033 1429 2144 1460 Aegypto
2161 1430 2229 1455 facta

319 1473 488 1497 successores,
507 1469 548 1498 qm
567 1467 656 1493 ecdem
681 1467 752 1491 titulo
770 1469 891 1496 regnant,
917 1472 943 1490 et
967 1465 999 1489 ad
1023 1470 1111 1489 eorum
1136 1464 1217 1493 leges.
1331 1468 1371 1491 est
1396 1471 1490 1495 magna
1517 1466 1644 1495 accessio,
1671 1470 1727 1489 cum
1746 1464 1835 1494 loseph
1859 1469 1946 1493 regem
1965 1464 2114 1493 Aegyptium
2133 1466 2160 1488 et
2176 1469 2230 1488 ma-

319 1505 345 1527 et
362 1502 400 1527 his
420 1502 609 1527 successoribus
633 1503 657 1525 et
681 1501 770 1525 turbae
797 1501 834 1525 eis
859 1500 1005 1524 coniunctae
1031 1499 1143 1522 tribuunt
1161 1503 1219 1527 pro-
1330 1506 1406 1530 gnam
1427 1499 1511 1529 populi
1528 1501 1625 1528 partem
1646 1498 1676 1522 de
1696 1503 1755 1522 vero
1774 1498 1842 1522 cultu
1859 1497 1903 1522 Dei
1921 1497 2062 1526 docuisset,
2089 1497 2135 1522 sed
2160 1497 2229 1522 brevi

319 1537 386 1567 lisias
414 1536 605 1566 praerogativas
635 1535 773 1562 ecclesiae,
800 1533 865 1564 quod
895 1539 945 1557 1¹⁰1!
971 1533 1069 1563 {³05⁵th
1088 1537 1174 1556 81'1'31'8
1193 1531 1217 1555 in
1331 1535 1510 1559 successerunt
1528 1533 1596 1562 impii
1614 1538 1698 1561 reges,
1714 1532 1754 1562 qui
1773 1531 1870 1555 abiecta
1889 1536 1950 1555 vera
1969 1530 2080 1555 doctrina
2104 1531 2229 1555 instaura—

320 1569 368 1594 flde
387 1575 433 1595 seu
452 1569 609 1594 necessariis.
645 1569 712 1593 Haec
730 1568 830 1598 politica
850 1566 994 1596 imaginatio
1012 1565 1152 1596 plausibilis
1171 1567 1218 1589 est.
1330 1570 1421 1592 vei-unt
1448 1566 1513 1591 idola
1542 1568 1567 1591 et.
1591 1566 1700 1596 amplexi
1724 1566 1782 1590 sunt
1810 1564 1894 1589 studia
1915 1564 2016 1594 magiae
2043 1566 2069 1588 et
2094 1564 2228 1589 eeclesiam

320 1603 378 1629 Ideo
401 1609 457 1628 cum
481 1603 530 1628 alia
555 1603 639 1631 imago
663 1602 787 1627 ecclesiae
810 1602 956 1631 proponitur
974 1600 1092 1629 alligatae
1112 1598 1145 1623 ad
1163 1603 1218 1622 ver·
1332 1601 1394 1626 dura
1413 1601 1533 1625 servitute
1552 1600 1740 1630 oppresserunt.

322 1638 379 1662 bum
397 1638 448 1665 Dei,
466 1643 516 1661 non
534 1637 566 1661 ad
585 1637 679 1662 titulos,
697 1637 760 1663 loca,
779 1636 850 1664 leges
869 1636 992 1673 humanas
1019 1634 1060 1658 vel
1078 1632 1218 1658 successio·
1400 1644 1491 1668 Postea
1509 1643 1534 1667 jn
1551 1642 1643 1672 populo
1661 1641 1739 1666 Israel
1758 1640 1806 1664 etsi
1823 1640 1873 1664 iam
1891 1639 1980 1664 sedem
2004 1639 2114 1670 anquam
2132 1641 2159 1664 et
2176 1644 2230 1664 cer.

322 1677 379 1696 ΜΠ)
398 1671 549 1695 ΟΠῙῘΠἨῙἮΠ
569 1676 744 1700 flemmarum
763 1675 827 1699 ‘1⁰³²
847 1674 890 1693 ‘³⁰⁵
902 1668 995 1706 .¹¹¹¹.¹¹⁰⁵
1014 1670 1119 1696 gerum’
1143 1666 1218 1704 vein?
1333 1681 1383 1702 tain
1401 1677 1513 1707 politiam
1532 1678 1587 1700 erat
1604 1677 1686 1704 nacta,
1704 1677 1731 1699 ut
1749 1677 1819 1698 esset
1837 1676 1920 1698 certus
1938 1673 2022 1702 locus,
2048 1673 2073 1698 in
2097 1678 2145 1703 quo
2163 1672 2229 1698 lilius

322 1705 478 1730 memiSSiffle
504 1707 694 1729 ⁰⁰mm⁰vem¹¹r
719 1703 833 1727 immines
857 1703 964 1732 imnum*
990 1699 1218 1738 amantes.9¹'d¹⁰¹5
1332 1712 1376 1737 Dei
1400 1713 1550 1735 nasceretur
1573 1711 1598 1733 et
1617 1711 1685 1733 certa
1703 1708 1845 1733 testimonia
1864 1706 2017 1736 ederentur,
2041 1709 2128 1732 tamen
2151 1712 2230 1737 quan-

323 1742 348 1763 et
377 1738 570 1768 tranquillitatis.
607 1737 695 1762 Dicunt
721 1736 820 1761 furores
845 1742 903 1761 esse
928 1739 953 1760 et
971 1735 1041 1760 faces
1057 1734 1219 1772 seditionum,
1333 1748 1385 1770 mm
1404 1745 1451 1769 fuit
1469 1743 1653 1769 calamitatum!
1679 1742 1827 1772 plerumque
1847 1740 1977 1765 dissidium
1996 1740 2044 1765 fuit
2067 1740 2132 1765 ime,-
2147 1740 2229 1769 Reges

323 1771 418 1801 fingere
447 1772 580 1796 ecclesiam
607 1771 675 1795 *ΗΜ
694 1776 807 1797 θΠὊΗΕΞ·
834 1770 888 1794 Sine
918 1769 1026 1806 capitem
1043 1773 1096 1793 ³¹¹¹e
1119 1766 1220 1805 9¹*de
1334 1782 1359 1804 et
1385 1778 1532 1808 Prophetas.
1569 1777 1625 1801 Erat
1644 1776 1719 1805 igitur
1737 1775 1844 1800 ecclesia
1864 1780 1986 1804 oppressa
2004 1774 2134 1803 servitute,
2160 1773 2229 1797 vide-

324 1806 376 1830 ⁵i¹¹⁸
395 1806 508 1836 ῙΠΨΕΓῙΟ·
544 1806 583 1830 Si.
610 1805 737 1835 inq‘fflffltv
765 1804 822 1828 ‘³¹⁵5
848 1805 918 1828 esset
936 1803 1056 1840 ecclesia,
1083 1801 1124 1826 '¹¹³¹
1143 1806 1220 1838 ἔωθε·
1272 1818 1281 1829 ·
1334 1813 1392 1837 licet
1409 1812 1548 1841 Prophetae
1569 1814 1593 1835 et
1612 1815 1699 1834 eorum
1719 1809 1856 1833 auditores.
1891 1808 1982 1832 Postea
2001 1813 2056 1831 cum
2075 1806 2186 1837 Apostoli
2203 1807 2229 1831 in

323 1839 403 1864 renda
421 1839 509 1864 esset?
527 1845 573 1863 nec
592 1841 661 1863 esset
679 1838 809 1866 durabilis,
828 1837 877 1861 imo
896 1842 942 1861 nec
954 1836 1067 1861 visibilis.
1096 1835 1219 1864 Scriptum
1334 1848 1413 1870 mmm
1432 1846 1520 1870 orbem
1540 1844 1611 1868 missi
1628 1846 1724 1872 essem⁹
1742 1846 1768 1866 et
1785 1842 1896 1867 Romana
1915 1840 2060 1865 monarchia
2078 1841 2188 1865 saeviret
2205 1840 2231 1864 in

324 1876 363 1897 052
380 1875 473 1899 autem·
491 1872 532 1897 Dic
551 1872 688 1901 efflessifle}
707 1877 767 1900 ergO
786 1873 884 1901 ⁰9⁰¹'tet
902 1870 1025 1895 l'iSibilem
1045 1868 1221 1899 afiq⁰e¹¹¹⁰⁰e‘
1335 1880 1470 1910 discipulos
1489 1878 1680 1909 Apostolorum,
1703 1877 1784 1907 qualis
1808 1876 1842 1900 ibi
1859 1875 1906 1899 fuit
1924 1874 2047 1899 ecclesiae
2064 1874 2169 1904 politia?
2204 1873 2231 1898 Et

324 1911 376 1930 tum
395 1912 461 1931 esse.
480 1909 504 1929 et
523 1906 613 1930 visibili
632 1912 660 1929 ac
679 1908 747 1929 certa
767 1905 851 1935 politia
865 1904 1085 1934 comprehensum,
1103 1901 1136 1939 ad
1147 1907 1220 1931 quem
1334 1919 1410 1944 saepe
1430 1913 1455 1937 in
1473 1918 1503 1937 eo
1522 1916 1634 1942 corpore,
1652 1910 1719 1940 quod
1738 1911 1841 1934 vocatur
1858 1908 1966 1939 populus
1984 1908 2038 1937 Dei,
2063 1907 2167 1932 fuel-um
2190 1913 2230 1932 re-

323 1939 413 1965 referri
438 1940 621 1964 controversiae
647 1940 752 1969 possint⁴
788 1939 979 1963 Removeantur.
1007 1937 1084 1965 aiunt,
1112 1938 1160 1959 ista
1179 1934 1224 1972 de-¹
1334 1954 1381 1977 ges
1404 1949 1429 1971 et
1453 1945 1581 1976 pontifices
1607 1945 1692 1969 hostes
1711 1943 1846 1971 ecclesiae,
1873 1943 1901 1966 ut
1917 1947 1993 1971 reges
2012 1941 2091 1966 [srael
2109 1940 2230 1965 defende-

323 1974 377 1998 litia
395 1974 469 2003 plena
487 1973 650 1998 absurditatis
668 1977 693 1997 et
710 1973 846 2001 amentiae,
864 1971 1004 2001 pugnantia
1022 1975 1078 1994 cum
1097 1974 1225 1993 communi
1335 1981 1395 2005 bam
1414 1981 1507 2004 cultum
1526 1978 1601 2008 Baal;
1628 1977 1729 2002 lum-im
1754 1976 1819 2000 alius
1844 1977 1931 2000 coetus
1955 1976 2010 1999 emt
2036 1974 2159 2004 ecclesia,
2189 1974 2231 2004 qui

324 2013 414 2035 sensu,
441 2006 588 2036 fingentium
614 2007 690 2030 talem
711 2006 843 2030 ecclesiam
862 2011 913 2029 non
931 2005 1061 2033 alligatam
1089 2002 1122 2027 ad
1140 2003 1222 2026 certos
1334 2014 1454 2038 audiebat
1471 2013 1616 2042 Prophetas,
1635 2011 1721 2039 gnam,
1739 2009 1849 2034 ffljseum
1867 2011 1893 2033 et
1910 2009 1981 2034 anos·
2007 2008 2036 2032 Et
2052 2008 2149 2033 Asiam-s
2167 2009 2231 2032 iem.

324 2040 410 2066 titnlos
429 2042 454 2064 et
472 2043 567 2065 certam
586 2040 697 2070 politiam
717 2046 747 2063 ac
765 2038 959 2064 successionem.
1334 2048 1435 2078 poribus
1459 2046 1568 2071 maxima
1595 2050 1653 2074 pal-5
1672 2044 1848 2074 Episcoporum
1873 2045 1927 2067 erat
1945 2041 2116 2067 contaminata
2133 2046 2231 2066 veneno

1242 2026 1245 2041 t

391 2083 433 2107 His
452 2082 691 2111 declamationibus,
717 2084 744 2106 ili
762 2081 900 2110 Prolihetae
925 2083 950 2104 et
974 2079 1084 2109 ADOStOIi
1103 2083 1222 2108 praegra-
1242 2044 1245 2126 ἰ
1335 2081 1397 2111 Arii;
1416 2080 1516 2105 Interim
1536 2080 1591 2103 erat
1609 2078 1716 2102 ecclesia
1736 2077 1801 2115 alius
1820 2078 1915 2105 coetus,
1934 2075 1975 2106 qui
1993 2075 2119 2113 retinebat
2136 2074 2231 2114 purita-

324 2116 460 2145 vahantur‚
486 2117 520 2140 ita
538 2122 583 2140 nos
602 2121 700 2146 quoque
719 2114 871 2139 horribiliter
889 2114 1034 2144 premimur.
1072 2112 1139 2137 Haec
1163 2113 1222 2136 sunt
1335 2118 1384 2140 tem
1412 2113 1545 2142 Evangelii.
1582 2112 1690 2141 Semper
1720 2116 1786 2134 enim
1805 2111 1872 2148 Deus
1900 2115 1961 2134 suas
1988 2109 2085 2147 aliquas
2112 2108 2231 2139 reliquias

324 2149 443 2176 mimina·
463 2150 494 2174 de
512 2150 602 2180 quibus
622 2149 723 2173 dicitur!
751 2148 777 2172 Ε(
797 2154 853 2172 ὓυῐῐ]
873 2147 1004 2172 sceleratis
1022 2148 1154 2176 reputatus
1173 2147 1221 2169 est·
1334 2149 1427 2177 servat,
1446 2149 1472 2172 ut
1491 2146 1568 2177 inquit
1587 2146 1686 2170 Esaias:
1711 2145 1762 2170 Nisi
1781 2143 1925 2174 reliquisset
1949 2143 2021 2168 nobis
2040 2143 2106 2167 Deus
2133 2147 2230 2168 semen.

325 2183 461 2208 Etloanni‘s
473 2183 511 2206 16.
523 2183 593 2207 Venit
612 2183 681 2208 liora,
700 2184 727 2206 ut
745 2182 833 2206 omnis.
853 2181 893 2211 qui
913 2181 1028 2206 interficit
1045 2185 1098 2208 vos,
1117 2178 1221 2203 arbitre-

325 2220 364 2241 tur
381 2217 530 2246 obsequium
551 2223 578 2241 se
597 2218 726 2246 praestare
745 2216 803 2240 Deo.
839 2215 900 2239 item
925 2215 947 2237 1.
968 2214 1023 2239 Cor.
1042 2214 1065 2236 4.
1094 2213 1220 2242 Tanquam

324 2247 486 2281 καθάρματα
504 2250 577 2274 liuius
597 2249 682 2274 mundi
701 2255 798 2273 sumus.

392 2292 537 2322 Quanquam
562 2292 637 2321 igitur
657 2291 786 2320 ingentem
811 2290 923 2315 dolorem
951 2289 1062 2314 afferant
1084 2287 1221 2313 moderatis

1334 2183 1398 2206 sicut
1415 2180 1524 2206 Sodoma
1543 2182 1568 2204 et
1587 2179 1706 2204 Gomorra
1733 2177 1793 2202 facti
1819 2182 1951 2206 essemus;
1975 2178 2001 2201 et
2018 2176 2125 2206 Sophon.
2143 2175 2168 2198 3.
2204 2175 2231 2200 Et

1334 2215 1425 2240 faciam
1451 2213 1714 2251 reliquum-populum
1732 2216 1870 2242 pauperem
1889 2212 1915 2235 et
1932 2215 2058 2239 egenum,
2085 2211 2230 2240 sperantem

1333 2250 1358 2274 in
1375 2249 1476 2274 nomine
1494 2249 1598 2273 Domini.

1401 2291 1429 2316 Et
1447 2295 1548 2320 semper
1565 2288 1590 2313 in
1608 2294 1638 2312 eo
1657 2289 1744 2316 coetu,
1770 2287 1811 2316 qui
1829 2286 1928 2311 sincere
1950 2285 2042 2310 retinet
2059 2284 2231 2314 Evangelium,

325 2325 430 2355 ingeniis
455 2325 503 2349 hae
528 2324 608 2349 falsae
634 2324 833 2352 criminationes,
861 2326 947 2348 tamen
965 2323 1065 2347 animus
1084 2320 1220 2350 erigendus

323 2361 349 2383 et
366 2358 553 2383 confirmandus
572 2360 610 2382 est
628 2359 667 2382 his
686 2357 844 2386 testimoniis,
863 2362 927 2387 quae
946 2357 1035 2381 iubent
1051 2356 1102 2380 Deo
1125 2355 1221 2380 obtem-

325 2397 414 2422 perare
432 2394 457 2416 et
476 2391 564 2420 sugere
582 2392 662 2418 idola,
690 2391 791 2416 etiamsi
816 2397 880 2415 unus
905 2390 994 2420 aliquis
1021 2395 1125 2419 prorsus
1150 2388 1220 2412 solus

323 2428 395 2450 esset
417 2431 447 2449 ac
470 2431 484 2449 a
503 2427 554 2449 toto
572 2425 665 2449 mundo
684 2425 809 2449 desertus.
846 2424 958 2449 Omnium
978 2423 1106 2448 hominum
1124 2421 1221 2446 indiciis

324 2464 353 2483 ac
370 2458 540 2483 voluntatibus
564 2458 746 2483 anteferendae
773 2459 833 2483 sunt
851 2457 898 2482 hae
918 2463 1006 2481 voces:
1034 2457 1088 2481 Non
1114 2454 1220 2480 habebis

323 2493 388 2517 neos
406 2491 515 2521 alienos;
539 2492 615 2516 item:
633 2492 718 2521 Fugite
738 2491 819 2519 idola:
845 2491 918 2515 item:
945 2491 987 2514 Hic
1006 2493 1044 2515 est
1062 2489 1128 2513 tilius
1147 2493 1220 2512 mens
1426 2517 1431 2522 ⁸
1562 2515 1567 2520 ⁸

324 2525 439 2554 dilectus,
459 2525 524 2549 bunc
542 2525 634 2549 audite.
1281 2519 1309 2545 a)
1329 2521 1356 2543 ut
1374 2517 1508 2542 omittunt
1525 2515 1598 2540 Editt.
1617 2514 1641 2537 2.
1661 2514 1685 2535 4.
1705 2512 1728 2537 6.
1748 2512 1769 2536 7.
1787 2512 1810 2535 9.
1834 2512 1869 2536 12.

1334 2327 1392 2350 sunt
1415 2324 1492 2354 aliqui
1517 2328 1577 2347 rere
1595 2323 1646 2347 Deo
1671 2321 1801 2351 placentes
1827 2322 1852 2344 et
1869 2318 1995 2344 haeredes
2013 2319 2080 2343 vitae
2099 2319 2229 2343 aeternae.

1333 2358 1448 2383 Promisit
1468 2357 1534 2381 enim
1552 2357 1618 2381 Deus
1638 2361 1665 2379 se
1675 2354 1811 2379 Ecclesiam
1831 2353 1878 2378 sibi
1897 2353 2008 2383 aliquam
2026 2357 2129 2382 semper
2145 2357 2231 2377 serva-

1333 2395 1417 2416 turum
1436 2396 1508 2419 esse,
1531 2392 1555 2414 et
1573 2390 1659 2414 servat
1677 2387 1730 2413 suis
1749 2386 1891 2411 beneficiis.
1909 2393 1960 2411 non
1977 2385 2095 2411 humanis
2113 2384 2231 2413 consiliis,

1332 2426 1454 2453 vinculis,
1485 2422 1684 2448 ordinationibus
1710 2424 1736 2445 et
1762 2420 1904 2450 praesidiis.
1953 2419 2012 2444 Ideo
2039 2418 2105 2449 apud
2132 2418 2230 2443 Esaiam
