2358 2933
122 124 183 154 517

123 216 249 246 ratione
261 218 420 253 sumptas.
448 211 530 245 Quis
550 210 637 240 enim
659 210 829 240 moderato
852 208 982 248 ingenio
1006 216 1099 247 prae-

123 259 209 289 ditus
233 266 299 287 non
322 253 432 285 doleat
453 251 648 284 labefactari
670 250 808 282 formam
827 249 1006 291 religionis,
1026 259 1098 289 per—

123 299 246 330 turbari
270 296 490 333 concordiam,
515 295 634 325 exoriri
648 294 783 324 dissidia
797 294 828 323 in
846 291 1011 328 Ecclesia,
1035 291 1099 320 dis-

123 341 224 382 sipari
246 339 380 380 imperia
403 343 433 368 et
456 335 683 378 respublicas?
727 335 892 365 Videbam
915 339 1022 364 autem
1046 343 1099 362 ex-

123 382 249 414 tenuari
282 390 361 411 suos
396 379 505 410 cultus
540 385 572 410 et
610 378 764 418 dissipari
798 375 1034 416 rempublicam
1068 380 1100 405 et

123 424 287 456 contemni
316 423 523 463 superiorum
550 422 766 452 autoritatem.
812 418 970 453 Quamvis
994 422 1101 447 autem

122 468 186 498 hae
209 466 274 495 sint
296 474 437 506 magnae
461 473 619 499 caussae,
642 472 726 502 quae
748 461 864 492 merito
886 465 1020 491 movent
1042 459 1101 489 ho-

122 510 243 546 mines,
273 512 384 537 tamen
415 506 585 537 sciendum
614 510 664 534 est
691 503 743 534 his
776 503 919 542 caussis,
950 501 1014 533 hoc
1039 507 1100 539 051,

123 551 273 581 omnibus
297 550 396 579 rebus
427 547 676 578 anteferendum
699 555 776 576 esse
805 546 993 576 mandatum
1022 543 1101 579 Dei;

122 593 211 623 iuxta
234 591 320 622 hanc
342 589 493 632 regulam
516 589 602 626 [Act.
615 587 646 625 5,
659 587 743 627 29.]:
778 588 917 628 Oportet
940 586 1012 617 Deo
1036 596 1101 616 ma-

123 635 173 676 gis
197 634 348 669 obedire,
377 643 475 672 quam
497 631 692 661 hominibus.
738 630 814 660 Ideo
844 629 908 659 hoc
937 628 1100 659 Pharisai-

123 687 196 707 01110
219 673 412 706 scandalum
434 683 501 703 non
524 678 575 703 est
587 672 765 711 vitandum,
789 677 926 702 excusat
937 680 1100 701 1105111011-

123 719 233 748 (latum
256 716 330 747 Dei.
376 716 444 746 Sed
466 714 702 755 praestandum
726 720 793 751 est,
824 719 859 744 ut
889 713 1039 744 doctrina
1058 712 1099 741 sit

121 768 217 796 vera,
253 764 358 795 certa,
392 757 480 788 utilis
515 756 698 787 Ecclesiae.
749 756 833 787 Nam
868 756 1100 796 gravissimum

119 806 294 843 peccatum
314 806 363 830 est
380 800 575 840 perturbare
587 797 774 829 Ecclesiam
797 797 891 828 malis
915 803 971 829 aut
993 798 1099 828 incer-

122 845 163 875 tis
188 849 244 874 aut
266 841 434 873 inutilibus
458 841 746 881 disputationibus.

206 884 357 916 Alterum
379 883 529 914 scandali
553 893 659 924 genus
681 888 742 919 est,
766 884 854 923 quod
878 888 1015 913 vocatur
1032 880 1100 911 Da-

120 934 197 959 tum.
242 927 371 966 Estque
392 927 487 966 impia
512 926 662 956 doctrina
685 931 741 955 aut
763 924 884 955 malum
904 922 1099 964 exemplum,

120 970 209 1011 quod
231 974 329 1000 nocet
352 967 436 1005 aliis,
460 969 532 998 sive
555 968 632 1008 quia
655 968 828 1004 imitantur,
853 968 923 997 sive
947 967 1022 1007 quia
1045 966 1100 996 de-

120 1017 221 1042 terret
243 1011 393 1041 homines
413 1011 453 1040 ab
478 1010 672 1052 Evangelio.
718 1010 823 1040 Huius
848 1009 980 1050 generis
1004 1017 1099 1038 scan-

120 1051 197 1084 dala
219 1059 296 1084 sunt
326 1053 435 1082 onmia
463 1052 561 1092 impia
591 1053 763 1092 dogmata3
787 1052 880 1088 item,
904 1049 1101 1081 idololatrici

120 1094 229 1126 cultus
254 1100 285 1124 et
308 1094 499 1124 traditiones
518 1093 696 1132 humanae,
727 1103 811 1134 quae
834 1103 900 1124 non
924 1097 1099 1133 potuerunt

120 1138 192 1168 sine
213 1142 353 1177 peccato
379 1136 559 1169 obsewarj.
606 1136 730 1166 Horum
753 1134 986 1165 scandalorum
1009 1140 1101 1164 auto-

117 1180 210 1210 ribus
243 1179 422 1219 praecipue
454 1178 594 1208 minatur
629 1177 780 1207 Christus
819 1176 946 1214 [Matth.
969 1176 1019 1212 18,
1038 1176 1102 1213 7.]:

118 1221 192 1251 Vae
214 1221 349 1259 1101111111,
379 1230 440 1260 per
462 1230 557 1260 quem
580 1220 669 1250 venit
692 1217 885 1249 scandalum
908 1224 971 1249 010.
1018 1218 1100 1248 Sunt

118 1265 217 1304 igitur
239 1263 323 1293 haec
340 1261 499 1293 scandala
523 1270 649 1291 summa
672 1260 840 1301 vigilantia
865 1260 1030 1297 cavenda,
1060 1269 1102 1290 ne

119 1305 174 1336 vel
196 1310 331 1335 autores
359 1302 412 1335 vel
443 1302 683 1344 suffragatores
713 1304 831 1343 impiae
860 1304 1031 1334 doctrinae
1060 1303 1103 1332 si—

117 1355 300 1384 111115,·1100
330 1346 509 1376 imitatores
530 1346 705 1385 impiorum
729 1344 873 1376 cultuum
897 1351 959 1375 etc.

126 1394 128 1396 '
204 1389 268 1419 Est
298 1389 394 1419 etiam
423 1388 606 1418 cavendum
636 1387 724 1418 aliud
759 1388 923 1428 quoddam
952 1385 1101 1418 scandali

119 1438 236 1473 genuS,
262 1431 350 1471 quod
374 1436 440 1460 est:
465 1440 540 1460 cum
563 1440 647 1469 opus
666 1429 855 1460 indifferens
872 1430 1101 1470 intempestive

117 1476 174 1508 tit3
196 1478 232 1503 ut
254 1473 502 1512 intempestivus
525 1481 606 1501 usus
624 1471 786 1502 libertatis
800 1472 1018 1502 Christianae.
1048 1471 1100 1502 De

117 1516 184 1546 hoc
206 1524 270 1545 usu
301 1524 401 1554 saepe
431 1514 633 1553 disputatur,
668 1515 799 1554 quando
831 1524 1015 1545 concessus
1047 1514 1100 1551 sit,

118 1557 248 1598 quando
272 1566 338 1586 non
368 1557 411 1585 sit
443 1565 638 1586 concessus.
684 1556 724 1586 Et
749 1566 849 1596 supra
873 1557 954 1593 d'mi,
977 1566 1095 1596 pecca-

117 1605 185 1630 tum
209 1608 285 1628 0550
306 1597 431 1628 violare
455 1598 645 1628 traditiones
669 1597 828 1628 humanas
852 1600 883 1629 in
909 1608 989 1628 casu
1001 1608 1098 1628 scan-

118 1640 194 1672 dali.
240 1641 316 1670 Ideo
339 1640 480 1670 tenenda
505 1646 556 1670 est
581 1639 673 1670 Pauli
699 1640 815 1681 regula
845 1641 886 1671 de
915 1651 979 1671 usu
1001 1640 1099 1671 liber-

118 1684 204 1714 tatis.
250 1682 374 1713 Paulus
400 1682 506 1719 1R01n.
523 1683 571 1716 14,
595 1682 712 1722 lsqq.]
736 1683 893 1723 praecipit
918 1683 1039 1719 doctis,
1064 1689 1098 1713 ut

118 1724 258 1756 tolerent
282 1724 441 1760 101110105,
466 1730 497 1754 et
518 1725 762 1765 morigerentur
785 1725 832 1754 eis
856 1726 897 1755 ad
921 1726 1043 1755 bonum
1066 1731 1099 1755 et

117 1768 159 1798 ad
182 1766 459 1802 aedificationem3
483 1765 547 1797 hoc
571 1772 631 1806 est,
656 1773 690 1797 ut
714 1768 944 1798 commoditate
969 1777 1029 1797 sua
1051 1768 1098 1797 in-

107 1810 220 1840 ‘vitent
250 1818 309 1839 005
338 1809 380 1838 ad
411 1807 644 1849 Evangelium,
674 1819 740 1839 non
772 1809 966 1839 deterreant.
1014 1809 1099 1844 Quia

114 1861 184 1882 11011
207 1851 315 1881 5011101
344 1850 551 1891 hypocritae,
588 1852 646 1881 sed
678 1851 775 1881 etiam
807 1853 849 1891 pii
878 1858 908 1881 et
939 1852 1098 1882 moderati

116 1893 283 1931 homines,
316 1893 507 1933 praesertim
539 1903 604 1923 non
633 1894 715 1923 satis
742 1894 829 1924 docti
838 1916 847 1931 ,
883 1904 956 1924 cum
985 1894 1095 1925 vident

118 1945 227 1966 mores
250 1941 382 1974 veteres
406 1934 532 1972 violari,
554 1936 698 1966 iudicant
714 1934 769 1966 1110
788 1936 959 1967 doctrinae
973 1946 1097 1978 genere

117 1977 267 2008 homines
291 1977 420 2008 efferari
451 1983 483 2007 et
507 1978 599 2008 reddi
621 1978 825 2018 prophanos,
849 1984 947 2020 atque
970 1979 1017 2009 ita
1042 1980 1096 2009 de-

120 2026 283 2050 terrentur
306 2030 325 2049 a
348 2020 536 2060 cognitione
560 2019 740 2062 Evangelii.

204 2062 279 2091 Non
312 2062 410 2102 igitur
442 2062 600 2092 utendum
631 2069 681 2093 est
711 2062 860 2093 libertate
889 2063 977 2103 apud
1006 2063 1096 2101 illos,

118 2104 174 2175 {gui
188 2104 330 2134 nondum
343 2103 515 2134 audierunt
526 2102 590 2135 hoc
605 2105 774 2136 doctrinae
798 2115 914 2147 genus,
938 2111 994 2136 aut
1008 2107 1096 2146 apud

133 2152 238 2176 ratres
263 2146 407 2176 nondum
430 2146 511 2175 satis
537 2146 757 2178 confirmatos.
803 2148 868 2179 Sed
892 2149 1095 2188 sequendum

119 2193 170 2218 est
193 2186 377 2227 exemplum
396 2186 490 2218 Pauli
515 2188 556 2225 [1.
572 2188 786 2228 (101-.9.22.]:
810 2190 930 2220 Factus
955 2200 1026 2220 sum
1050 2192 1095 2221 in-

119 2230 219 2260 firmis
253 2230 411 2260 infirmus.
463 2232 602 2270 Item2ffl)
631 2231 665 2262 Si
692 2242 770 2262 esca
793 2232 926 2263 offendit
950 2231 1095 2271 fratrem,

119 2282 283 2313 nunquam
306 2272 512 2303 manducabo
537 2283 677 2312 carnem,
702 2284 743 2304 110
766 2273 899 2304 fratrem
921 2275 1093 2305 offendam.

118 2313 182 2344 Ubi
205 2320 313 2345 autem
337 2316 399 2344 iam
419 2314 569 2346 inclaruit
586 2315 811 2357 Evangelium,
836 2323 866 2346 et
888 2318 1095 2347 mediocriter

120 2356 310 2387 confirmata
333 2362 383 2386 051
404 2356 565 2394 Ecclesia,
591 2368 655 2388 non
681 2364 730 2388 est
754 2360 874 2389 acerba
904 2361 1093 2390 observatio

118 2398 275 2429 inutilium
299 2399 506 2430 traditionum
531 2401 733 2440 requirenda.
769 2401 835 2431 11110
859 2400 982 2432 Paulus
1007 2401 1093 2439 [Gal.

121 2533 165 2561 81)
185 2533 245 2557 Item
266 2532 377 2557 addunt
396 2534 467 2558 Editt.
487 2536 510 2558 7.
530 2536 552 2558 8.
574 2536 678 2559 11—14.
697 2538 722 2559 et
742 2536 799 2564 Opp-

576 118 599 148 Ι.
623 117 725 148 LOCI
747 115 1026 147 THEOLOGICI:
1056 114 1094 146 C.
1120 113 1331 146 SECUNDA
1353 112 1511 144 EORUM
1529 111 1684 143 AETAS.

2061 110 2125 142 518

1139 206 1240 244 2,3.]‚
1265 212 1300 236 ut
1323 205 1508 245 exemplum
1530 204 1689 235 libertatis
1714 203 1914 239 ostenderet,
1938 202 2042 233 noluit
2064 203 2123 232 cir-

1141 249 1326 280 cumcidere
1357 248 1474 278 Titum.
1519 247 1561 278 Et
1591 246 1743 277 Christus
1775 250 1913 276 excusat
1940 244 2124 284 Apostolos

1144 289 1308 322 violantes
1332 290 1550 327 traditionem,
1574 296 1604 319 et
1624 289 1728 329 inquit
1753 286 1883 326 [Matth.
1900 286 1949 324 15,
1965 287 2044 324 14.]:
2068 286 2125 317 Di-

1141 334 1254 364 mittite
1267 334 1314 372 82)
1339 342 1410 369 005,
1434 332 1524 362 00001
1548 337 1635 368 sunt,
1660 337 1691 361 et
1715 331 1816 361 duces
1841 339 2017 360 coecorum
2040 334 2102 359 etc.

1230 374 1296 405 Sed
1319 375 1351 405 in
1381 374 1444 405 hac
1472 374 1546 414 ipsa
1574 384 1610 403 re
1632 379 1741 403 tamen
1767 373 1950 412 cogitemus
1974 371 2124 401 modera-

1143 417 1265 447 tionem
1288 417 1468 457 prodesse3
1492 416 1565 456 quia
1586 416 1682 446 etiam
1702 417 1785 445 inter
1801 414 1917 444 hostes
1937 412 2037 453 aliqui
2050 418 2126 443 sunt

1143 469 1209 489 non
1233 465 1299 489 tam
1322 459 1470 489 irritandi
1493 468 1591 498 quam
1615 456 1858 488 reconciliandi.
1904 455 1945 485 Et
1969 455 2126 485 Christia-

1144 511 1206 532 nos
1231 501 1385 531 convenit
1410 501 1518 530 onmia
1540 510 1600 530 sua
1623 498 1712 530 sacta
1734 509 1801 529 non
1832 498 1874 529 ad
1902 498 2057 538 proprios
2080 494 2127 526 af—

1144 543 1251 574 fectus
1281 549 1337 573 aut
1366 543 1619 574 dominationem
1648 540 1783 579 referre,
1817 541 1877 570 sed
1910 540 1953 570 ad
1986 538 2126 570 aliorum

1143 585 1315 617 utilitatem
1340 591 1372 616 et
1395 584 1533 627 gloriam
1558 583 1691 614 Christi.
1737 582 1832 614 Multi
1855 588 1962 613 autem
1985 582 2127 612 usitatos

1144 638 1254 658 mores
1284 627 1426 664 violant,
1458 637 1525 658 non
1553 632 1589 657 ut
1617 626 1689 657 aliis
1717 626 1845 667 prosint
1880 631 1935 656 aut
1970 625 2129 663 serviant,

1144 676 1199 700 aut
1223 669 1359 700 meliora
1381 669 1514 709 saciant,
1545 670 1604 699 sed
1635 669 1710 709 quia
1734 667 1874 699 delectat
1902 676 1961 698 005
1984 667 2067 698 haec
2091 667 2127 698 li-

1144 713 1267 742 bertas.
1313 712 1386 742 Hoc
1410 712 1616 753 tyrannicum
1639 717 1700 748 051,
1725 718 1935 742 contemnere
1949 720 2057 741 mores
2070 721 2127 750 pu·

1145 753 1252 785 blicos
1282 760 1314 785 et
1342 753 1454 796 legeS,
1491 764 1558 784 non
1592 760 1642 784 est
1675 752 1906 784 Christianum.
1951 752 2127 784 Praeterea

1143 795 1351 837 publicorum
1381 807 1509 828 morum
1537 795 1672 827 violatio
1702 795 1800 827 facile
1830 796 1951 826 excitat
1985 804 2126 836 magnos

1144 839 1320 876 tumultus,
1348 849 1415 870 non
1443 844 1521 869 sunt
1549 844 1659 869 autem
1688 845 1811 869 temere
1833 837 1996 868 excitandi
2019 843 2126 869 motus

1144 887 1206 912 etc.
1252 880 1398 913 Difficile
1429 887 1480 912 est
1509 882 1594 911 enim
1617 887 1734 921 postea
1764 882 1927 912 sustinere
1956 884 2126 913 conscien-

1143 924 1238 961 tiam,
1262 924 1351 964 quod
1376 933 1530 954 caussam
1552 924 1745 963 praebueris
1770 923 1975 964 publicarum
1996 923 2125 955 calami-

1144 972 1256 996 tatum.

1232 1007 1388 1038 Secunda
1410 1006 1537 1049 regula.
1583 1008 1643 1039 Est
1658 1010 1734 1039 etin
1748 1007 1908 1039 Ecclesiis
1927 1013 2018 1038 recte
2035 1007 2126 1037 insti-

1143 1051 1221 1080 tutis
1250 1049 1404 1080 habenda
1440 1049 1588 1081 scandali
1625 1052 1728 1088 ratio,
1760 1061 1801 1081 ne
1830 1057 1943 1082 nostra
1977 1049 2127 1092 exempla

1143 1091 1215 1122 aliis
1239 1098 1397 1127 noceant3
1421 1092 1531 1133 qualia
1554 1098 1640 1130 sunt,
1665 1103 1765 1133 saepe
1778 1092 1946 1135 negligere
1957 1093 2126 1134 publicum

1143 1133 1316 1165 Ecclesiae
1334 1145 1459 1165 morem
1474 1142 1528 1165 aut
1555 1136 1757 1166 ceremonias
1777 1135 1939 1176 publicas,
1963 1146 2002 1166 ac
2026 1136 2126 1177 signi-

1144 1176 1246 1207 ficare
1276 1176 1417 1217 aliquem
1448 1182 1686 1217 contemptum,
1717 1184 1771 1208 aut
1799 1176 1882 1208 alios
1911 1188 1950 1208 eo
1976 1177 2126 1217 exemplo

1144 1218 1400 1259 negligentiores
1433 1220 1590 1255 reddere3
1620 1220 1696 1250 item
1725 1221 1886 1260 praebere
1915 1221 2125 1251 occasionem

1144 1261 1287 1291 dissidiis
1311 1267 1366 1292 aut
1390 1260 1588 1292 factionibus
1614 1263 1684 1292 sine
1706 1264 1896 1293 necessaria
1921 1272 2049 1293 caussa.
2091 1262 2125 1292 Si

1144 1304 1217 1343 quis
1251 1303 1315 1333 hoc
1350 1304 1448 1334 modo
1483 1302 1587 1334 violat
1620 1305 1833 1342 traditiones,
1873 1311 1962 1335 certe
2000 1310 2125 1345 peccat.

1145 1345 1281 1376 Praeter
1304 1344 1387 1376 tales
1418 1345 1567 1377 scandali
1599 1357 1696 1378 casus
1726 1347 1917 1377 traditiones
1943 1346 2125 1388 intelligan-

1142 1393 1196 1418 tur
1219 1397 1294 1418 esse
1316 1386 1452 1419 liberae.
1466 1389 1515 1429 S3)

1226 1429 1321 1461 Hanc
1345 1433 1504 1461 ἐπιείκειαν
1527 1432 1560 1461 10
1583 1432 1813 1464 traditionibus
1839 1434 1978 1464 retinere
1998 1441 2048 1465 est
2065 1435 2124 1466 uti-

1142 1471 1319 1510 lissimum,
1351 1474 1466 1503 retinet
1489 1474 1574 1504 enim
1603 1476 1809 1506 autoritatem
1840 1477 2062 1518 traditionum,
2094 1483 2126 1507 et

1143 1521 1320 1546 conservat
1342 1514 1495 1556 publicos
1519 1526 1628 1547 mores
1653 1528 1692 1548 ac
1717 1517 1938 1559 disciplinam,
1962 1525 1994 1550 et
2017 1525 2125 1550 tamen

1143 1558 1363 1587 conscientias
1404 1557 1460 1588 illa
1499 1560 1601 1589 veteri
1642 1560 1832 1592 carnificina
1871 1559 2004 1598 liberat,
2051 1573 2125 1593 cum

1143 1600 1251 1630 sciunt
1274 1600 1466 1631 traditiones
1490 1611 1545 1631 res
1566 1611 1642 1632 esse
1667 1609 1820 1634 externas
1841 1609 1873 1634 et
1890 1603 2123 1642 indifferentes,

1143 1646 1174 1672 et
1198 1642 1268 1671 sine
1290 1648 1431 1682 peccato
1455 1644 1555 1674 omitti
1580 1655 1683 1685 posse
1714 1652 1804 1677 extra
1829 1657 1941 1678 casum
1965 1645 2122 1678 scandali.

1229 1682 1385 1715 Ceterum
1409 1685 1579 1717 doctrinae
1603 1687 1760 1718 scandala
1784 1688 1939 1723 1111111054)
1964 1690 2123 1730 pernicio-

1141 1726 1229 1756 siora
1255 1732 1349 1763 sunt,
1380 1738 1477 1767 quam
1501 1727 1587 1759 mala
1613 1729 1762 1770 exempla
1786 1731 1818 1761 in
1843 1733 1999 1763 moribus.
2045 1733 2122 1763 ldeo

1140 1778 1267 1798 summa
1290 1767 1457 1809 vigilantia
1485 1772 1668 1802 cavendum
1698 1778 1764 1809 est,
1793 1774 1930 1813 primum
1961 1785 2003 1805 ne
2026 1776 2123 1816 impia

1140 1816 1195 1840 aut
1218 1811 1345 1855 incerta
1367 1818 1422 1842 aut
1452 1811 1573 1843 inutilia
1599 1814 1794 1850 doceamus3
1826 1816 1951 1852 deinde,
1976 1827 2050 1848 011111
2073 1828 2122 1848 10-

1141 1857 1192 1883 cta
1217 1853 1384 1890 docemus,
1409 1864 1450 1884 ne
1473 1855 1516 1885 ita
1541 1855 1679 1886 confuse
1703 1866 1741 1888 ea
1765 1859 1949 1897 tradamus,
1973 1865 2009 1891 nt
2032 1861 2122 1892 audi-

1140 1900 1229 1925 tores
1258 1896 1290 1925 in
1319 1901 1410 1928 tanta
1438 1896 1635 1930 confusione
1670 1899 1774 1931 malas
1804 1902 1975 1941 opiniones
2012 1905 2121 1935 conci-

1138 1938 1236 1977 piant,
1286 1937 1376 1969 Sicut
1408 1941 1567 1977 videmus,
1593 1947 1749 1983 quantum
1772 1943 1895 1975 referat
1919 1946 2041 1976 moneri
2063 1957 2120 1987 po-

1138 1978 1260 2020 pulum,
1274 1986 1435 2020 quatenus
1448 1982 1730 2023 reprehendantur
1742 1985 1903 2017 humanae
1916 1989 2119 2027 traditiones,

1140 2028 1171 2052 et
1194 2032 1310 2053 rursus
1335 2034 1399 2064 quo
1417 2025 1481 2055 fine
1505 2031 1537 2056 et
1550 2027 1591 2056 ad
1605 2037 1700 2067 quem
1721 2038 1814 2059 usum
1838 2029 2027 2060 traditiones
2042 2041 2118 2061 con-

1139 2065 1323 2095 servandae
1354 2072 1453 2107 atque
1484 2069 1643 2099 amandae
1667 2070 1741 2100 sint.
1787 2071 1876 2101 Haec
1900 2072 1961 2102 nisi
1984 2074 2119 2113 proprie

1139 2113 1171 2137 et
1195 2107 1317 2138 diserte
1340 2108 1560 2149 explicentur,
1583 2111 1704 2142 indocti
1731 2119 1950 2154 contemptum
1976 2116 2118 2146 omnium

1139 2147 1251 2191 legum
1275 2156 1307 2180 et
1329 2161 1456 2182 morum
1479 2153 1626 2183 induunt.

1224 2191 1270 2221 Ita
1298 2192 1330 2222 in
1361 2195 1498 2225 caeteris
1529 2195 1674 2226 articulis
1706 2197 1767 2227 nisi
1798 2208 1892 2236 vere,
1923 2202 2055 2241 proprie
2078 2213 2116 2233 ac

1137 2232 1277 2263 dilucide
1306 2234 1527 2275 explicentur,
1557 2239 1719 2279 obrepunt
1748 2242 1984 2280 persuasiones
2020 2243 2116 2276 valde

1135 2275 1364 2316 perniciosae)
1399 2277 1479 2309 Cum
1504 2280 1640 2311 dicimus
1670 2280 1733 2311 fide
1762 2281 1910 2314 homines
1936 2285 2115 2325 iustificari,

1137 2405 1181 2434 82)
1202 2405 1331 2434 Dimittite]
1350 2405 1386 2428 sic
1410 2407 1478 2429 recte
1499 2405 1570 2429 Editt.
1592 2406 1614 2428 12.

1207 2437 1281 2459 —13.
1302 2440 1327 2461 et
1346 2439 1421 2467 Opp.:
1442 2439 1541 2463 Dimitte

1137 2472 1182 2498 83)
1202 2470 1263 2494 Vide
1289 2471 1357 2496 iocos
1382 2472 1566 2501 praecedentes
1597 2474 1632 2497 De
1657 2473 1832 2500 traditionibus
1859 2477 1977 2504 humanis
2002 2480 2039 2510 (p.
2064 2483 2113 2506 510

1206 2504 1277 2534 sqq.)
1299 2507 1323 2528 et
1343 2505 1376 2529 De
1396 2505 1512 2530 libertate
1532 2506 1666 2531 christiana
1680 2509 1777 2537 (p.458
1790 2511 1863 2540 squ).

1138 2537 1182 2563 84)
1204 2537 1299 2568 multo]
1321 2538 1392 2563 Editt.
1411 2540 1433 2562 2.
1453 2540 1475 2563 6.
1495 2541 1543 2569 typ.
1563 2546 1662 2565 errore:
1683 2543 1760 2567 multa

1634 2406 1728 2429 5-7.
1753 2409 1795 2438 1-1'3
1820 2410 1891 2434 Editt.
1914 2412 1934 2435 l.
1952 2413 1976 2435 4.
1997 2413 2019 2436 8.
2040 2414 2062 2436 9.
2084 2416 2112 2437 11

1856 2594 1908 2619 33*
