2358 2933
123 135 205 168 1081
594 132 618 165 Ι.
648 132 751 165 LOCI
773 132 1050 165 THEOLOGIGI:
1079 133 1122 165 D.

122 227 394 271 approbationem
412 236 479 257 non
497 225 616 258 salsam
635 228 858 259 eonscientiae
876 236 943 257 non
961 227 1105 265 sauciae,

122 283 184 304 nec
214 271 305 303 volet
337 270 465 301 iniustis
500 270 607 301 modis
644 269 803 311 colligere
832 270 1106 300 existimationem

121 324 237 347 errore
261 313 415 351 aliorum,
438 311 594 343 videlicet
617 312 719 344 stulto
743 311 905 353 applausu
929 313 1106 343 errantium

122 364 180 389 aut
202 356 455 393 obtrectatione,
478 355 524 385 Ut
545 355 667 386 Fabius
692 362 782 386 recte
805 354 932 385 faciens
956 353 1105 396 gloriam,

122 401 156 431 id
179 406 241 438 est,
264 409 331 430 non
354 397 472 429 falsam
491 399 763 438 approbationem
781 407 862 428 suae
883 398 1106 428 conscientiae

122 443 234 480 habet,
258 441 385 473 etiamsi
409 439 560 481 displicet
583 439 790 471 multitudini.
832 440 924 470 Haec
947 450 1026 470 vera
1049 450 1106 480 ap-

122 486 276 527 probatio
307 484 530 515 conscientiae
564 489 614 514 est
645 493 698 513 res
733 484 821 513 bona
851 487 882 513 et
912 483 1106 523 expetenda,

123 529 200 570 quia
229 533 281 559 est
309 527 451 564 veritas,
485 536 551 557 non
582 526 798 556 mendacium.
844 525 886 555 Et
914 525 1007 556 Deus
1036 524 1104 556 vult

122 580 185 602 nos
209 571 241 601 in
264 570 440 601 iudicando
464 578 603 600 veraces
627 579 715 606 esse,
739 573 775 599 ut
798 567 919 608 loseph
944 569 1040 599 debet
1058 566 1105 598 af-

122 614 255 644 firmare
279 623 315 644 se
338 622 406 643 non
431 613 583 654 attigisse
613 612 786 653 coniugem
817 611 947 642 domini.
994 611 1104 652 s'cipio

123 657 221 688 debet
243 662 355 687 tenere
381 656 557 686 discrimen
579 654 795 686 honestorum
826 660 859 685 et
882 654 1042 694 turpium,
1074 660 1106 684 et

123 709 197 730 cum
221 700 358 739 turpiter
380 697 468 735 fecit,
492 698 589 728 debet
611 698 798 738 improbare
821 695 961 734 factum,
990 702 1021 727 et
1050 697 1105 726 im-

122 742 350 783 probationem
381 741 496 771 ordine
525 740 679 771 divinitus
713 740 809 770 etiam
840 745 977 770 naturae
1005 740 1103 769 insito

122 785 272 825 sequitur
302 784 397 815 dolor
420 784 452 814 in
476 784 586 814 corde.
633 783 761 814 Rursus
792 792 868 814 cum
897 787 987 812 recte
1016 780 1105 819 fecit,

122 828 220 859 debet
238 836 423 868 agnoscere
439 832 529 857 recte
547 825 670 857 factum
686 835 761 856 esse
778 831 810 856 et
824 825 964 855 honeste
982 823 1105 855 factum

122 871 314 902 discernere
343 881 362 901 a
393 869 570 900 contrario.
617 869 774 910 Sequitur
801 873 912 899 autem
941 868 1105 907 approba-

122 914 246 944 tionem
269 918 359 943 recte
382 913 579 943 iudicantem
602 910 726 942 laetitia
746 911 779 941 in
799 911 911 941 corde.
944 910 1035 940 Haec
1054 919 1105 940 sa-

121 956 333 996 pientissimis
354 954 499 986 consiliis
519 955 584 985 Dei
603 955 651 985 sic
671 954 819 985 ordinata
839 958 927 990 sunt,
951 959 986 983 ut
1007 952 1105 983 homo

121 997 283 1039 intelligat
296 999 473 1029 discrimen
485 997 701 1028 honestorum
715 1003 745 1027 et
760 997 913 1036 turpium,
930 1000 963 1025 et
975 996 1049 1026 inde
1062 997 1104 1029 ⁶¹)

122 1042 290 1072 discernat
307 1041 414 1072 Deum
433 1041 475 1071 ab
494 1039 567 1071 aliis
587 1040 714 1070 naturis
734 1045 766 1070 et
784 1043 947 1080 agnoscat
966 1043 1107 1077 peccata

121 1090 155 1115 et
177 1089 272 1125 regat
294 1094 417 1114 1110165.
453 1083 530 1114 Ideo
551 1082 709 1114 Salomon
734 1082 814 1112 dixit
839 1081 949 1118 [Prov.
967 1081 1021 1117 22,
1044 1080 1105 1117 l.]:

120 1125 241 1158 Melius
269 1133 321 1157 est
348 1137 469 1157 nomen
498 1127 636 1162 bonum,
667 1136 764 1166 quam
795 1125 925 1155 divitiae
954 1132 1105 1164 magnae.

120 1168 183 1200 Est
204 1170 303 1210 igitur
326 1168 432 1211 gloria
456 1169 546 1199 iuxta
568 1168 654 1198 hanc
677 1178 789 1199 veram
809 1166 1029 1197 definitionem
1052 1176 1106 1196 res

121 1213 209 1243 bona
227 1218 259 1243 et
278 1212 473 1253 appetenda.
516 1211 557 1241 Et
577 1211 698 1241 dictum
717 1210 895 1251 Augustini
915 1210 957 1239 sit.
976 1214 1106 1239 notum:

120 1255 217 1286 Bona
236 1255 441 1286 conscientia
458 1253 536 1285 mihi
556 1263 639 1293 opus
659 1258 710 1283 est
729 1258 864 1291 propter
877 1251 995 1288 Deum,
1020 1252 1107 1281 bona

121 1295 209 1328 sama
221 1299 266 1337 62)
291 1303 427 1336 propter
449 1297 644 1336 proximum.
685 1294 871 1334 Diligenter
893 1299 1002 1324 autem
1029 1303 1106 1324 0011-

120 1339 333 1369 siderandum
357 1344 420 1373 est.
445 1338 534 1378 quod
556 1339 589 1367 in
614 1336 805 1367 definitione
828 1337 948 1366 mentio
971 1335 1005 1366 fit
1026 1336 1107 1365 recti

120 1382 242 1413 iudicii.
270 1381 333 1411 Hic
349 1379 451 1411 multa
470 1379 799 1420 comprehenduntur.
831 1378 1023 1409 Alexander
1040 1388 1107 1408 non

121 1431 212 1455 recte
240 1424 360 1454 iudicat
393 1423 561 1463 cogitans,
592 1432 630 1452 56
658 1428 767 1452 tantas
795 1421 952 1452 victorias
984 1420 1107 1451 habere

121 1467 192 1497 suis
216 1466 409 1501 virtutibus,
438 1471 470 1495 et
492 1474 559 1495 non
588 1470 677 1495 recte
701 1463 807 1494 Deum
837 1464 1016 1500 invocans,
1044 1473 1107 1493 1160

121 1509 351 1550 gratitudinem
371 1507 444 1538 Deo
469 1507 660 1543 ostendens,
695 1506 755 1537 sed
774 1511 908 1546 propter
927 1515 1106 1536 successus

121 1561 255 1582 sumens
280 1551 342 1581 sibi
365 1549 529 1581 licentiam
553 1550 696 1580 omnium
721 1548 901 1586 scelerum,
930 1554 961 1578 et
987 1549 1106 1578 iniuste

121 1593 205 1625 alios
230 1595 418 1634 opprimens
444 1599 506 1624 etc.
547 1592 645 1623 Errat
668 1593 787 1623 iudicio
811 1597 843 1622 et
866 1590 942 1632 plus
967 1591 1029 1622 sibi
1052 1592 1106 1622 tri-

121 1638 201 1674 buit,
225 1647 324 1678 quam
349 1637 501 1667 debebat.
536 1635 719 1666 Thrasonis
739 1634 867 1665 vanitas
890 1632 1008 1664 melius
1029 1643 1106 1664 con-

121 1680 204 1722 spici
228 1685 356 1720 potest,
386 1679 441 1719 qui
457 1680 500 1716 63)
524 1689 590 1709 11011
615 1684 706 1709 recte
728 1677 869 1714 iudicat,
899 1677 974 1717 quia
996 1676 1107 1717 palam

121 1724 276 1754 mentitur
298 1722 496 1762 praedicans
521 1722 560 1751 (16
584 1731 621 1752 56
646 1719 740 1752 falsa.
783 1720 851 1750 Sed
874 1719 994 1760 loseph
1017 1725 1107 1750 recte

121 1766 253 1803 iudicat,
277 1770 388 1795 servat
411 1765 496 1795 enim
520 1764 677 1802 ordinem,
702 1764 763 1794 scit
787 1772 965 1803 personam
988 1763 1107 1793 iustam

121 1818 199 1839 6556
228 1818 288 1849 per
317 1807 575 1838 misericordiam
604 1813 742 1847 propter
770 1806 970 1846 promissum
994 1805 1106 1835 Domi-

122 1861 209 1882 num.
255 1850 384 1881 Deinde
415 1850 476 1881 5011
506 1850 538 1880 111
565 1849 630 1880 1100
659 1848 804 1890 periculo
834 1855 866 1879 et
895 1849 927 1878 in
959 1847 1009 1878 his
1037 1847 1106 1878 ille-

123 1894 232 1924 cebris
257 1904 315 1924 cor
339 1903 433 1924 suum
456 1903 475 1922 a
493 1892 567 1923 Deo
591 1892 818 1923 confirmatum
843 1900 929 1928 esse,
953 1898 985 1922 et
1004 1902 1105 1932 agno-

123 1937 186 1967 scit
208 1935 316 1967 Deum
341 1945 418 1966 6556
442 1934 567 1965 fontem
583 1937 626 1970 ⁶⁴)
649 1934 747 1966 huius
771 1935 847 1965 boni
872 1940 903 1964 et
927 1935 956 1964 ei
980 1935 1104 1975 gratias

122 1979 209 2020 agit,
245 1984 364 2018 postea
387 1976 546 2014 asfimnat,
577 1979 666 2019 quod
690 1988 744 2008 res
769 1984 837 2014 est,
867 1987 904 2008 se
932 1987 998 2007 non
1029 1987 1106 2008 6556

122 2021 317 2052 adulterum.
353 2020 408 2051 Sic
428 2020 485 2050 Iob
505 2027 596 2051 16016
615 2021 748 2058 iudicat,
772 2031 846 2051 cum
866 2021 909 2050 ait
930 2030 967 2051 56
986 2020 1105 2051 1115111111

123 2065 378 2105 gubernatorem
396 2062 510 2094 fuisse.
539 2063 710 2103 Expresse
722 2069 833 2094 autem
847 2069 1019 2104 utramque
1032 2074 1106 2104 pro-

123 2107 319 2146 positionem
341 2107 474 2143 recitat,
505 2105 549 2136 ait.
578 2115 614 2136 56
644 2116 709 2136 11011
740 2116 816 2136 6556
846 2106 966 2137 1115111111
996 2116 1107 2137 corani

122 2148 215 2187 Deo,
245 2155 276 2180 et
304 2159 420 2180 rursus
449 2149 551 2190 inquit
579 2158 616 2179 se
646 2149 767 2179 iustum
797 2159 873 2180 6556
904 2155 936 2180 61
963 2150 1047 2180 111516
1062 2151 1106 2189 ⁶⁵)

122 2190 257 2223 fecisse.
308 2192 383 2223 Non
414 2197 464 2222 651
494 2194 581 2222 iusta
609 2201 752 2232 persona
785 2198 922 2232 propter
954 2193 1105 2233 proprias

122 2235 278 2278 virtutffi,
313 2235 372 2266 sed
400 2241 535 2276 propter
557 2233 800 2272 Redemtorem,
831 2245 926 2276 quem
949 2236 1104 2267 nominat.

121 2380 168 2410 61)
186 2381 256 2413 inde]
279 2383 351 2414 corp.
370 2384 393 2406 2.
414 2383 435 2409 4.
455 2384 547 2409 deinde

120 2431 168 2461 62)
187 2432 267 2464 fama]
288 2434 331 2459 Ed.
353 2435 391 2458 16.
412 2436 567 2461 conscientia
586 2437 700 2466 (errore
718 2436 841 2468 typam]

121 2482 167 2513 63)
185 2483 238 2515 qui]
258 2484 331 2510 Editt.
354 2486 459 2511 16-19.
479 2488 518 2512 22.
539 2487 578 2510 23.
597 2488 655 2518 quia

121 2533 168 2564 64)
187 2541 246 2560 esse
265 2535 375 2568 fontem]
394 2538 466 2563 Editt.
488 2539 528 2562 22.
549 2538 712 2563 2128ᾈ34.
732 2539 829 2564 fontem
850 2546 907 2564 esse

120 2584 167 2616 65)
186 2586 264 2617 iuste]
283 2584 355 2613 Editt.
378 2588 485 2613 16—20.
506 2589 546 2613 23.
566 2589 683 2620 25—27„
702 2590 756 2615 Des.
782 2591 800 2615 1.
821 2591 845 2614 2.
868 2591 931 2615 iusta

1145 132 1305 165 TERTIA
1326 133 1482 165 EORUM
1504 133 1660 165 AETAS.
2045 136 2126 168 1082

1146 226 1277 258 Deinde
1316 228 1349 258 in
1386 226 1601 259 reconciliato
1640 227 1748 269 placet
1786 228 1973 259 obedientia
2006 231 2127 265 61666)

1148 270 1232 301 Hinc
1260 276 1408 301 sumatur
1436 276 1468 301 et
1498 271 1574 301 dicti
1603 270 1778 311 explicatio
1811 271 1853 308 [1.
1878 270 1956 302 Cor.
1982 271 2016 309 1,
2042 271 2126 309 314:

1149 312 1211 348 Qui
1231 311 1401 354 gloriatur,
1424 314 1456 343 in
1476 313 1618 343 Domino
1638 313 1808 355 glorietur,
1832 312 1959 345 50111061
1977 314 2018 344 de
2038 314 2128 345 lusti-

1148 355 1318 393 ficatione,
1350 357 1433 386 sicut
1462 356 1505 386 ibi
1529 355 1653 387 Paulus
1679 356 1833 397 loquitur.
1880 356 2074 397 Quanquam
2098 363 2128 387 et

1148 397 1344 439 generaliter
1364 408 1442 429 vere
1465 400 1508 429 ita
1532 399 1660 435 (11011111,
1684 400 1812 439 quoties
1833 400 1873 429 de
1892 398 2128 440 principalibus

1149 442 1278 472 caussis
1312 442 1470 472 bonarum
1498 451 1607 472 rerum
1638 443 1817 483 cogitatur,
1847 441 1889 472 Ut
1919 441 2039 483 loseph
2069 442 2129 472 scit

2020 484 2130 515 David

1149 493 1186 514 se
1209 494 1229 514 a
1252 483 1324 514 Deo
1347 484 1495 514 adiutum
1518 494 1595 514 esse
1619 484 1651 514 in
1674 485 1795 515 tuenda
1819 485 1980 515 castitate.

1126 554 1127 557 ,
1149 527 1211 556 5011
1230 536 1266 557 56
1285 527 1428 557 adiutum
1448 536 1536 564 esse,
1556 536 1628 557 011111
1640 525 1805 557 interfecit
1818 525 1962 564 Goliath,
1976 534 2006 558 et
2020 533 2128 557 tamen

1149 569 1189 599 dc
1212 568 1331 600 effectu
1353 579 1431 599 vere
1454 568 1596 599 affirmat
1614 568 1733 610 loseph
1757 579 1794 600 se
1817 580 1882 600 11011
1906 580 1982 600 6556
2005 569 2130 600 adulte-

1149 622 1230 642 rum.
1264 611 1354 642 Haec
1377 612 1550 652 integritas
1574 613 1797 642 conscientiae
1821 618 1872 642 651
1894 611 2003 653 aliqua
2023 612 2130 654 gloria

1149 660 1182 685 et
1204 664 1259 684 rcs
1284 655 1380 684 bona.
1423 654 1533 688 Quare
1557 660 1589 684 et
1613 653 1829 695 tranquillitas
1854 656 1963 685 cordis
1988 665 2059 686 eam
2078 664 2129 685 56-

1150 697 1258 738 quitur
1282 697 1396 727 ordine
1419 697 1539 727 divino.

1234 738 1373 770 TIMOR
1397 745 1448 770 est
1471 739 1608 770 affectus
1625 741 1680 777 67),
1704 740 1758 781 qui
1778 750 1881 771 sensu
1899 740 2076 781 percipitur
2098 740 2129 770 in

1150 783 1268 819 corde,
1300 789 1331 812 et
1359 788 1410 812 est
1432 780 1512 824 suga
1536 783 1699 813 venientis
1723 781 1799 813 mali
1824 793 1898 814 cum
1922 781 2036 813 dolore
2059 793 2130 813 cor·

1150 825 1210 862 dis,
1237 825 1323 865 quod
1348 826 1392 855 ita
1416 825 1582 855 conditum
1606 831 1674 862 est,
1696 831 1731 855 ut
1754 824 1808 856 vel
1831 824 1954 856 laetitia
1978 826 2019 856 sit
2040 826 2130 856 inco-

1148 866 1234 898 lume
1254 866 1307 897 vel
1326 867 1442 898 dolore
1467 877 1693 908 compressum
1713 868 1912 906 destruatur,
1936 869 2012 909 quia
2030 866 2131 898 voluit

1148 910 1241 940 Deus
1260 909 1311 940 his
1324 912 1367 947 GE)
1392 910 1534 941 diversis
1558 910 1729 941 affectibus
1753 911 1783 941 in
1810 916 1961 941 creatura
1978 909 2130 942 rationali

1149 953 1325 983 ostendere
1353 963 1448 984 suum
1478 953 1647 991 iudicium,
1679 954 1768 994 quod
1797 959 1908 984 servet
1938 954 2130 984 obedientes

1150 1001 1181 1026 et
1205 996 1351 1026 destruat
1375 1002 1603 1033 contumaceS,
1634 1002 1666 1026 et
1689 994 1758 1026 vult
1780 997 1873 1036 ipsos
1896 996 2032 1028 affectus
2057 1006 2131 1026 exe-

1150 1043 1282 1068 cutores
1307 1048 1383 1069 6556
1406 1038 1502 1069 huius
1527 1039 1577 1068 5111
1605 1039 1729 1076 iudicii,
1762 1040 1838 1080 quia
1860 1038 1929 1070 Lex
1958 1040 2029 1070 sine
2057 1048 2131 1070 exe-

1150 1080 1280 1111 cutione
1305 1087 1394 1111 esset
1418 1081 1522 1111 inanis
1546 1081 1684 1112 sonitus,
1729 1081 1821 1112 Haec
1848 1082 1987 1122 primum
2014 1082 2046 1112 in
2075 1092 2131 1123 ge-

1148 1133 1228 1153 nere
1253 1123 1292 1153 (le
1315 1124 1431 1154 timore
1456 1124 1723 1162 considerentur,
1752 1130 1788 1155 ut
1810 1123 1976 1155 vocabulo
2006 1125 2132 1155 timoris

1150 1167 1257 1196 sciant
1275 1166 1421 1196 iuniores
1441 1165 1622 1207 significari
1642 1176 1707 1197 non
1728 1167 1869 1197 otiosam
1886 1168 2131 1208 cogitationem,

1149 1208 1209 1239 sed
1231 1218 1327 1238 acres
1351 1215 1472 1245 motus,
1497 1209 1551 1249 qui
1574 1210 1606 1238 in
1631 1209 1731 1239 corde
1753 1210 1988 1249 percipiuntur.

1235 1250 1374 1281 TIMOR
1393 1250 1593 1281 SERVILIS
1618 1257 1668 1281 est
1692 1262 1914 1292 expavescere
1938 1262 2041 1283 sensu
2064 1253 2132 1283 irae

1148 1292 1210 1323 Dei
1234 1299 1266 1323 et
1289 1304 1471 1333 poenarum
1495 1294 1566 1323 sine
1590 1292 1665 1331 fide,
1689 1300 1720 1324 et
1744 1295 1775 1324 in
1798 1293 1862 1325 hoc
1886 1293 2051 1326 horrendo
2075 1296 2131 1326 do-

1149 1335 1221 1366 lore
1250 1334 1366 1377 fugere
1393 1336 1520 1373 Deum,
1559 1336 1645 1367 sicut
1675 1335 1804 1378 fugiunt
1835 1336 1933 1374 Saul,
1968 1337 2064 1369 Iudas
2100 1344 2131 1369 61

1149 1377 1282 1409 similes.

1236 1420 1374 1452 TIMOR
1401 1420 1586 1453 FILIALIS
1617 1422 1649 1452 in
1680 1421 1868 1454 hominibus
1900 1423 1932 1453 in
1961 1422 2024 1454 hac
2053 1424 2131 1461 vita,

1149 1468 1200 1493 est
1223 1464 1319 1493 timor
1343 1465 1540 1495 coniunctus
1566 1475 1639 1495 cum
1662 1464 1742 1496 Fide
1758 1466 1822 1506 69),
1857 1466 1890 1496 id
1918 1472 1986 1503 est,
2017 1473 2068 1497 est
2099 1468 2130 1497 in

1149 1516 1228 1536 vero
1253 1505 1368 1537 dolore
1392 1507 1474 1548 erigi
1499 1507 1666 1548 agnitione
1695 1508 1943 1539 misericordiae
1965 1508 2029 1540 Dei
2057 1520 2131 1550 pro-

1148 1555 1221 1589 pter
1250 1547 1365 1579 Filium
1395 1551 1579 1589 promissae
1595 1553 1638 1587 ⁷⁰)
1674 1556 1705 1581 et
1734 1561 1815 1582 vera
1847 1552 2054 1583 invocatione
2089 1553 2131 1583 ad

1148 1591 1256 1622 Deum
1279 1592 1454 1630 accedere,
1479 1593 1568 1633 quod
1592 1604 1665 1624 cum
1689 1593 1735 1631 fit,
1762 1594 1893 1625 subiicit
1917 1604 1952 1624 se
1977 1605 2034 1626 cor
2058 1594 2130 1626 Deo

1148 1644 1228 1664 vera
1246 1635 1442 1672 reverentia,
1466 1642 1496 1665 et
1515 1646 1580 1666 non
1600 1635 1670 1667 vult
1690 1646 1763 1667 eum
1783 1636 1961 1668 offendere.
1996 1637 2048 1668 De
2068 1637 2131 1669 hoc

1149 1677 1264 1707 timore
1289 1678 1405 1709 dicitur
1431 1677 1545 1716 [Prov.
1572 1679 1600 1716 1,
1626 1680 1685 1719 7.];
1720 1679 1830 1710 Τ111101
1853 1679 1985 1711 Domini
2008 1681 2131 1711 initium

1150 1721 1341 1760 sapientiae.
1388 1720 1466 1751 Item
1496 1720 1723 1752 Ecclesiastici
1751 1721 1865 1753 ultimo
1897 1722 2131 1760 [Ecclesiastes

1151 1762 1201 1800 12,
1216 1762 1296 1801 13.]:
1321 1763 1428 1793 Deum
1448 1765 1524 1794 time
1545 1770 1575 1794 et
1595 1765 1748 1795 mandata
1767 1765 1837 1796 eius
1858 1767 2012 1797 observa.
2039 1766 2131 1796 Haec

1149 1806 1191 1835 sit
1211 1804 1325 1847 regula
1345 1806 1494 1837 omnibus
1514 1805 1710 1838 hominibus.
1746 1807 1780 1838 ln
1800 1807 1920 1839 talibus
1941 1809 2038 1840 dictis
2060 1808 2131 1849 plu-

1149 1849 1237 1879 rimis
1261 1848 1373 1879 Timor
1396 1849 1559 1891 significat
1583 1861 1722 1890 prorsus
1745 1851 1831 1881 idem
1859 1852 1945 1892 quod
1970 1862 2070 1882 verus
2101 1858 2131 1882 et

1148 1901 1215 1922 non
1239 1890 1411 1923 simulatus
1436 1891 1544 1923 cultus
1566 1892 1646 1931 Dei,
1671 1899 1701 1924 et
1725 1892 1923 1935 intelligatur
1945 1893 1998 1925 hic
2022 1893 2131 1925 cultus

1149 1945 1209 1965 seu
1231 1935 1328 1965 timor
1351 1935 1391 1965 de
1416 1935 1591 1966 universali
1621 1937 1816 1967 obedientia.
1870 1936 1961 1967 Haec
1991 1936 2129 1977 simplex

1149 1975 1327 2008 declaratio
1346 1978 1487 2008 nominis
1507 1980 1699 2010 necessaria
1719 1985 1770 2010 est
1786 1980 1827 2010 ad
1840 1978 2015 2011 multorum
2030 1981 2130 2010 dicto—

1149 2031 1219 2050 rum
1233 2019 1494 2061 explicationem.
1524 2021 1558 2052 ln
1571 2021 1721 2063 Epistola
1734 2022 1863 2053 loannis
1883 2022 2001 2053 dieitur'
2021 2023 2064 2061 [l.
2079 2033 2129 2064 ep.

1148 2064 1178 2101 4,
1201 2063 1283 2101 18.]:
1319 2062 1475 2094 Perfecta
1498 2063 1630 2096 dilectio
1650 2064 1740 2096 foras
1759 2064 1852 2105 pellit
1871 2066 2031 2096 timorem.
2070 2066 2130 2097 Hic

1148 2107 1188 2137 de
1211 2107 1327 2137 timore
1351 2105 1462 2137 servili
1492 2108 1625 2146 dicitur,
1656 2119 1720 2150 quo
1752 2118 1811 2138 cor
1839 2107 1987 2139 horribili
2015 2107 2130 2139 dolore

1149 2148 1230 2191 fugit
1249 2149 1367 2188 Deum,
1392 2156 1426 2181 ut
1453 2151 1655 2191 experientia
1679 2151 1822 2183 ostendit
1845 2151 1875 2182 in
1900 2152 2050 2182 onmibus
2073 2151 2129 2181 ho-

1149 2281 1194 2313 66)
1216 2284 1262 2307 etc.
1283 2282 1364 2307 abes!
1381 2288 1400 2307 α
1419 2282 1491 2312 Corp.
1513 2282 1593 2312 1—-8„
1612 2282 1672 2313 opp.
1696 2283 1716 2304 1.
1738 2282 1760 2305 2.

1149 2333 1194 2364 67)
1215 2335 1258 2393 estt
1273 2333 1401 2363 affertus‚]
1421 2333 1491 2358 Editt.
1514 2333 1621 2356 16-20,
1643 2334 1683 2356 23.
1703 2333 1827 2364 25-27.,
1859 2334 1913 2360 Des.
1936 2334 1956 2356 1.
1978 2334 2000 2356 2.
2021 2335 2129 2360 affectus

1219 2374 1247 2393 es

1149 2419 1194 2449 68)
1215 2419 1265 2449 his]
1285 2419 1357 2450 Corp.
1378 2419 1401 2442 2.
1422 2420 1443 2444 -1,
1464 2420 1487 2444 111
1507 2420 1545 2444 his

1149 2470 1193 2499 69)
1214 2471 1237 2495 in
1257 2471 1416 2496 hominibus.
1440 2489 1444 2493 .
1465 2488 1471 2494 .
1491 2470 1569 2503 Fide‚]
1591 2470 1664 2497 Editt.
1686 2472 1792 2496 16—19.
1814 2472 1921 2496 22—24.
1943 2471 2057 2496 26-34..
2076 2472 2130 2497 Dos.

1220 2506 1240 2529 1.
1260 2508 1298 2529 est
1318 2507 1393 2529 timor
1412 2512 1467 2530 cum
1489 2506 1545 2533 fide,

1149 2556 1194 2587 70)
1214 2555 1367 2587 promissae]
1406 2557 1479 2581 Editt.
1501 2556 1618 2583 16-20,
1638 2559 1758 2582 22-27.
1780 2558 1821 2581 30,
1841 2558 1891 2587 34„
1918 2557 1971 2583 Des.
1992 2558 2012 2581 1.
2032 2557 2054 2579 2.
2075 2563 2129 2586 pro-

1218 2591 1332 2620 missum,
1352 2591 1425 2616 Editt.
1446 2592 1486 2616 23.
1507 2592 1548 2616 29.
1569 2594 1723 2623 promissam
