2358 2933
208 96 286 128 1057

201 192 301 227 bium,
335 200 376 221 an
411 191 451 221 sit
479 189 583 221 Deus.
629 190 872 222 Demosthenes
901 192 998 230 dtxit,
1032 191 1171 223 Duabus

199 234 296 263 rebus
317 232 466 264 homines
491 233 559 264 fieri
579 232 701 264 similes
725 233 811 271 Deo,
841 233 989 265 Vei-itate
1012 241 1043 265 et
1066 234 1172 265 Bene-

198 277 338 306 ticentia.
386 275 425 306 Et
449 276 488 306 sit
519 277 551 306 in
574 283 755 316 conspectu
779 277 899 308 dictum
922 276 1103 309 Zachariae
1128 277 1171 314 18,

200 318 278 355 194:
304 317 438 358 Diligite
457 319 626 348 veritatem
650 325 680 349 et
704 328 827 358 pacem.

282 360 565 391 SL‘PERsTlTit)
590 367 638 391 cst
663 362 852 391 observatio
877 362 956 392 certi
980 367 1094 403 gestus
1117 367 1173 392 aut

197 404 339 434 tribuere
373 402 524 433 effectum
558 404 684 445 gratiae
719 409 773 434 aut
799 405 984 435 mutationis
1009 403 1171 435 naturalis

198 446 242 475 rei
263 453 316 476 aut
337 446 443 486 gestui
468 446 538 475 sine
561 447 714 476 mamiato
740 446 849 476 divino
873 452 927 477 aut
952 448 1023 477 sine
1043 447 1171 477 caussis

196 487 352 529 physicis.
398 487 457 518 Hic
480 498 546 518 nou
571 489 685 518 dicitur
709 489 749 518 de
772 487 913 529 politicis
933 490 1094 529 gestibus,
1118 490 1172 530 qui

196 538 268 561 sunt
295 530 552 571 significationes
577 532 648 561 sinc
672 532 916 571 superstitione,
939 538 973 562 ut
997 543 1071 563 cum
1089 531 1172 573 Regi

196 574 371 613 imponitur
395 572 538 604 Corona.
561 583 626 603 non
651 573 684 603 fit
705 572 863 604 naturalis
887 575 1035 611 mutatio,
1055 575 1114 605 scd
1138 575 1173 605 tit

196 616 393 658 significatio
407 616 448 645 ad
462 615 805 646 commouefiiciendos
829 615 913 647 alios
934 618 974 647 de
993 617 1172 648 distinctio-

197 669 236 689 ne
261 658 408 688 ordinum
429 664 459 688 et
484 659 524 689 de
548 658 664 689 officiis
688 665 750 689 etc.

281 699 495 731 ECCLEstA
520 700 718 732 vlSiffllAs
742 708 792 731 est
817 707 931 732 coetus
951 700 1090 732 visibilis
1114 701 1171 732 ho-

194 745 315 774 minum
337 742 602 783 amplectentium
625 743 1029 785 incorruptamEvangelii
1053 744 1172 775 doctri-

197 797 269 816 nam
299 793 329 816 et
362 792 451 816 recte
475 787 632 816 utentium
655 786 895 824 SacramentiS,
930 788 962 816 in
986 797 1051 827 quo
1075 792 1172 817 coetu

197 827 296 859 Filius
320 828 381 859 Dei
416 835 464 858 est
489 827 607 859 efficax
628 839 686 869 per
708 829 921 859 ministerium
945 828 1117 870 Evangelii
1141 835 1173 860 et

196 870 316 902 multos
351 877 524 912 regenerat
558 872 599 901 ad
635 872 733 902 vitam
767 876 952 908 aeternam,
986 882 1172 913 quanquam

195 921 269 944 sunt
284 915 367 944 ineo
392 919 487 944 coetu
511 912 608 944 etalii
632 913 721 945 multi
746 924 811 944 non
836 915 954 951 sancti,
979 914 1038 945 sed
1063 920 1171 945 tamen

195 958 234 987 de.
270 956 418 987 doctrina
453 964 482 986 et
514 963 652 987 externa
680 955 888 996 professione
913 957 1170 987 consentientes.

198 1000 287 1029 llaec
312 1005 361 1029 est
392 997 629 1039 simplicissima
655 999 800 1029 delinitio
824 998 961 1029 visibilis
985 998 1170 1029 Ecclesiae.

280 1041 467 1072 REGNUM
492 1040 663 1072 CHRISTI
684 1047 751 1079 est,
782 1040 898 1072 Filium
916 1041 979 1072 Dei
1003 1042 1171 1072 instituere

196 1092 224 1115 et
252 1094 452 1115 conservare
475 1084 688 1115 ministerium
708 1083 892 1125 Evangelii,
928 1083 1086 1126 colligere
1109 1083 1171 1114 Ec-

195 1127 329 1158 clesiam
353 1134 383 1157 et
407 1137 484 1157 vere
507 1125 677 1157 efficacem
702 1137 779 1157 esse
803 1128 834 1157 in
858 1127 1088 1164 credentibus,
1112 1136 1170 1157 eos

197 1169 362 1200 vivificare
387 1180 470 1200 voce
492 1168 663 1211 Evangelii
678 1172 722 1210 90)
758 1176 789 1200 et
818 1170 1027 1201 sanctificare
1049 1170 1172 1210 Spiritu

196 1219 313 1243 sancto
347 1213 389 1243 ad
422 1213 521 1243 vitam
554 1218 739 1250 aeternam,
775 1210 951 1243 defendere
975 1222 1033 1243 eos
1058 1218 1172 1243 contra

197 1255 400 1297 tyrannidem
423 1254 636 1285 Diabolorum
671 1260 701 1285 et
734 1264 858 1295 organa
880 1253 1107 1292 Diabolorum,
1142 1260 1173 1284 et

196 1304 311 1339 postea
346 1298 547 1328 resuscitare
570 1297 711 1327 Sanctos
736 1298 777 1328 ad
804 1298 903 1328 vitam
926 1302 1105 1333 aeternam,
1141 1302 1171 1327 et

196 1341 325 1371 tradere
348 1350 483 1381 regnum
506 1339 611 1376 Patri,
646 1340 677 1370 id
706 1346 773 1376 est,
808 1339 974 1370 adducere
996 1346 1173 1376 aeternam,

197 1381 380 1413 Ecclesiam
415 1383 455 1412 ad
490 1388 658 1412 aeternum
682 1381 811 1412 Patrem
836 1391 964 1418 coram,
998 1388 1033 1411 ut
1056 1387 1173 1421 postea

198 1432 310 1466 regnet
335 1427 367 1455 in
391 1426 438 1455 eis
458 1425 610 1455 divinitas
628 1423 754 1464 palam,
790 1434 855 1453 non
878 1433 937 1464 per
960 1423 1173 1453 ministerium

197 1467 378 1509 Evangelii.
447 1467 563 1498 Donec
604 1467 688 1497 enim
729 1465 835 1496 adhuc
869 1476 928 1507 per
962 1465 1173 1495 ministerium

197 1509 368 1552 Evangelii
403 1509 568 1552 colligitur
591 1508 760 1546 Ecclesia,
796 1509 914 1539 dicitur
947 1507 1012 1538 hoc
1036 1518 1173 1549 regnum

198 1553 320 1583 Finisti
344 1554 375 1584 in
399 1552 462 1583 hac
487 1554 562 1591 vita,
582 1553 658 1594 quia
681 1551 801 1589 filius,
826 1552 879 1592 qui
903 1556 954 1581 est
977 1551 1074 1590 λόγος,
1097 1560 1172 1590 pro-

198 1595 259 1627 sert
282 1595 498 1638 Evangelium
532 1606 571 1626 ex
605 1596 678 1626 sinu
714 1595 836 1625 aeterni
860 1593 984 1632 Patris,
1019 1599 1051 1624 et
1075 1592 1173 1623 Pater

198 1639 408 1680 agnoscitur,
443 1649 516 1668 cum
548 1639 580 1668 in
603 1639 674 1678 ipsa
698 1636 925 1667 consolatione
947 1636 1170 1678 agnoscimtffi,

197 1693 257 1712 nos
289 1682 329 1711 ab
365 1688 500 1711 aeterno
534 1680 633 1711 Patre
666 1681 769 1720 recipi
808 1685 991 1710 monstrato
1012 1681 1055 1715 9¹)
1090 1688 1172 1708 voce

198 1723 430 1764 Evangelii,⁹²1
466 1730 497 1754 et.
527 1730 632 1754 tamen
656 1722 725 1753 Filii
760 1733 896 1764 regnum
925 1728 975 1752 est
994 1727 1172 1756 aeternum,

198 1768 271 1807 quia
294 1768 326 1797 in
350 1772 416 1797 tota
435 1767 627 1797 aeternitate
650 1764 745 1796 simui
769 1776 841 1795 cum
866 1764 964 1795 Patre
989 1770 1021 1795 et
1051 1764 1173 1804 Spiritu

198 1817 314 1840 sancto
338 1816 452 1849 regnat
476 1815 508 1839 et
530 1815 637 1839 manet
659 1815 755 1848 caput
778 1806 960 1838 Ecclesiae.

283 1850 492 1882 MlNlS'l‘ER
503 1850 746 1881 EVANGELll
759 1857 809 1882 est
822 1860 965 1891 persona
983 1849 1134 1880 ordinata
1153 1859 1173 1878 a

201 1895 271 1925 Deo
285 1895 425 1925 mediate
442 1900 473 1924 et
491 1892 544 1924 vel
556 1894 747 1931 immediate,
766 1893 807 1923 ad
827 1893 1010 1923 docendum
1023 1892 1173 1933 Evange-

199 1936 274 1967 lium
287 1944 318 1968 et
333 1938 372 1967 -zd
387 1937 674 1967 Sacramentorum
687 1936 1010 1972 administrationem,
1024 1935 1108 1965 etad
1120 1944 1174 1975 pu-

199 1980 348 2010 niendum
373 1980 488 2016 verbo,
512 1989 576 2009 non
602 1979 633 2008 vi
658 1977 833 2018 corporali.

285 2021 599 2052 MAGlSTRATUs
634 2020 863 2051 POLlTlCUS
897 2026 948 2051 est
976 2030 1122 2060 persona
1156 2029 1175 2049 a

200 2066 271 2096 Deo
297 2065 445 2095 ordinata
468 2065 607 2094 mediate
631 2063 685 2094 vel
708 2064 908 2100 immediate,
932 2069 967 2093 ut
989 2063 1031 2093 sit
1054 2073 1119 2093 vox
1143 2068 1174 2092 et

198 2114 356 2139 executor
369 2107 470 2148 Legis
495 2107 624 2137 divinae
648 2107 679 2136 in
703 2112 837 2137 externa
861 2104 1033 2146 disciplina
1056 2112 1087 2136 et
1099 2103 1172 2135 alia-

198 2161 269 2181 rum
293 2149 503 2180 honestarum
527 2149 662 2189 Legum,
686 2154 718 2179 et
741 2150 783 2179 Sit
806 2154 919 2179 custos
941 2149 1046 2189 pacis,
1071 2154 1104 2178 et
1127 2157 1176 2177 re-

199 2194 315 2234 primat
334 2203 373 2223 ac
397 2193 507 2233 puniat
519 2194 562 2224 ⁹3)
594 2197 805 2222 contumaces
830 2192 861 2222 vi
881 2190 1057 2232 corporali,
1081 2188 1175 2221 bellis

199 2288 244 2315 ⁴³0)
265 2293 324 2311 vnce
345 2287 475 2316 Evangelii
493 2287 595 2312 absunt
613 2287 648 2312 ab
666 2287 737 2312 Editt.
760 2286 868 2309 16-19.
889 2286 930 2309 22.
952 2285 1000 2315 23„
1019 2284 1074 2310 Des.
1098 2285 1117 2308 l.

199 2339 244 2364 91)
266 2337 416 2368 monstrato]
439 2338 511 2362 Editt.
532 2338 571 2360 24.
592 2337 710 2367 ‘26—34.,
730 2338 801 2368 corp.
824 2338 897 2360 1—8.
916 2338 1057 2361 monstrata

649 2389 777 2417 Evangelii
798 2388 900 2414 absunt
918 2388 953 2413 ab
972 2387 1044 2412 Editt.
1068 2385 1175 2409 16-19,

200 2390 244 2415 2³2)
265 2393 288 2413 et
309 2390 384 2414 Pater
401 2382 548 2418 agnoscitur
567 2407 571 2411 .
593 2406 598 2410 .
619 2408 623 2413 .

268 2423 315 2448 ΞΒ..
335 2423 388 2448 Def.
412 2425 430 2447 l.

200 2476 244 2504 μδ)
265 2477 289 2497 et
309 2475 429 2504 reprimat
448 2480 477 2498 ac
495 2473 593 2504 puniat]
622 2473 694 2498 Editt.
716 2472 754 2496 16.
774 2474 814 2496 20.
835 2473 874 2495 21.
896 2472 946 2502 25.⁷
966 2472 1037 2502 Corp.
1061 2472 1072 2494 1
1094 2483 1125 2487 ——
1145 2471 1176 2500 8..

268 2509 328 2538 Opp.
349 2510 371 2532 1.
392 2509 421 2535 2.,
441 2508 481 2533 Ex.
500 2509 532 2537 3.,
550 2507 605 2532 Des.
628 2508 647 2532 1.
668 2508 689 2531 2.
711 2513 740 2532 ac
758 2508 879 2538 reprimat
905 2508 930 2531 et
949 2507 1044 2536 puniat,
1075 2505 1116 2529 Ed.
1138 2504 1177 2528 17.

269 2548 297 2566 ac
316 2543 435 2572 reprimat
455 2548 483 2566 ac
501 2542 588 2572 puniat

842 96 952 129 PHlL.
971 97 1073 129 MEL.
1093 96 1278 130 SCRIPTA
1295 96 1570 130 DOGMATICA.

2110 90 2193 133 10'88

1216 197 1248 222 et
1277 191 1458 232 suppliciis,
1480 197 1537 222 aut
1560 200 1642 222 nece
1661 201 1845 233 corporum.
1890 191 1943 223 Ad
1965 190 2052 224 hanc
2076 202 2191 225 execu-

1215 234 1336 265 tionem
1359 244 1441 275 0pus
1461 239 1512 265 est
1529 234 1700 274 praesidiis
1724 239 1757 265 et
1779 234 1972 275 sumptibus,
1996 235 2070 266 ideo
2092 235 2192 276 impe-

1216 276 1264 306 ria
1287 282 1417 317 oportet
1430 277 1589 307 instructa
1603 286 1679 308 esse
1692 275 1867 315 satellitiis,
1888 276 1996 318 qualia
2014 288 2081 309 non
2093 276 2194 309 habet

1216 318 1365 349 Minister
1387 318 1570 359 Evangelii.

1303 361 1522 392 DEFENSlO
1546 360 1761 392 LEGITIMA
1785 367 1836 392 est
1860 367 1950 393 certo
1973 362 2072 393 modo
2091 363 2192 403 repri-

1217 413 1306 434 mere
1330 403 1518 435 violentiam
1539 405 1714 442 notoriam,
1748 404 1833 435 sicut
1856 403 1967 446 Leges
1991 405 2192 443 ordinarunt,

1218 445 1260 476 Ut
1294 456 1367 477 cum
1389 447 1495 478 viator
1519 447 1550 477 in
1569 447 1735 487 praesenti
1758 446 1907 487 periculo
1931 447 2074 487 reprimit
2092 446 2192 478 latro-

1216 498 1300 519 nem.
1346 488 1402 520 Sic
1425 488 1503 520 licet
1526 491 1701 530 reprimere
1720 488 1948 530 Magistratmn
1972 490 2002 519 in
2026 490 2192 530 praesenti

1216 529 1363 571 periculo
1396 532 1575 572 rapientem
1609 530 1708 562 filiam
1741 538 1797 562 aut
1838 532 2011 572 coniugem
2046 530 2191 563 alterius.

1216 572 1314 604 Aliud
1358 580 1467 605 autem
1501 580 1552 604 est
1586 573 1734 605 defensio
1770 575 1802 604 in
1830 574 1996 615 praesenti
2029 573 2191 614 periculo,

1215 615 1303 646 aliud
1326 626 1434 656 poena
1456 622 1531 656 post
1555 623 1651 647 atrox
1673 615 1794 654 scelus,
1818 618 1872 648 ubi
1897 617 1992 647 etiam
2015 615 2192 657 aliquando

1215 659 1404 699 magnitudo
1429 659 1504 689 iusti
1529 658 1653 689 doloris
1678 665 1818 690 excusat
1841 664 2014 700 parentes,
2033 659 2086 700 qui
2105 664 2192 690 atro-

1217 701 1267 731 cia
1289 699 1418 731 scelera
1442 700 1595 741 puniunt,
1629 707 1663 732 ut
1689 701 1864 743 Harpagus
1889 708 1919 732 et
1943 702 2024 732 civis
2048 701 2191 732 Vicenti-

1215 753 1290 780 nus,
1300 744 1345 784 9⁴)
1382 744 1435 774 cui
1464 749 1623 784 tyrannus
1648 745 1811 783 eripuerat
1834 744 1933 775 filiam
1956 750 1987 775 ct
2012 749 2191 784 stupratam

1215 792 1333 826 postea
1357 786 1481 816 remisit
1505 786 1681 817 dissectam
1700 787 1731 816 in
1755 792 1895 827 quatuor
1913 792 2035 826 partes,

1301 827 1484 858 BELLUM
1519 834 1569 859 est
1597 834 1652 859 aut
1674 828 1819 869 legitima
1838 826 1987 859 defensio
2010 834 2063 859 aut
2086 827 2191 870 legiti-

1215 881 1269 901 ma
1301 881 1409 912 poena
1443 877 1600 911 suscepta
1622 872 1663 902 ab
1688 871 1853 902 ordinaria
1875 876 2037 911 potestate
2055 876 2192 912 propter

1215 914 1333 945 iustam
1354 923 1517 944 caussam.

1301 955 1475 986 SEDITIO
1501 961 1552 987 est
1574 961 1681 987 motus
1705 956 1926 995 subditorum,
1950 956 2005 996 qui
2034 955 2192 987 invadunt

1214 999 1314 1029 armis
1336 997 1578 1039 Mag-istratum,
1601 1008 1621 1029 a
1645 1008 1710 1039 quo
1734 1009 1800 1029 non
1824 1004 1900 1030 sunt
1922 998 2030 1029 affecti
2054 998 2191 1028 notoriis

1214 1041 1351 1077 iniuriiS,
1386 1047 1418 1071 et
1448 1041 1579 1081 quando
1613 1051 1679 1071 non
1710 1046 1863 1072 servatur
1885 1042 2002 1072 modus
2027 1039 2191 1071 defensio-

1215 1084 1277 1121 nis,
1302 1084 1360 1113 sed
1384 1084 1511 1123 rapitur
1534 1083 1721 1114 dominatio.

1301 1127 1479 1156 ΣΤΟΡΓΗ
1495 1131 1545 1156 est
1568 1131 1675 1156 motus
1695 1126 1787 1157 cordi
1810 1125 1950 1157 humano
1969 1126 2087 1157 insitus
2111 1125 2191 1156 divi-

1215 1169 1315 1206 nitus,
1338 1178 1525 1210 congruens
1546 1179 1619 1199 cum
1642 1168 1733 1210 Lege
1756 1168 1835 1207 Dei,
1860 1174 1895 1199 ut
1918 1178 2009 1199 amor
2031 1178 2111 1209 erga
2135 1177 2192 1208 pa-

1215 1218 1339 1247 rentes,
1364 1217 1472 1248 natos,
1496 1211 1681 1251 coniugem,
1704 1209 1825 1242 fratres
1849 1217 1881 1242 et
1905 1212 1988 1242 bene
2010 1211 2156 1242 meritos.

1303 1253 1492 1284 NEMESIS
1516 1263 1577 1283 seu
1590 1253 1743 1289 ZELUS,
1768 1254 1799 1283 id
1823 1260 1884 1290 est,
1910 1254 2089 1293 indignatio
2113 1262 2191 1285 con-

1216 1301 1266 1326 tra
1290 1301 1437 1326 atrocem
1459 1295 1645 1325 iniustitiam
1668 1300 1723 1324 aut
1746 1295 1988 1335 turpitudinem.
2033 1294 2117 1324 Sunt
2135 1304 2191 1324 au-

1216 1344 1279 1368 tem
1299 1340 1421 1379 στοργαὶ
1445 1337 1597 1367 divinitus
1621 1337 1735 1366 insitae
1758 1336 1954 1373 hominibus,
1973 1342 2007 1367 ut
2027 1336 2092 1366 sint
2104 1345 2190 1367 com-

1216 1379 1475 1409 monefactiones
1499 1379 1539 1407 (le
1562 1377 1648 1414 Deo,
1672 1376 1777 1417 qualis
1802 1378 1843 1407 sit
1867 1383 1930 1408 etc.

1303 1419 1562 1451 GRATITUDO
1593 1425 1645 1450 est
1676 1420 1780 1450 virtus
1815 1418 2040 1460 complectens
2074 1419 2191 1450 verita·

1216 1469 1279 1494 tem
1315 1469 1347 1493 et
1380 1463 1550 1493 iustitiam:
1589 1461 1787 1500 Veritatem,
1821 1463 1897 1503 quia
1919 1462 2012 1493 Deus
2036 1461 2107 1493 vult
2129 1471 2192 1492 nos

1215 1515 1401 1547 agnoscere
1430 1511 1461 1535 et
1495 1503 1607 1542 fateri,
1642 1505 1729 1535 unde
1759 1504 1920 1536 beneficia
1948 1510 2087 1545 accepta
2109 1504 2192 1540 sint3

1216 1549 1372 1579 Iustitiam
1406 1557 1498 1585 vero,
1529 1548 1604 1588 quia
1627 1545 1752 1588 obligat
1774 1557 1836 1578 nos
1860 1548 1904 1578 ad
1926 1553 2071 1579 mutuam
2093 1547 2191 1577 bene-

1217 1592 1393 1622 volentiam
1417 1596 1449 1621 et
1471 1590 1513 1620 ad
1536 1588 1600 1620 alia
1624 1596 1714 1620 certa
1737 1589 1856 1621 officia.

1301 1631 1530 1664 AFFECTUS
1555 1638 1629 1663 sunt
1659 1638 1766 1662 motus
1791 1633 1913 1671 cordis,
1935 1631 2118 1663 laxationes
2137 1630 2191 1663 vel

1217 1677 1495 1717 compressiones,
1521 1681 1699 1716 sequentes
1722 1676 1868 1706 notitiam
1888 1681 1919 1706 et
1930 1676 1976 1715 9⁵)
1989 1684 2191 1715 prosequen-

1215 1725 1266 1750 tes
1290 1725 1346 1750 aut
1368 1717 1531 1760 fugientes
1556 1718 1700 1755 obiecta,
1730 1718 1784 1758 qui
1808 1728 1881 1749 cum
1904 1724 1959 1749 aut
1981 1716 2113 1748 laedant
2135 1726 2191 1747 na-

1217 1768 1321 1793 turam
1343 1767 1399 1792 aut
1422 1759 1595 1798 delectent,
1619 1769 1749 1800 semper
1771 1761 1965 1792 comitantur
1987 1759 2122 1790 extremi
2144 1757 2191 1789 as-

1217 1804 1342 1836 fectus:
1373 1803 1483 1841 dolor,
1507 1802 1600 1834 laesa
1622 1808 1759 1841 natura,
1794 1813 1854 1834 seu
1877 1803 2040 1839 suavitas,
2072 1802 2105 1833 id
2128 1807 2192 1838 est,

1216 1846 1337 1878 laetitia
1360 1847 1575 1887 acquiescens
1599 1845 1631 1876 in
1656 1845 1795 1876 obiecto.
1842 1846 1882 1876 Hi
1905 1846 1968 1876 duo
1992 1850 2068 1875 sunt
2089 1843 2191 1875 ultimi

1217 1890 1367 1927 affectus,
1390 1890 1465 1930 quia
1486 1888 1580 1919 Deus
1600 1886 1669 1918 vult
1692 1888 1833 1919 discerni
1856 1887 1995 1918 honesta
2018 1892 2050 1917 et
2071 1886 2189 1926 turpia,

1217 1934 1290 1963 ideo
1315 1943 1374 1963 cor
1396 1933 1444 1963 sic
1469 1931 1623 1968 condidit,
1647 1936 1681 1961 ut
1699 1931 1740 1961 Sit
1762 1937 1916 1971 tanquam
1940 1929 2070 1965 vindex,
2093 1934 2125 1959 et
2138 1929 2194 1959 do-

1219 1974 1270 2006 lor
1305 1975 1449 2005 destruat
1472 1973 1634 2005 hominem
1657 1978 1791 2014 propter
1814 1973 1930 2013 turpia,
1955 1977 1987 2002 et
2008 1970 2131 2002 laetitia
2152 1971 2195 2001 sit

1218 2019 1299 2055 vita,
1334 2027 1418 2058 quae
1448 2017 1544 2047 debet
1572 2015 1694 2046 habere
1723 2015 1863 2045 honesta
1887 2015 2032 2051 obiecta,
2062 2019 2096 2044 ut
2119 2022 2195 2044 con-

1219 2066 1336 2102 gruant
1346 2062 1392 2101 96)
1418 2070 1490 2089 cum
1514 2059 1597 2089 Deo.

1303 2103 1364 2133 Est
1386 2108 1493 2132 autem
1506 2100 1661 2132 DOLOR
1684 2110 1744 2131 seu
1768 2099 1912 2130 Tristitia
1936 2100 1969 2130 in
1992 2098 2093 2130 corde
2116 2095 2195 2138 fuga

1219 2146 1338 2176 obiecti
1375 2145 1546 2181 contrarii,
1580 2153 1645 2184 quo
1679 2142 1834 2180 laeditur,
1868 2148 1900 2172 et
1922 2146 1973 2173 est
1995 2150 2115 2172 sensus
2139 2140 2195 2170 de—

1219 2187 1426 2225 structionis,
1468 2197 1540 2217 cum
1577 2196 1634 2216 cor
1668 2185 1759 2217 velut
1791 2183 1924 2226 fugiens
1959 2182 2195 2224 constringitur

1219 2241 1278 2262 seu
1298 2230 1527 2270 comprimitur.
1557 2228 1598 2259 Et
1615 2229 1648 2259 in
1666 2228 1730 2259 hac
1749 2227 1996 2268 compressione
2008 2226 2194 2263 torrefit,⁹⁷)

1220 2350 1265 2380 94)
1286 2349 1449 2379 Vicentinus,]
1471 2349 1542 2373 Editt.
1565 2349 1672 2372 17—19.
1692 2349 1818 2374 Vicentius

1220 2401 1265 2431 95)
1285 2403 1310 2425 et
1328 2400 1406 2425 abest
1424 2401 1458 2425 ab
1477 2400 1549 2425 Editt.
1572 2400 1610 2422 16.
1634 2400 1670 2423 17.
1692 2399 1797 2422 19-21,
1817 2398 1856 2423 23.
1876 2398 1923 2427 25..
1944 2398 2014 2427 corp.
2034 2396 2113 2425 1—8.‚
2132 2395 2192 2425 opp.

1291 2437 1311 2457 1.
1332 2435 1362 2463 2„
1382 2435 1422 2459 Ex.
1442 2435 1474 2460 3..
1493 2434 1547 2459 Des.
1572 2436 1592 2456 1.
1615 2434 1636 2458 2.

1220 2486 1266 2517 96)
1286 2485 1419 2515 congruat]
1439 2485 1511 2510 Editt.
1533 2485 1572 2507 24.
1593 2484 1710 2514 26-34.‚
1730 2484 1801 2513 corp.
1823 2483 1907 2513 1-8„
1937 2481 1990 2508 Des.
2012 2484 2034 2506 1.
2054 2482 2195 2511 congruant

1221 2537 1267 2565 97)
1288 2535 1393 2566 tori-etit]
1416 2536 1487 2560 Editt.
1511 2535 1615 2558 16—20.
1636 2535 1675 2557 23,
1697 2534 1736 2557 25.
1758 2533 1853 2559 terrefit
