2358 2933
259 146 317 177 691

261 249 417 270 sunuuum
443 247 471 270 et
496 241 706 280 praecipuum
729 248 790 273 est,
815 240 966 272 videlicet
984 242 1024 273 de
1047 253 1125 274 vera
1150 244 1232 274 noti—

262 282 302 311 tia
328 280 401 318 Dei,
424 283 464 312 de
488 291 564 312 vera
589 290 618 312 et
644 281 788 322 perfecta
812 284 997 315 obedientia
1022 294 1101 326 erga
1113 284 1232 323 Deum,

260 323 405 364 perfecto
440 325 572 361 timore,
606 324 725 355 fiducia
761 332 791 356 et
821 324 995 357 dilectione
1018 326 1090 358 Dei.
1137 328 1231 359 Fom-

260 365 407 405 plectitur
431 374 538 397 autem
561 367 644 396 duas
670 368 826 398 maximas
850 378 920 405 res,
950 368 1077 401 scilicet
1101 372 1230 402 modum

261 409 482 449 cognoscendi
507 408 567 439 Dei
593 415 622 439 et
648 420 760 440 verunt
785 409 916 441 cultum.
961 411 1082 443 Modus
1105 419 1173 450 est,
1196 419 1231 444 ut

258 449 523 490 apprehendatur
546 450 639 482 Dens
667 462 727 492 per
751 463 845 483 suum
869 454 1005 485 verbum
1029 461 1062 485 et
1085 456 1230 486 testimo—

260 494 354 524 nium.
403 494 485 528 Quia
509 495 591 524 enim
617 493 708 525 Deus
732 502 780 525 est
807 495 990 533 invisibilis,
1013 506 1154 528 neccsse
1178 504 1230 528 est

259 536 297 566 de
321 546 360 566 eo
385 534 515 576 aliquod
541 537 758 568 testinwnitun
777 545 907 576 extare,
938 549 996 578 per
1017 540 1104 580 qnod
1128 550 1229 582 agno-

260 586 370 609 scatur
393 586 422 609 et
447 577 720 618 apprehendatur.
755 579 797 610 Ut
822 590 913 611 mens
936 581 1078 612 humana
1100 582 1229 613 intuens

258 621 364 651 mundi
390 621 552 661 opificium
577 622 697 661 cogitat
721 623 762 653 de
785 629 920 654 auctore
945 623 1035 661 Deo,
1065 625 1124 655 sed
1147 624 1229 655 haec

258 664 370 694 notitia
398 663 539 694 nondum
563 663 702 701 suflicit,
731 675 827 705 quam
851 671 880 696 et
904 665 1031 697 Ethnici
1061 674 1092 698 et
1114 666 1228 698 Malio-

259 706 406 736 metistae
440 713 568 743 tenent,
602 717 788 747 quanquam
817 707 898 739 haec
922 719 1054 749 quoque
1077 708 1186 740 multis
1209 720 1228 740 a

260 747 399 779 Diaboli)
423 750 593 779 excutitur.
628 750 695 780 Sed
717 756 751 780 ut
774 751 911 781 maxime
933 752 1029 788 adsit,
1054 758 1161 782 manet
1184 758 1229 782 ta-

258 802 330 822 men
345 792 512 828 dubitatio,
537 792 588 822 An
612 790 668 822 ille
692 793 841 823 conditor
852 792 945 824 Deus
969 804 1030 824 nos
1048 800 1152 831 curet,
1175 804 1228 824 ex-

258 834 376 870 audiat,
399 844 439 864 an
464 835 510 864 sic
525 833 600 864 velit
615 833 690 871 coli,
714 841 743 865 et
768 837 932 875 quomodo
956 836 1033 867 velit
1058 835 1132 867 coli.
1168 836 1229 867 Hic

259 886 341 917 opus
361 883 409 906 est
435 877 537 906 verbo
561 876 622 907 Dei
647 884 675 906 et
701 877 904 913 testimoni03
934 878 1009 908 Ideo
1034 877 1086 908 hic
1110 889 1228 918 propo-

259 921 354 950 situm
379 925 429 949 est
453 925 577 949 certum
603 920 737 950 verbum
760 926 789 949 et
804 920 1038 952 testimonium:
1062 921 1133 961 Ego
1157 930 1228 951 sum

256 962 415 993 Dominus
439 960 530 992 Deus
555 967 641 999 tuus,
665 962 718 1002 qui
742 962 838 992 eduxi
861 968 892 992 te
915 964 955 993 de
976 969 1063 994 terra
1074 963 1228 1004 Aegypti.

256 1006 381 1036 Statuat
405 1004 502 1045 igitur
526 1014 617 1034 mens
641 1004 726 1035 hunc
750 1014 826 1035 esse
849 1004 973 1043 Deum,
1003 1006 1057 1046 qui
1080 1016 1117 1036 se
1139 1011 1228 1045 pate-

256 1046 330 1079 fecit
362 1047 438 1077 dato
468 1046 532 1077 hoc
562 1047 663 1077 verbo
693 1047 725 1077 in
748 1053 857 1078 monte
880 1047 970 1085 Sina,
1003 1053 1035 1078 et
1069 1049 1123 1088 qui
1155 1057 1229 1087 pro-

257 1089 367 1120 fessus
391 1095 441 1120 est
464 1099 501 1119 se
515 1098 590 1119 esse
603 1088 709 1120 Deum
732 1095 832 1127 tuum,
855 1090 886 1120 id
906 1096 967 1128 est,
990 1091 1044 1131 qui
1068 1096 1099 1121 te
1123 1096 1229 1128 curat,

258 1133 400 1173 respicit,
424 1132 554 1169 iudicat,
578 1130 732 1169 defendit,
757 1133 858 1172 punit.

341 1174 494 1205 Additum
518 1181 566 1204 est
590 1181 621 1204 et
646 1175 884 1212 testimonium,
908 1173 1057 1205 videlicet
1081 1174 1229 1216 gloriosa

256 1217 403 1248 liberatio
428 1223 457 1247 et
482 1214 628 1247 defensio
651 1215 746 1247 huius
771 1216 904 1257 Populi,
939 1227 1011 1248 cum
1036 1218 1229 1248 educeretur

257 1270 296 1290 ex
319 1259 474 1300 Aegypto
509 1266 571 1289 etc.
627 1258 696 1289 Etsi
724 1259 821 1300 igitur
844 1258 936 1290 Deus
967 1266 1019 1290 051
1045 1258 1228 1297 invisibilis,

258 1309 364 1333 tamen
387 1311 479 1332 mens
502 1300 643 1332 humana
666 1301 816 1342 agnoscit
840 1301 927 1333 hunc
951 1311 1026 1333 esse
1045 1301 1152 1332 Deum
1175 1311 1229 1332 ve-

257 1355 345 1381 rum,
368 1345 421 1384 qui
445 1353 482 1374 se
506 1344 536 1373 in
560 1354 621 1374 suo
645 1345 746 1374 verbo
770 1351 800 1374 et
824 1344 1016 1375 testimoniis
1030 1344 1228 1375 admirandis

258 1385 410 1427 patefecit
435 1392 465 1416 et.
489 1387 640 1423 ostendit,
665 1386 829 1426 quomodo
855 1385 918 1416 coli
941 1386 1030 1417 velit.
1065 1386 1121 1417 Sic
1134 1386 1228 1416 Adae

259 1429 415 1469 principio
439 1427 497 1459 suit
522 1429 631 1459 datum
655 1429 790 1459 verbum
814 1429 846 1459 in
870 1428 1028 1459 Paradiso
1053 1434 1084 1459 et
1108 1439 1228 1468 propo-

257 1472 318 1501 sita
341 1478 409 1501 tota
433 1480 539 1501 rerum
562 1478 688 1507 natura,
712 1480 796 1511 quae
821 1477 911 1501 esset
940 1471 1158 1501 testimonium
1188 1471 1228 1501 de

257 1513 346 1548 De0;
369 1513 435 1543 Sed
457 1519 586 1552 postea,
612 1524 684 1544 cum
707 1512 820 1553 lapsus
845 1519 944 1550 esset,
967 1512 1027 1544 fuit
1050 1522 1132 1552 opus
1151 1523 1228 1543 con—

257 1554 416 1587 solatione
446 1555 486 1586 de
514 1556 707 1586 remissione
728 1556 870 1595 peccati:
900 1555 976 1586 ldeo
1005 1555 1149 1585 additum
1178 1561 1229 1585 est

257 1597 344 1629 aliud
368 1598 514 1634 verbum,
538 1596 662 1628 scilicet
686 1598 862 1638 promissio
885 1598 1024 1638 gratiae,
1047 1598 1227 1628 etaccede-

257 1642 333 1672 bant
357 1641 462 1681 signa,
487 1640 695 1680 rapiebantur
717 1640 795 1679 igne
820 1639 955 1671 coelesti
976 1640 1136 1671 victimae.
1171 1639 1227 1670 Sic

258 1689 289 1713 et
323 1683 418 1713 nobis
452 1682 536 1712 idem
565 1683 700 1712 verbum
728 1672 898 1723 Evangelii
931 1683 1135 1723 propositum
1165 1688 1226 1719 est,

257 1732 287 1756 ct
311 1731 434 1756 certum
458 1725 683 1757 testimonium,
709 1723 834 1755 scilicet
858 1724 942 1755 filius
966 1724 1029 1755 Dei
1052 1724 1225 1756 crucifixus

257 1773 288 1798 et
310 1767 539 1798 resuscitatus:
575 1767 635 1797 Hic
671 1767 811 1797 ostendit
844 1768 940 1798 nobis
968 1772 1101 1807 patrem.
1154 1766 1226 1798 Hoc

257 1809 322 1841 filio
345 1810 458 1851 agnito
482 1810 675 1841 invocamus
700 1816 868 1841 aeternum
890 1809 1033 1846 Patrem,
1056 1809 1109 1849 qui
1133 1818 1171 1839 se
1192 1809 1226 1838 in

258 1851 323 1883 filio
356 1851 527 1893 patefecit,
562 1858 595 1883 ut
619 1852 734 1882 dicitur
757 1851 844 1882 loan.
871 1851 898 1881 1.
924 1855 988 1890 [vs.
1013 1851 1076 1890 Is]
1120 1851 1226 1882 Deum

258 1906 350 1927 nemo
370 1895 447 1925 vidit
470 1904 625 1934 unquam,
648 1893 767 1931 Filius,
797 1895 852 1934 qui
881 1899 932 1924 est
955 1895 987 1924 in
1010 1894 1084 1924 sinu
1106 1893 1226 1930 Patris,

258 1940 326 1978 ipse
346 1937 519 1967 enarravit.
566 1936 661 1966 Item:
693 1936 755 1970 Qui
780 1936 867 1966 videt
890 1946 950 1973 me,
974 1936 1061 1966 videt
1084 1935 1224 1966 Patrem.

257 1980 295 2010 Et
320 1982 394 2010 item
424 1977 539 2009 Δ1131111.
565 1978 614 2008 11.
647 1980 708 2014 [vs.
732 1978 796 2016 274
842 1978 945 2008 Nemo
973 1979 1063 2009 novit
1085 1976 1225 2015 Patrem,

259 2024 319 2053 nisi
342 2021 459 2058 filius,
489 2027 519 2051 et
549 2021 599 2051 cui
624 2019 722 2050 l-'ilius
747 2020 915 2051 revelavit.
961 2019 1024 2050 Per
1049 2020 1135 2050 hunc
1157 2018 1226 2060 pla-

260 2072 351 2095 catus
385 2070 434 2094 est
467 2062 583 2100 Pater,
616 2069 750 2102 propter
785 2073 857 2093 eum
888 2063 1026 2093 exaudit.
1074 2061 1224 2092 Christus

260 2108 328 2146 ipse
355 2106 455 2145 inquit
485 2105 573 2136 loan.
599 2104 648 2134 16.
680 2106 742 2142 [vs.
765 2104 830 2142 2:34
877 2104 1038 2145 Quicquid
1067 2104 1224 2144 petieritis

262 2149 387 2179 Patrem
410 2149 441 2178 in
464 2148 594 2178 nomine
623 2157 711 2183 meo,
745 2148 834 2177 dabit
863 2147 968 2177 vobis.
1019 2146 1114 2178 Hunc
1144 2156 1223 2187 ergo

260 2197 440 2221 statuamus
464 2199 539 2220 esse
561 2189 686 2227 Deum,
714 2189 767 2229 qui
797 2198 834 2219 se
856 2187 1011 2229 patefecit
1033 2189 1109 2219 dato
1132 2187 1224 2226 Filio,

261 2234 378 2269 misso,
400 2239 434 2262 ut
460 2232 551 2262 fieret
574 2232 720 2268 victima,
744 2237 776 2262 et
798 2232 1011 2268 resuscitato,
1034 2236 1069 2261 ut
1091 2231 1134 2261 sit
1156 2230 1223 2262 Me-

261 2275 375 2309 diator,
398 2273 610 2310 Intercessor,
633 2274 770 2303 Adiutor
793 2279 825 2304 et
847 2272 1020 2309 Salvat0r;
1050 2273 1145 2310 Item,
1169 2273 1223 2313 qui

261 2316 347 2345 dedit
375 2314 448 2346 huic
478 2314 559 2346 Filio
581 2314 795 2356 Evangelium
824 2316 864 2346 de
894 2315 1086 2345 remissione
1108 2324 1223 2356 pecca-

262 2365 364 2387 torum
387 2363 417 2387 et
441 2358 480 2387 de
502 2358 567 2387 vita
579 2363 721 2387 aeterna.
756 2357 846 2388 Haec
858 2357 1023 2388 invocatio
1036 2366 1222 2398 agnoscens

262 2399 365 2429 Deum
389 2405 565 2435 aeternum,
588 2398 856 2439 omnipotentem,
880 2399 997 2429 fiducia
1022 2398 1143 2429 Christi
1164 2409 1223 2439 per

262 2442 370 2470 datum
392 2439 619 2481 Evangeliam,
653 2442 809 2472 discernit
839 2442 1078 2472 invocationem
1111 2450 1222 2471 veram

262 2481 430 2512 Ecclesiae
459 2483 501 2512 ab
534 2483 673 2512 0m11i1un
703 2484 844 2523 gentium
871 2483 1088 2513 invocatione.
1133 2482 1222 2523 Ergo

262 2525 389 2565 quoties
410 2534 502 2554 mens
527 2522 641 2554 clamat
664 2525 705 2554 ad
729 2525 846 2561 Deum,
869 2525 998 2555 invocet
1020 2524 1145 2562 Deum,
1169 2525 1222 2565 qui

263 2572 311 2596 est
333 2565 429 2596 Pater
449 2565 578 2596 Domini
613 2566 713 2596 nostri
747 2565 819 2596 lesu
843 2565 980 2602 s'hristi,
1014 2565 1157 2598 crucifixi
1191 2572 1221 2597 et

891 148 998 180 l'HlL.
1023 148 1123 181 MEL.
1147 148 1332 182 SCRIPTA
1353 149 1616 183 DOGMATlGA

2183 157 2247 189 692

1275 244 1476 282 resuscitati,
1509 252 1541 275 et
1571 245 1635 275 fide
1665 247 1787 286 cogitet
1808 246 1901 278 Evan
1928 247 2026 278 elium·
2051 249 2161 280 datum
2187 261 2247 291 per

1275 285 1360 316 hunc
1384 284 1514 317 Filium:
1546 286 1706 327 Quicquid
1730 288 1886 328 petieritis
1938 296 2040 321 utrem
2062 291 2094 320 in
2118 294 2245 324 nomine

1274 337 1364 365 meo,
1398 328 1486 359 dabit
1515 329 1622 360 vobis.
1668 329 1763 360 Hunc
1791 331 1921 362 modum
1952 333 2154 373 agnoscendi
2182 334 2244 366 Dei

1274 379 1374 410 saepe
1385 369 1509 402 Paulus
1521 372 1616 401 nobis
1629 372 1843 410 commendat,
1861 373 1886 404 1.
1902 373 2046 405 Corinth.
2062 375 2089 405 1.
2104 379 2166 413 [VS.
2179 376 2244 416 214

1275 412 1357 447 Quia
1379 414 1518 444 mundus
1542 424 1607 444 non
1637 415 1727 444 novit
1748 413 1855 445 Deum
1877 416 1909 446 in
1932 418 2090 457 sapientia
2112 428 2170 458 per
2192 429 2244 450 sa·

1272 455 1442 495 pientiam,
1470 454 1591 495 placuit
1613 455 1687 487 Deo
1719 466 1776 496 per
1799 456 1967 489 stultitiam
1990 460 2244 499 praedicationis

1274 496 1387 527 salvos
1410 496 1522 529 facere
1546 499 1730 529 credenteS.
1764 499 1842 530 Item
1861 501 2011 531 doctrina
2031 501 2072 531 de
2084 501 2245 534 Pontifice

1274 538 1406 569 Christo
1437 541 1577 571 intrante
1606 542 1637 571 in
1666 548 1779 572 sancta
1803 548 2007 580 sanctorum,
2032 543 2125 575 docet
2149 545 2243 576 idem.

1274 580 1401 622 Reliqui
1429 581 1575 613 homines
1606 593 1671 614 non
1699 590 1884 625 agnoscunt
1906 584 2012 615 Deum
2039 585 2244 624 invisibilem,

1274 625 1332 655 sed
1362 624 1393 654 in
1422 623 1486 655 hoc
1509 634 1664 656 arcanum
1687 632 1719 657 et
1743 633 1890 657 sanctum
1921 634 2108 659 sanctorum
2138 629 2244 670 ingre-

1274 667 1359 696 ditur
1393 665 1484 698 solus
1519 666 1605 698 tilius
1634 667 1707 699 Dei.
1752 668 1828 699 ldeo
1861 669 2029 701 accessuri
2062 670 2103 701 ad
2137 670 2244 702 Deum

1274 718 1494 749 agnoscamus
1533 709 1620 740 hunc
1654 710 1861 751 Pontificem,
1902 712 2074 743 ducentem
2106 722 2169 743 nos
2202 714 2244 744 ad

1275 750 1406 781 Patrem
1430 756 1462 781 et
1484 749 1700 790 perferentem
1719 759 1852 784 nostras
1874 764 2001 795 preces.
2036 754 2127 785 Sicut
2141 755 2243 796 inquit

1273 791 1422 833 Epistola
1434 794 1475 823 ad
1489 793 1658 824 Hebraeos
1672 795 1714 831 14,
1730 795 1776 824 14.
1790 795 1868 833 16.]:
1884 795 2048 827 Habentes
2061 796 2147 828 hunc
2160 797 2244 828 Pon-

1273 835 1392 865 tificem
1415 835 1571 866 adeamus
1594 836 1636 866 ad
1656 835 1807 867 thronum
1826 839 1961 878 gratiae.
1995 838 2065 870 Hae
2088 839 2130 870 de
2147 840 2244 870 modo

1273 878 1474 918 agnoscendi
1503 877 1566 908 Dei
1593 879 1781 909 necessario
1812 880 1949 910 docendi
1979 887 2051 911 sunt
2083 881 2245 918 homines,

1272 925 1307 950 111
1328 925 1418 949 recte
1440 920 1610 950 invocetur
1632 920 1736 951 Deus.

1359 960 1475 992 Cultus
1499 969 1624 999 antem,
1647 963 1688 993 de
1711 964 1829 1003 quibus
1852 963 1905 994 1110
1928 965 2139 1005 praecipitur,v
2168 970 2245 996 sunt

1272 1004 1404 1045 Agnitio
1424 1003 1497 1041 Dei,
1522 1004 1665 1035 Credere
1687 1005 1789 1036 verbo
1804 1005 1878 1043 Dei,
1901 1016 1998 1037 verus
2022 1006 2143 1045 Timor,
2165 1017 2244 1038 vera

1272 1046 1369 1076 Fides
1392 1056 1452 1077 seu
1475 1046 1619 1084 Fiducia,
1643 1053 1674 1077 et
1697 1057 1775 1078 vera
1797 1046 1948 1079 Dilectio.
1989 1047 2137 1090 Requirit
2160 1049 2244 1081 enim

1271 1088 1450 1125 Timorem,
1481 1099 1554 1119 cum
1581 1089 1626 1119 ait
1650 1089 1769 1127 [Exod.
1792 1090 1845 1127 20,
1866 1090 1928 1128 54:
1959 1090 2033 1132 Ego
2058 1101 2129 1123 sum
2151 1091 2244 1123 Deus

1272 1130 1366 1161 fortis
1390 1129 1530 1169 zelotes,
1554 1132 1690 1162 visitans
1712 1132 1924 1173 iniquitatem.
1970 1133 2049 1164 ltem
2077 1133 2189 1172 [Deut.
2211 1135 2245 1171 6,

1274 1173 1352 1211 134:
1382 1173 1556 1204 Dominum
1578 1173 1685 1205 Deum
1708 1180 1796 1206 tuum
1819 1175 1947 1206 timebis
1971 1182 2004 1206 et
2025 1174 2071 1206 illi
2094 1175 2157 1207 soli
2175 1186 2244 1208 ser-

1272 1216 1352 1246 vies.
1398 1215 1544 1256 Requirit
1574 1215 1724 1247 fiduciam
1752 1223 1783 1247 et
1817 1216 2042 1255 dilectionem,
2075 1227 2148 1249 cum
2181 1219 2242 1250 aitz

1271 1257 1343 1299 Ego
1366 1267 1439 1288 sum
1461 1257 1554 1288 Deus
1577 1264 1652 1289 tuus
1677 1260 1897 1300 omnipotens,
1922 1265 1954 1290 te
1974 1261 2166 1301 respiciens,
2189 1271 2243 1292 cu-

1271 1310 1360 1337 13115,
1384 1298 1574 1338 defendens,
1598 1299 1743 1338 salvans,
1767 1307 1828 1333 etc.
1862 1301 1941 1332 ltem
1966 1301 2082 1339 [Exod.
2106 1302 2158 1340 20,
2182 1306 2242 1341 64:

1271 1342 1409 1373 Faciens
1422 1342 1678 1373 misericordiam
1692 1343 1911 1384 diligentibus·
1930 1344 2008 1374 ltem
2023 1343 2242 1382 [Deut.6,5.].

1271 1384 1400 1425 Diligas
1423 1384 1598 1416 Dominum
1627 1384 1731 1416 Deum
1758 1392 1848 1416 tuum
1878 1395 1919 1416 ex
1947 1391 2016 1416 toto
2045 1387 2146 1417 corde
2173 1393 2242 1418 tuo.

1271 1427 1354 1457 Nam
1371 1426 1454 1457 haec
1472 1428 1569 1464 dicta,
1592 1428 1778 1468 ubicunque
1794 1427 1956 1469 leguntur,
1979 1434 2054 1459 sunt
2066 1429 2243 1459 enarratio-

1272 1479 1330 1500 nes
1353 1468 1445 1509 primi
1468 1470 1646 1509 praecepti.
2093 1491 2102 1505 ,
2214 1490 2217 1493 -

1357 1510 1453 1545 Quod
1486 1516 1592 1541 autem
1626 1512 1772 1552 requirat
1804 1511 1984 1552 perfectam
2014 1512 2240 1550 obedientiam,

1271 1552 1353 1583 haec
1372 1553 1473 1583 verba
1496 1559 1668 1590 testantur,
1692 1553 1791 1584 Deut.
1814 1554 1844 1584 6.
1870 1558 1934 1593 [vs.
1953 1553 1997 1592 5.]
2021 1553 2150 1596 Diligas
2173 1553 2243 1585 Do-

1271 1596 1390 1626 minum
1402 1594 1508 1625 Deum
1528 1601 1617 1626 tuum
1636 1606 1677 1626 ex
1701 1602 1770 1626 toto
1793 1597 1904 1634 corde,
1923 1606 1962 1627 ex
1981 1602 2049 1628 tota
2059 1598 2176 1634 anima,
2199 1606 2240 1628 ex

1271 1638 1421 1669 omnibus
1440 1638 1564 1668 viribus
1580 1638 1655 1668 tuis.
1689 1638 1836 1679 Requirit
1859 1639 1957 1681 igitur
1979 1639 2138 1677 timorem,
2160 1638 2241 1670 fidu-

1271 1681 1354 1711 ciam
1370 1686 1402 1710 et
1419 1679 1624 1711 dilectionem
1636 1680 1700 1711 Dei
1719 1691 1820 1721 super
1838 1682 1962 1719 omnia,
1994 1687 2026 1711 et
2048 1681 2108 1719 ita,
2126 1687 2161 1712 ut
2178 1680 2243 1712 hae

1271 1724 1407 1754 virtutes
1430 1723 1495 1752 sint
1516 1732 1628 1762 purae,
1652 1723 1833 1764 flagrantes
1852 1729 1882 1754 et
1898 1722 2074 1763 perfectae,
2097 1733 2163 1754 non
2185 1723 2241 1755 ad-

1270 1766 1374 1795 mistis
1403 1765 1529 1795 vitiosis
1559 1765 1798 1805 cupiditatibus.
1850 1766 1916 1797 Sed
1950 1764 2036 1796 hanc
2062 1764 2239 1806 perfectam

1271 1807 1485 1838 obedientiam
1519 1806 1601 1838 haec
1638 1813 1792 1847 corrupta
1825 1813 1943 1838 natura
1974 1806 2140 1838 hominum
2173 1817 2239 1838 non

1269 1855 1378 1890 potest
1405 1855 1584 1890 praestare.
1635 1849 1779 1880 Haerent
1808 1850 1839 1880 in
1868 1850 1982 1881 animis
2013 1850 2168 1881 dubitatio
2198 1849 2239 1880 de

1269 1893 1315 1922 ira
1338 1891 1401 1922 Dei
1425 1897 1456 1921 et.
1479 1892 1519 1922 de
1531 1894 1577 1932 ⁷⁶)
1599 1892 1841 1923 misericordia:
1864 1892 1968 1922 Nemo
1990 1896 2114 1922 tantum
2136 1892 2237 1929 timet,

1269 1940 1424 1974 quantum
1437 1935 1549 1969 debet3
1567 1934 1669 1964 Nemo
1683 1935 1730 1964 sic
1746 1934 1866 1974 flagrat
1878 1932 2066 1971 dilectione,
2083 1939 2118 1964 ut
2130 1934 2237 1970 debet,

1269 1983 1300 2007 et,
1312 1977 1474 2007 admixtae
1487 1982 1562 2006 sunt
1573 1975 1694 2006 multae
1705 1985 1828 2016 pravae
1839 1976 2042 2016 cupiditates.
2065 1975 2141 2006 Ideo
2153 1974 2237 2007 Pau-

1268 2018 1319 2050 lus
1332 2019 1434 2059 inquit
1447 2018 1553 2056 [Rom.
1566 2018 1597 2055 8,
1609 2019 1628 2048 7
1631 2040 1639 2047 .
1641 2022 1668 2055 j:
1681 2017 1808 2049 Sensus
1824 2019 1931 2048 carnis
1942 2018 2108 2048 inimicitia
2119 2023 2169 2049 est
2180 2018 2237 2049 ad-

1268 2070 1382 2091 versus
1406 2060 1527 2095 Deum;
1562 2060 1630 2091 Nec
1653 2059 1726 2091 leve
1748 2059 1868 2091 malum
1890 2059 2058 2101 intelligit,
2084 2070 2156 2091 cum
2178 2069 2236 2090 no-

1267 2103 1366 2134 minat
1393 2103 1587 2133 inimicitiam
1615 2103 1776 2133 adversus
1805 2101 1922 2133 Deum.
1973 2102 2111 2142 Semper
2138 2102 2237 2143 igitur

1267 2151 1404 2175 accusat
1427 2150 1458 2175 et
1481 2144 1612 2175 damnat
1634 2144 1718 2176 haec
1729 2147 1770 2183 77)
1800 2144 1871 2175 Lex
1895 2153 2009 2175 omnes
2031 2143 2179 2175 homines
2201 2145 2235 2175 in

1267 2187 1331 2217 hac
1359 2192 1513 2226 corrupta
1543 2192 1673 2224 natura,
1708 2187 1782 2227 quia
1812 2185 1988 2227 perfectam
2018 2187 2234 2217 obedientiam

1267 2239 1327 2260 1100
1349 2234 1517 2268 praestant
1540 2238 1601 2259 nec
1624 2235 1763 2268 possunt
1784 2234 1966 2269 praestare.

1350 2271 1415 2301 lam
1439 2271 1525 2302 dicat
1546 2269 1679 2311 aliquis:
1710 2270 1810 2311 Atqui
1832 2280 1973 2302 necesse
1996 2275 2045 2301 est
2067 2279 2144 2308 eos,
2179 2271 2234 2311 qui

1265 2313 1339 2344 Deo
1362 2312 1509 2353 placent,
1532 2312 1641 2344 facere
1662 2312 1749 2344 hanc
1771 2313 1902 2353 Legem.
1926 2311 2140 2353 Respondeo:
2163 2311 2232 2342 Pri-

1265 2366 1350 2387 mum
1377 2365 1439 2386 nec
1463 2355 1610 2386 inchoari
1634 2360 1743 2396 potest
1772 2356 1842 2386 sine
1864 2354 2028 2395 agnitione
2055 2354 2174 2385 Christi
2198 2361 2230 2384 et

1266 2396 1463 2438 Evangeli03
1487 2398 1561 2439 quia
1579 2398 1663 2429 enim
1679 2403 1813 2429 accusat
1825 2402 1857 2428 et
1868 2397 1997 2428 damnat
2015 2396 2085 2428 Lex
2104 2406 2230 2428 omnes.

1266 2526 1310 2555 76)
1335 2525 1365 2549 de
1384 2525 1463 2550 abest
1480 2525 1515 2551 ah
1533 2525 1604 2551 Editt.
1626 2527 1663 2551 16.
1679 2527 1717 2549 17.
1737 2527 1776 2552 21.
1797 2527 1836 2552 22.
1855 2528 1895 2551 24.
1915 2526 2044 2555 28—34.‚
2063 2525 2124 2555 opp.
2146 2525 2167 2549 1.
2186 2525 2210 2548 ‘2-

1266 2575 1311 2604 77)
1335 2575 1399 2600 haec
1417 2576 1494 2601 abest
1512 2576 1546 2601 ab
1565 2576 1634 2601 Editt.
1656 2577 1760 2602 18—20.
1779 2577 1818 2602 23.
1840 2576 1958 2605 25-—27.‚
1976 2576 2047 2606 Corp-
2070 2575 2090 2599 1.
2110 2575 2133 2599 2.
2151 2574 2177 2598 4-
