2358 2933
85 116 146 148 79⁷
556 117 578 147 Ι.
603 115 702 158 ιΟβΙ
724 113 997 146 THEOLOGlCI:
1021 113 1063 144 D.
1087 112 1246 144 TERTIA
1269 109 1421 142 EORUM
1446 110 1602 142 AETAS.
2016 108 2076 140 798

172 209 385 249 Respondeo:
409 207 540 249 Duplex
563 215 613 239 est
632 206 804 238 absolutio.
828 205 904 236 Alia
929 206 1057 246 privata
1080 225 1082 255 Ξ
1104 205 1218 242 fidem,
1243 203 1465 241 dilectionem,
1489 213 1549 252 seu
1573 203 1692 252 bonum
1716 202 2075 250 propositum,·taiiie11

86 252 309 283 conscientiae
330 250 486 282 luctantis
510 261 583 281 cum
605 251 654 280 ira
676 249 755 280 Dei:
780 249 814 279 ln
837 248 909 297 hac.
924 246 1057 278 absolu·
1080 259 1082 285 2
1104 257 1169 277 non
1193 252 1326 297 propter
1348 252 1495 296 nostram
1519 245 1705 285 dignitatem
1724 244 1818 274 datur
1830 252 2013 314 remissio,H
2015 244 2076 273 sed

85 295 172 325 tione
195 303 334 324 necesse
356 298 406 323 est
429 291 585 333 intelligi,
608 292 696 333 quod
719 292 783 321 fide
806 295 986 329 accipiatur
1009 298 1057 319 re·
1080 294 1083 323 2
1104 299 1162 329 per
1184 289 1457 325 nnsericordiam,
1482 297 1565 327 quae
1589 286 1653 317 fide
1675 285 1940 336 apprehenditur.
1991 327 1997 334 .
2017 294 2077 315 aec

83 336 214 372 missio,
242 345 308 366 non
338 340 472 374 propter
500 340 633 365 nostras
662 335 809 364 virtutes.
856 332 931 361 Ideo
956 332 1058 371 inquit
1080 325 1083 382 ζ
1105 330 1277 371 explicatio
1302 331 1441 361 sumitur
1465 327 1635 402 exCll’aulo
1658 329 1831 359 dimicante
1854 328 1895 358 de
1916 326 2075 367 particula

154 378 161 386 ⁸
227 379 282 397 *²⁵
366 376 379 406 l
415 376 460 407 th.
484 377 504 407 9
538 377 590 406 22.
615 386 622 405 :
657 376 754 405 Fides
786 380 842 405 tua
869 372 996 404 salvam
1027 380 1058 403 te
1081 388 1083 397 ι
1106 372 1230 409 (iratis,
1255 373 1319 403 fide
1364 383 1401 402 ro
1426 377 1475 402 ter
1537 372 1675 401 iristum.

82 377 298 450 ggii-Stultlec)
309 377 421 449 affigi·
440 400 521 449 fide’s
546 379 660 449 nogtra
683 416 875 453 dilectione,
906 416 965 445 sed
989 421 1058 444 tan-
1081 400 1084 428 Ι
1342 383 1363 412 p
1403 383 1424 412 p

83 467 152 492 tum
180 461 406 492 misericordia
428 461 609 500 promissa,
640 466 673 489 ut
702 463 842 488 constat.
893 457 964 487 Nec
993 457 1059 487 exi-

84 510 174 536 stere
197 501 327 534 dilectio
350 508 477 544 potest,
505 503 567 532 nisi
595 502 637 530 sit
664 500 873 540 apprehensa
895 499 1058 529 remissio.
1080 517 1084 543 3

84 545 160 576 Alia
183 552 234 576 est
258 544 422 575 absolutio
445 543 577 584 publica
601 553 713 573 coram
736 540 900 577 Ecclesia.
923 540 1005 571 haec
1025 540 1059 570 fit
1080 547 1089 590 ὲ

84 594 219 628 propter
242 588 330 618 bona
353 596 471 626 opera,
505 594 589 625 quae
617 590 693 614 sunt
716 584 900 614 testimonia
923 593 1059 614 conver·
1081 599 1084 630 4

84 630 199 666 sionis,
221 636 257 660 ut
279 629 333 659 hic
352 628 503 659 Christus
518 626 698 657 Pharisaeo
723 625 882 662 declarat,
906 636 963 656 cur
987 635 1058 655 eam
1082 633 1083 658 1

85 672 232 711 recipiat,
255 672 331 712 quia
353 676 461 700 extent
477 671 521 701 ²⁰)
546 669 731 700 testimonia
755 668 994 699 conversionis

1377 480 1582 511 Decimum
1617 486 1808 512 octavum.

1280 565 1355 595 Vita
1378 572 1511 595 aeterna
1535 571 1672 595 vocatur
1696 575 1831 602 merces,

1278 607 1336 637 Est
1360 617 1441 649 ergo
1466 607 1575 637 debita
1598 618 1658 647 pro
1683 608 1846 648 operibus.

1194 665 1392 707 Respondeo
1406 667 1613 697 brevissime:
1638 666 1715 697 Vita
1733 674 1868 698 aeterna
1879 675 1929 699 est
1942 679 2080 708 merces,

169 713 221 742 Ac
252 719 321 744 tota
343 712 480 742 historia
503 712 611 752 imago
635 717 684 741 est
707 709 899 747 Ecclesiae,
930 719 1060 750 semper
1108 709 1184 749 quia
1214 716 1404 748 compensat
1441 707 1630 745 benefacta,
1666 710 1791 740 etiamsi
1824 711 1920 741 datur
1948 719 2081 752 propter

84 757 150 788 duo
175 760 249 785 sunt
273 760 404 785 coetus:
434 753 528 784 Alter
552 752 795 794 hypocrit'cuS,
818 752 951 783 inflatus
975 752 1060 781 ordi·
1108 750 1213 787 aliud,
1244 750 1368 781 scilicet
1398 758 1533 792 propter
1562 750 1738 782 Christum.
1784 751 1826 782 Ut
1855 754 2080 793 patrimonium

85 799 177 828 naria
211 798 406 827 auctoritate
440 802 469 826 et
505 796 657 836 opinione
691 795 851 832 iustitiae,
886 800 1060 835 propterea
1082 793 1086 831 I
1107 800 1159 824 est
1183 803 1311 824 merces
1335 793 1408 831 filii,
1433 794 1558 824 etiamsi
1582 794 1739 834 contingit
1753 796 1799 834 2²3)
1830 802 1963 836 propter
1986 795 2081 827 aliam

85 839 173 881 quod
202 840 329 870 videtur
359 845 523 878 utcunque
547 839 629 868 tueri
658 838 839 868 doctrinam
870 836 1060 877 disciplinae
1108 845 1271 866 caussam.
1309 836 1399 866 Haec
1424 837 1598 876 responsio
1622 837 1732 866 brevis
1756 844 1787 867 et
1811 838 1961 878 expedita
1986 839 2080 869 satis-

84 888 118 913 et
138 882 252 923 Legis.
289 881 482 921 Quanquam
505 886 613 910 autem
636 878 688 909 hic
712 886 826 910 coetus
849 890 915 909 non
938 878 1060 919 ample-

84 925 183 959 ctitur
204 922 438 964 Evangelium,
473 928 599 959 tamen,
634 922 710 962 quia
738 928 825 952 tenet
850 922 1060 963 gubernatio-

85 976 176 1003 nem,
201 966 278 996 ldeo
302 966 345 995 ibi
369 963 521 995 Christus
545 965 669 995 assidet
691 974 844 1001 mensae,
871 964 904 994 id
928 970 994 1000 est,
1016 964 1060 993 ibi

86 1009 311 1039 concionatur.
356 1005 452 1037 Alter
479 1013 591 1037 coetus
617 1016 684 1043 est,
713 1007 767 1047 qui
797 1007 884 1037 audit
909 1006 1059 1046 Evange-

81 1049 179 1087 lium,
209 1059 287 1080 vere
314 1050 383 1090 agit
404 1049 634 1088 poenitentiam
665 1054 694 1078 et
724 1059 802 1079 vera
833 1048 898 1079 fide
927 1049 1060 1079 invocat

83 1091 202 1129 Deum,
225 1092 376 1132 agnoscit
400 1090 499 1121 filium
522 1091 584 1122 Dei
599 1091 813 1121 Mediatorem
837 1097 868 1120 et
891 1091 1058 1131 praedicat

80 1133 315 1176 Evangelium:
346 1133 429 1164 Huic
460 1135 584 1170 coetui,
615 1143 801 1173 quanquam
831 1132 915 1163 alter
944 1138 1058 1163 coetus

82 1175 182 1207 habet
207 1176 409 1216 speciosiora
434 1186 544 1215 opera,
573 1181 679 1206 tamen
700 1174 853 1205 Christus
874 1176 983 1205 tribuit
1005 1174 1058 1204 hic

83 1217 211 1249 laudem
240 1217 442 1255 dilectionis,
473 1228 571 1258 quam
602 1218 665 1247 sibi
694 1223 825 1247 sumunt
853 1216 1056 1258 hypocritae,

82 1261 136 1300 qui
164 1266 322 1301 arrogant
352 1261 414 1290 sibi
447 1260 602 1290 iustitiam
638 1258 748 1299 Legis.
803 1259 869 1289 Sed
903 1258 1056 1289 Christus

82 1301 240 1333 transfert
263 1301 327 1332 hoc
352 1303 452 1332 decus
475 1303 506 1331 in
529 1301 615 1331 hanc
638 1301 790 1331 miseram
802 1300 981 1338 mulierem,
1005 1301 1057 1331 hic
1105 1307 1217 1331 ternae
1240 1307 1374 1342 propter
1398 1301 1563 1333 Christum
1587 1302 1665 1333 nihil
1689 1304 1854 1341 dixerunt3
1888 1304 1953 1335 lmo
1978 1315 2077 1345 oppo-

80 1342 190 1384 placet
216 1344 339 1375 iustitia
362 1344 481 1384 Legis,
513 1344 567 1374 ubi
597 1349 647 1373 est
678 1353 754 1373 vera
776 1344 899 1383 agnitio
924 1342 1056 1374 Christi.
1104 1343 1200 1373 situm
1224 1344 1443 1382 tradiderunt,
1475 1356 1549 1375 cum
1573 1346 1677 1376 aiunt:
1711 1346 1796 1387 Spes
1820 1354 1868 1377 est
1894 1348 2077 1387 expectatio

80 1385 122 1416 Et
143 1386 175 1416 in
198 1386 264 1417 hoc
289 1392 385 1416 coetu
408 1391 484 1416 sunt
502 1386 570 1416 veri
587 1384 706 1422 cultus,
729 1384 867 1423 scilicet,
890 1386 1043 1426 poeniten
1105 1386 1191 1416 vitae
1226 1393 1380 1417 aeternae
1414 1393 1486 1417 orta
1520 1397 1559 1417 ex
1593 1389 1716 1419 meritis
1751 1390 1884 1420 nostris.
1928 1388 2078 1430 Denique

1108 877 1186 909 facit
1208 878 1284 909 huic
1309 879 1502 914 obiectioni3
1524 879 1607 909 Nam
1630 879 1811 910 adversarii
1833 881 2003 911 immodice
2027 890 2080 911 ex-

1108 927 1307 962 aggerantes
1321 920 1520 952 vocabulum
1532 920 1695 951 Meu-edis
1719 922 1819 953 multa
1842 923 1914 953 inde
1937 924 2078 954 absurda

1108 969 1330 993 extruxerunt.
1376 962 1419 993 Ut
1449 965 1481 993 in
1511 962 1677 994 locatione
1706 975 1878 1004 operarum
1903 972 1935 996 et
1959 976 2080 996 merce—

1108 1005 1169 1042 dis,
1193 1004 1246 1035 vel
1269 1006 1300 1035 in
1325 1007 1498 1046 emptione,
1520 1007 1613 1045 pretii
1636 1013 1667 1036 et
1690 1008 1808 1037 mercis
1822 1009 1866 1041 29)
1890 1014 1938 1038 est
1962 1018 2079 1049 aequa-

1107 1046 1196 1078 litas:
1221 1047 1277 1078 Sic
1290 1047 1451 1078 fimorum
1471 1047 1697 1089 aequalitatem
1711 1050 1916 1080 obedientiae
1941 1057 1972 1081 et
1994 1051 2080 1081 vitae

1107 1096 1278 1127 aeternae,
1313 1096 1344 1121 et
1372 1098 1571 1121 vocaverunt
1608 1092 1824 1122 obedientiam
1859 1093 2005 1123 meritum
2039 1093 2080 1123 de

1107 1133 1289 1173 condigno,
1324 1132 1487 1163 finxerunt
1510 1132 1659 1163 homines
1684 1134 1764 1174 Legi
1788 1134 1850 1165 Dei
1874 1135 2079 1173 satisfacere,

1107 1175 1279 1205 commenti
1309 1180 1384 1204 sunt
1404 1185 1503 1215 opera
1527 1177 1844 1217 supererogationis.
1890 1177 1929 1207 Et
1954 1178 1994 1208 de
2016 1177 2079 1209 fide

1105 1217 1250 1247 intuente
1273 1227 1338 1247 non
1362 1223 1508 1247 nostram
1532 1218 1739 1259 dignitatem,
1768 1220 1827 1249 sed
1851 1219 2076 1257 Mediatorem,

1105 1264 1137 1288 et
1158 1259 1341 1298 accipiente
1364 1260 1591 1290 remissionem
1607 1267 1638 1291 etv
1660 1259 1893 1293 haereditatem
1917 1263 2003 1293 vitae
2026 1273 2078 1293 ae-

81 1429 143 1464 tia,
167 1428 268 1465 fides.
293 1438 368 1458 vera
394 1429 575 1465 invocatio,
599 1427 745 1464 dilectio,
769 1427 915 1459 osculari
940 1435 971 1458 et
994 1435 1057 1458 ter·
1104 1428 1301 1459 vocabulum
1330 1429 1436 1460 Meriti
1470 1428 1589 1460 multas
1624 1431 1861 1471 disputationes
1894 1433 2012 1468 movit,
2047 1439 2075 1462 et

81 1480 160 1512 geie
183 1471 283 1510 pedm·
309 1469 447 1508 Christi,
470 1471 502 1500 id
526 1476 594 1507 est,
624 1479 743 1500 ornare
759 1471 802 1503 2⁷)
826 1476 858 1501 et
881 1469 1057 1500 defendere
1104 1469 1337 1508 Bernhardus,
1368 1482 1439 1502 cum
1465 1482 1502 1502 se
1524 1472 1679 1503 evolvere
1701 1484 1766 1504 non
1790 1480 1921 1515 posset,
1947 1474 2076 1505 tandem

80 1513 292 1543 ministerium
320 1511 493 1554 Evangelii
522 1519 552 1542 et
582 1513 690 1542 studia
720 1513 911 1543 necessaria
942 1512 1057 1543 Eccle-
1103 1513 1220 1553 inquit:
1248 1512 1378 1543 Sufficit
1402 1516 1442 1544 ad
1466 1515 1613 1545 meritum
1637 1517 1735 1553 scire,
1759 1517 1847 1557 quod
1859 1527 1923 1547 non
1937 1515 2077 1547 sufficiat

81 1556 167 1592 siae,
201 1555 364 1586 sustinere
388 1553 534 1595 pericula
557 1555 588 1585 in
612 1553 839 1592 confessione,
868 1554 1001 1595 labores
1025 1560 1057 1585 et
1103 1556 1261 1585 meritum.
1318 1555 1365 1586 Ita
1399 1557 1522 1597 agnitio
1555 1559 1708 1598 propriae
1742 1559 1934 1590 infirmitati-5
1971 1559 2076 1600 coegit

1103 1608 1176 1628 eum
1200 1596 1380 1639 confugere
1402 1600 1442 1629 ad
1467 1598 1644 1630 Christum.

1189 1640 1311 1671 Nostra
1335 1642 1432 1681 igitur
1454 1641 1627 1681 explicatio
1652 1650 1702 1674 est
1726 1646 1886 1686 expedita.
1928 1645 2075 1677 Dicimus

1103 1689 1258 1722 oportere
1281 1683 1314 1713 in
1336 1682 1506 1714 salvandis
1530 1686 1671 1725 existere
1694 1689 1943 1727 poenitentiam,
1978 1688 2075 1720 fidem

1102 1731 1132 1755 et
1151 1725 1339 1756 inchoatam
1360 1727 1576 1757 obedientiam
1589 1738 1649 1758 seu
1661 1729 1884 1765 dilectionem3
1908 1730 1948 1761 Et
1966 1737 2073 1762 tamen

1102 1768 1177 1808 quia
1199 1778 1315 1799 revera
1337 1768 1445 1800 adhuc
1469 1770 1500 1799 in
1525 1780 1625 1800 carne
1646 1771 1763 1813 ingens
1788 1778 1839 1802 est
1858 1771 1966 1814 caligo
1985 1774 2073 1804 etin-

1101 1810 1237 1840 firmitas
1250 1820 1440 1852 repugnans
1452 1811 1534 1853 Legi
1548 1812 1623 1849 Dei.
1647 1816 1892 1854 agnoscendum
1906 1821 1967 1852 est,
1986 1817 2074 1856 quod

1100 1853 1203 1893 inquit
1225 1852 1351 1883 David:
1386 1854 1461 1884 Non
1491 1855 1722 1887 iustificabitur
1747 1858 1778 1887 in
1811 1863 1992 1898 conspectu
2019 1864 2073 1889 tuo

1101 1895 1205 1925 omnis
1235 1896 1362 1926 vivens.
1408 1896 1449 1926 Et
1478 1895 1730 1939 confugiendiun
1759 1906 1808 1930 est
1831 1900 1872 1930 ad
1895 1899 2074 1937 Christum,

1100 1948 1141 1968 ac
1163 1939 1381 1976 statuendum,
1405 1940 1492 1979 quod
1512 1941 1684 1980 agentibus
1707 1943 1937 1981 poenitentiam
1955 1948 1986 1973 et
2005 1952 2073 1974 cre-

81 1597 155 1627 odia
191 1598 221 1627 in
258 1597 419 1628 docendo.
470 1596 617 1627 Econtra
648 1596 841 1637 hypocritae
874 1604 952 1628 sunt
984 1599 1055 1628 sine

79 1640 279 1680 poenitentia
311 1645 342 1670 et
371 1641 443 1670 sine
465 1640 582 1669 timore
603 1638 684 1676 Dei,
712 1640 786 1680 quia
810 1646 924 1680 putant
949 1650 985 1671 se
1008 1641 1054 1670 iu-

79 1688 151 1712 stos
175 1692 251 1712 esse
274 1692 335 1713 sua
352 1681 526 1722 disciplina
538 1692 598 1712 seu
609 1683 679 1712 suis
693 1683 904 1718 cerenoniis3
926 1681 1054 1713 Deinde

81 1730 157 1755 sunt
185 1725 256 1755 sine
286 1724 368 1762 fide,
403 1726 477 1765 quia
506 1723 559 1755 vel
583 1724 751 1755 confidunt
775 1734 834 1755 sua
857 1726 976 1755 iustitia
1001 1725 1054 1755 vel

80 1773 210 1797 manent
240 1767 271 1797 in
299 1767 516 1798 dubitatione:
551 1766 635 1797 Sunt
657 1766 728 1797 sinc
752 1766 944 1805 dilectione,
980 1768 1054 1808 quia

80 1819 144 1840 non
172 1815 282 1850 potest
305 1811 448 1840 existere
471 1808 602 1840 dilectio
626 1808 689 1839 Dei
715 1815 745 1839 et
776 1809 958 1847 invocatio,
992 1811 1055 1841 nisi

78 1852 168 1892 prius
192 1853 302 1893 agnita
321 1852 363 1882 sit
385 1852 553 1883 remissio:
576 1851 791 1893 Evangelium
816 1862 894 1882 vero
918 1863 983 1883 non
1003 1863 1054 1883 or-

79 1900 174 1930 nant,
205 1895 264 1924 sed
294 1893 347 1925 vel
376 1893 486 1924 delere
515 1893 568 1924 vel
598 1904 747 1934 premere
777 1901 947 1925 conantur.
992 1895 1054 1925 Hic

79 1937 176 1977 igitur
201 1935 351 1967 Christus
375 1935 636 1966 consolationem
659 1937 720 1976 piis
743 1938 907 1977 proponit,
933 1937 1052 1968 refutat

79 1979 198 2009 acriter
216 1978 430 2010 Pharisaeum
454 1984 486 2009 et
513 1977 654 2008 detrahit
683 1979 711 2009 ei
741 1978 871 2010 laudem
901 1981 1054 2017 iustitiae,

78 2026 112 2050 ut
144 2020 307 2062 significet
334 2031 371 2052 se
399 2020 576 2052 defendere
606 2031 699 2051 suam
725 2020 908 2052 Ecclesiam
939 2029 1051 2054 contra

78 2062 188 2103 iniqua
212 2063 329 2094 iudicia
352 2063 545 2104 hypocritici
569 2069 694 2093 coetuS.

165 2104 200 2135 Si
223 2106 275 2135 cui
299 2115 376 2135 vero
400 2105 483 2137 haec
502 2105 623 2136 solutio
646 2106 686 2136 de
709 2105 831 2146 duplici
845 2107 1053 2138 absolutione

79 2156 143 2176 non
156 2146 276 2187 placet,
288 2153 397 2178 utatur
410 2146 533 2184 altera;
555 2147 704 2179 Usitatae
717 2155 792 2179 sunt
805 2149 1052 2188 Synecdochae,

80 2188 299 2220 Remittuntur
333 2191 361 2220 ei
395 2189 512 2226 multa,
549 2190 623 2230 quia
657 2201 819 2222 conversa
853 2199 912 2222 est.
958 2192 1052 2223 Talia

79 2232 166 2262 dicta
188 2237 220 2262 et
242 2231 320 2263 alibi
343 2239 532 2270 occurrunt,
558 2238 589 2263 et
613 2239 719 2264 tamen
743 2233 972 2275 Synecdoche,
996 2246 1051 2265 ex-

77 2272 231 2314 plicanda
265 2281 326 2305 est.
378 2274 572 2315 Quanquam
600 2285 739 2307 necesse
768 2283 819 2307 est
849 2276 945 2308 simul
975 2288 1051 2308 con-

79 2326 213 2346 currere
246 2315 367 2355 multas
396 2323 508 2357 partes
539 2318 783 2356 conversionis,
813 2321 1050 2358 contritionem,

1101 1981 1253 2010 dentibus
1280 1987 1415 2021 propter
1440 1983 1545 2022 ipsum
1574 1983 1668 2014 detur
1696 1985 1763 2015 vita
1792 1991 1936 2016 aeterna.
1982 1984 2073 2016 Sicut

1100 2023 1170 2063 ipse
1194 2023 1295 2063 inquit
1320 2023 1400 2061 [loh.
1425 2024 1455 2061 6,
1478 2024 1564 2062 404:
1589 2025 1678 2056 Haec
1702 2033 1751 2057 est
1776 2026 1930 2058 voluntas
1953 2026 2072 2065 Patris,

1099 2071 1132 2095 ut
1157 2066 1260 2095 omnis
1281 2066 1419 2097 credens
1442 2067 1475 2096 in
1494 2066 1610 2099 Filium
1629 2068 1751 2099 habeat
1774 2070 1870 2100 xitam
1894 2076 2070 2101 aeternam.

1099 2107 1140 2137 Et
1158 2109 1298 2139 amentia
1321 2115 1372 2139 est
1396 2109 1532 2150 tingere,
1555 2111 1642 2150 quod
1655 2113 1757 2142 renati
1771 2111 1977 2143 satisfaciant
1990 2112 2069 2154 Legi

1099 2149 1163 2180 Dei
1187 2157 1217 2181 et
1241 2151 1304 2181 sint
1331 2152 1401 2182 sine
1428 2158 1579 2192 peccato.
1626 2153 1667 2183 Ut
1698 2154 1796 2195 igitur
1820 2162 1947 2186 maneat
1979 2161 2067 2186 certa

1099 2203 1177 2233 spes
1192 2194 1277 2224 vitae
1290 2200 1454 2232 aeternae,
1479 2196 1621 2226 sciamus
1637 2205 1706 2226 eam
1719 2197 1789 2231 dari
1800 2198 1974 2237 agentibus
1992 2208 2069 2238 poe-

1099 2236 1264 2266 nitentiam
1288 2243 1319 2266 et
1342 2237 1551 2269 credentibus
1574 2245 1710 2278 propter
1733 2238 1908 2270 Christum.

1184 2278 1313 2309 lnterim
1343 2285 1450 2310 tamen
1479 2280 1554 2320 quia
1577 2279 1669 2310 Deus
1699 2282 1810 2321 recipit
1841 2282 2065 2319 obedientiam,

1098 2322 1158 2350 etsi
1189 2322 1276 2351 bona
1305 2331 1406 2361 opera
1428 2332 1494 2352 non
1518 2328 1682 2353 merentur
1704 2324 1928 2354 remissionem
1951 2335 2059 2364 pecca-

1096 2369 1202 2394 torum
1227 2369 1256 2393 et
1279 2362 1513 2395 haereditatem
1536 2365 1620 2394 xime
1635 2371 1797 2403 aeternae,
1821 2372 1928 2396 tamen
1941 2377 2065 2397 meren-

80 2436 126 2465 25)
151 2437 229 2467 inquit
248 2436 374 2467 Christus]
392 2437 464 2462 Editt.
488 2438 576 2459 1—17⁴
598 2437 635 2460 19.
655 2437 693 2460 21.
713 2438 826 2464 Christus
842 2440 922 2470 inquit

80 2486 124 2515 26)
149 2487 246 2517 extent]
264 2487 337 2512 Editt.
361 2488 398 2510 18.
420 2488 460 2510 20.
481 2488 600 2516 25—27.,
623 2488 696 2519 Corp.
716 2489 790 2512 1-8.
810 2492 896 2514 extant

80 2536 124 2564 27)
150 2536 173 2561 id
193 2539 239 2563 est.
259 2537 360 2568 ornare]
382 2537 453 2562 Editt.
478 2540 498 2561 1.
518 2539 541 2561 3.
562 2540 587 2563 et
605 2543 695 2563 ornare

1097 2492 1142 2518 28)
1166 2491 1296 2523 contingit]
1316 2492 1388 2517 Editt.
1409 2494 1430 2515 l.
1451 2492 1474 2515 3.
1493 2488 1622 2522 contingat

1098 2542 1142 2572 29)
1168 2542 1271 2572 mercis]
1290 2542 2063 2576 Editt 3.18.20.22—34.,Corp.1—8..0pp.1.2.mercedis
