2358 2933
233 109 294 141 743
866 100 975 132 PHlL.
999 98 1101 130 MEL.
1123 97 1307 130 SCRIPTA
1329 95 1600 128 DOGMATtCA.
2158 95 2220 126 ⁷44

234 202 321 232 mitat
354 199 436 237 [1011.
479 220 487 229 .
511 196 592 233 29,1;
629 195 688 225 Hic
718 201 766 224 est
797 202 903 234 agnus
927 192 1004 228 Dei,
1038 192 1093 232 qui
1122 189 1205 221 tollit

235 251 367 284 peccata
389 240 511 271 mundi:
536 238 581 268 lta
596 235 716 267 Paulus
737 235 803 266 vult
823 235 918 265 nobis
940 234 1023 263 hanc
1042 234 1205 263 w'ctimam

235 293 429 326 proponere,
453 290 481 311 et
503 281 596 310 docet
619 285 751 318 propter
768 276 854 307 hunc
874 275 974 306 filium
988 275 1048 306 Dei
1069 275 1139 305 dari
1156 284 1206 305 re-

235 328 423 357 missionem
446 331 476 354 et
501 319 808 355 reconciliationem,
832 329 897 349 non
916 324 1051 357 propter
1072 323 1206 347 nostras

235 370 381 399 virtutes.

321 409 429 443 Quare
453 417 526 437 cum
549 406 641 440 dicit,
671 402 887 434 iustificantur
910 401 993 437 fide,
1016 399 1085 430 vult
1108 406 1140 430 te
1162 401 1208 430 in-

238 453 317 482 tueri
342 450 441 480 tilium
464 448 526 479 Dei
551 448 719 477 sedentem
743 446 783 475 ad
808 445 955 474 dextram
978 442 1105 479 Patris,
1138 441 1207 472 Me-

237 495 395 524 diatorem
411 489 672 530 interpellantem
687 498 747 528 pro
763 487 869 523 nobis,
894 492 923 516 et
939 491 1096 521 statuere,
1120 484 1208 524 quod

237 536 291 566 tibi
307 534 509 565 remittantur
520 537 668 572 peccata,
683 530 770 571 qnod
783 530 900 565 iustus,
920 527 951 558 id
966 534 1028 563 est,
1051 532 1208 566 acceptus

236 577 394 617 reputeris
432 585 492 605 5011
514 573 734 614 pronuntieris
761 578 895 612 propter
923 568 1012 599 illum
1034 569 1139 608 ipsum
1158 567 1208 597 Fi-

237 619 330 650 lium.
357 619 410 659 qui
434 616 490 647 suit
515 617 654 646 victima.
701 614 742 644 Ut
767 614 867 654 igitur
891 610 1088 642 vocabulum
1112 610 1208 641 Fides

236 667 393 692 monstret
418 659 506 690 illum
526 658 738 689 Mediatorem
763 663 793 685 et
814 655 910 685 nobis
930 651 1083 694 applicet,
1108 653 1207 692 signi-

238 704 310 734 ficat
336 703 418 733 tides
442 711 507 732 non
533 709 654 730 tantum
673 698 831 728 historiae
853 697 1017 732 notitiam,
1045 695 1105 725 sed
1130 695 1209 724 lidu—

238 747 319 778 ciam
348 743 591 775 misericordiae
626 742 807 781 promissae
841 745 974 779 propter
1005 736 1105 767 tilium
1133 736 1208 766 Dei.

236 788 361 828 Estque
391 796 521 826 semper
552 785 634 814 haec
664 782 843 823 propositio
874 779 1070 810 correlative
1094 777 1209 808 intelli-

238 831 357 872 genda:
382 828 459 859 Pide
484 838 597 857 sumus
623 826 712 855 iusti.
737 825 768 854 id
794 830 860 860 est,
883 822 1002 852 fiducia
1026 821 1209 851 misericor-

238 874 310 903 diae
333 879 466 911 propter
489 868 652 900 Christum
676 877 787 897 sumus
811 865 958 903 accepti,
987 873 1053 893 non
1075 869 1210 902 propter

239 921 371 945 nostras
402 914 549 943 virtutes.
596 910 678 939 Nam
706 908 787 938 haec
818 905 1042 936 misericordia
1065 905 1129 934 fide
1152 914 1211 934 5011

240 957 357 987 fiducia
382 953 645 994 apprehenditur.
692 950 763 980 1100
792 950 858 990 agit
882 946 1023 983 Paulus,
1059 953 1091 977 ut
1121 944 1209 976 illum

239 998 453 1029 Mediatorem
481 1003 509 1026 et
539 1004 657 1035 agmun
681 993 776 1023 nobis
800 996 977 1032 proponat,
1011 995 1042 1018 et
1072 987 1210 1030 gloriam

239 1041 379 1071 iustitiae
409 1039 503 1069 nobis
534 1035 700 1071 detrahat,
736 1042 767 1065 et
795 1039 932 1063 testetur
961 1037 1096 1072 propter
1123 1030 1211 1060 hunc

240 1083 489 1122 Propitiatorem
512 1090 573 1110 nos
597 1078 708 1118 recipi.
743 1076 835 1106 llanc
858 1085 934 1105 esse
952 1079 1093 1104 mentem
1106 1070 1209 1108 Pauli,

240 1124 319 1156 nihil
342 1124 474 1154 dubium
498 1128 566 1158 est,
597 1127 625 1150 et
652 1119 847 1149 sententiam
874 1118 979 1157 ipsam
1003 1125 1079 1146 esse
1101 1124 1212 1145 veram

240 1174 270 1198 et
295 1174 415 1197 certam
438 1167 469 1195 in
492 1162 655 1199 Ecclesia,
679 1159 977 1191 manifestissimum
1001 1164 1062 1188 est.
1096 1157 1212 1187 Faten-

239 1218 292 1240 tur
310 1209 394 1239 enim
418 1217 531 1237 omnes
545 1205 669 1236 Sancti.
693 1214 742 1239 se,
767 1203 859 1232 etiam
878 1212 951 1232 cum
969 1200 1089 1230 habent
1109 1207 1213 1228 novas

240 1252 389 1286 virtutes,
413 1258 520 1279 tamen
547 1258 611 1277 non
635 1252 768 1286 propter
791 1244 851 1274 has
874 1244 1025 1282 accipere
1048 1241 1213 1271 remissio-

241 1303 313 1323 nem
343 1298 552 1332 peccatorum
587 1296 615 1320 et
645 1285 961 1321 reconciliationem,
995 1284 1054 1314 sed
1082 1288 1214 1323 propter

245 1334 345 1365 filium
371 1334 435 1364 Dei
456 1332 713 1372 propitiatorem.
759 1329 835 1359 ldeo
860 1336 998 1358 necesse
1022 1332 1073 1356 est
1097 1326 1145 1355 sic
1168 1325 1214 1354 in-

241 1376 342 1418 telligi
364 1376 429 1406 1100
455 1376 591 1405 dictum:
623 1373 702 1403 Fide
726 1371 883 1402 habemus
907 1369 1148 1404 remissionem.
1182 1367 1215 1396 id

242 1427 304 1457 est,
324 1419 386 1449 hac
411 1417 540 1453 fiducia,
564 1416 650 1456 quod
665 1421 799 1455 propter
816 1412 917 1443 filium
930 1411 992 1441 Dei
1010 1410 1214 1449 recipiamur.

327 1461 388 1496 Qui
414 1470 493 1490 vero
519 1457 697 1488 reclamant
722 1456 797 1486 huic
822 1454 1034 1489 enarrationi,
1057 1452 1109 1482 his
1132 1451 1215 1481 haec

243 1505 346 1537 oratio
370 1513 507 1544 prorsus
531 1501 636 1531 inanis
656 1500 782 1529 sonitus
806 1503 855 1527 est
871 1503 902 1526 et
915 1494 994 1525 nihil
1012 1493 1216 1535 significans,

244 1546 410 1578 lustificati
434 1544 497 1574 fide
521 1552 632 1583 pacem
657 1541 826 1571 habemus.
867 1538 996 1568 Deinde
1019 1546 1080 1568 1100
1102 1533 1217 1565 intelli-

245 1598 322 1632 gunt
343 1589 416 1629 ipsi,
440 1585 537 1627 quale
561 1586 600 1614 sit
627 1591 790 1613 certamen
815 1580 1038 1612 conscientiae
1060 1577 1217 1608 luctantis

245 1643 317 1663 cnm
347 1630 525 1670 pavoribus
551 1634 579 1657 et
605 1626 823 1661 dubitatione,
854 1633 925 1653 cum
949 1622 1080 1663 angitur
1104 1621 1144 1650 de
1168 1629 1217 1649 re-

244 1674 398 1705 missione
426 1677 655 1711 peccatorum.
679 1678 740 1698 nec
770 1671 888 1696 norunt
919 1673 1073 1703 pavores,
1104 1662 1159 1703 qui
1187 1662 1217 1691 in

245 1727 321 1747 vera
346 1713 542 1755 poenitentia
566 1712 739 1750 existunt-f*
757 1709 826 1739 Hos
843 1709 869 1737 si
887 1707 1143 1741 considerarent,
1157 1704 1219 1734 sci-

245 1765 315 1789 rent
345 1763 469 1787 mentes
500 1751 753 1794 perterrefactos
778 1759 936 1791 quaerere
960 1746 1219 1779 consolationem

247 1807 339 1832 extra
367 1809 459 1829 sese.
494 1803 524 1827 et
552 1796 637 1826 hanc
669 1792 927 1824 consolationem
957 1800 1033 1821 esse
1056 1789 1220 1825 fiduciam,

247 1853 309 1884 qua
340 1840 494 1872 voluntas
523 1838 699 1879 acquiescit
733 1837 764 1866 in
794 1834 1014 1875 promissione
1036 1832 1220 1862 misericor-

248 1887 320 1916 diae
359 1889 492 1924 propter
526 1881 739 1911 Mediatorem
779 1878 929 1907 donatae.
987 1873 1221 1913 Complectitur

247 1934 354 1958 autem
386 1924 504 1955 fiducia
535 1921 779 1953 misericordiae
813 1927 842 1949 et
874 1919 1019 1948 notitiam
1049 1915 1220 1949 historiae;

249 1970 322 2010 quia
346 1968 427 1998 fides
451 1967 591 1996 intuetur
607 1963 784 1999 Christum,
807 1971 903 2002 quem
919 1960 1056 2001 agnosci
1081 1966 1221 1988 necesse

250 2018 298 2042 est
320 2020 394 2041 esse
414 2007 513 2039 filitun
531 2008 653 2038 aeterni
666 2005 740 2041 Dei,
760 2014 819 2044 pro
838 2004 933 2033 nobis
952 2000 1154 2036 crucifixum,
1171 2010 1221 2029 re-

251 2054 453 2084 suscitatum.
479 2057 540 2081 etc.
583 2049 707 2089 Estque
730 2045 902 2077 reserenda
926 2044 1062 2074 historia
1084 2043 1125 2072 ad
1147 2052 1221 2082 pro-

251 2096 439 2126 missionem
459 2103 519 2123 seu
542 2091 702 2127 effectum,
729 2090 781 2130 qui
802 2089 832 2118 in
856 2088 917 2117 hoc
941 2084 1078 2116 articulo
1101 2094 1222 2124 propo-

252 2139 346 2174 nitur,
371 2134 532 2171 videlicet,
557 2133 665 2164 fredo
682 2132 906 2162 remissionem
922 2134 1145 2169 peccatorum.
1170 2126 1222 2156 Ac

253 2189 366 2210 mrsus
390 2178 442 2208 hic
467 2178 538 2217 ipse
560 2174 718 2206 articulus
742 2179 870 2209 monet,
900 2178 934 2202 ut
959 2170 1040 2201 fides
1064 2167 1222 2209 intelliga-

254 2230 305 2252 tur
328 2220 456 2250 fiducia.
502 2219 583 2249 Nam
607 2216 670 2254 illi,
701 2217 754 2257 qui
777 2225 842 2246 non
866 2213 998 2244 confidit
1021 2212 1082 2243 sibi
1106 2211 1223 2241 remitti

253 2269 408 2305 peccata,
438 2261 520 2291 11300
544 2261 661 2297 verba,
691 2258 798 2289 Credo
823 2256 1048 2287 remissionem
1070 2259 1223 2293 peccato-

255 2316 342 2342 mm,
366 2302 484 2334 frustra
508 2303 666 2332 dicuntur.

339 2346 415 2377 Dixi
436 2346 475 2375 de
494 2343 657 2375 intellectu
681 2342 932 2384 propositionis:
962 2339 1042 2369 Fide
1069 2337 1223 2368 iustifica-

255 2400 338 2424 mur;
372 2398 458 2418 nunc
490 2387 672 2416 testimonia
702 2385 837 2421 addam,
871 2383 960 2424 quod
988 2382 1069 2412 fides
1104 2381 1134 2410 in
1162 2378 1224 2409 hac

255 2431 403 2462 doctrina
426 2427 595 2469 Evangelii
623 2428 782 2467 significet
806 2426 957 2457 fiduciam
981 2422 1225 2454 misericordiae

254 2473 436 2513 promissae
460 2478 594 2510 propter
617 2469 790 2500 Christum.

342 2514 479 2548 Quidam
503 2513 542 2542 de
568 2510 728 2542 vocabulo
752 2515 851 2545 πίστις
873 2509 1018 2551 litigant,
1049 2516 1111 2537 1100
1138 2504 1226 2536 aliud

1248 190 1361 222 volunt
1385 189 1521 230 intelligi
1539 189 1602 219 nisi
1615 189 1796 219 doctrinam
1807 198 1868 220 5011
1881 187 2028 230 Symboli
2041 186 2220 228 professio-

1252 243 1340 270 nem,
1368 239 1403 263 ut,
1426 231 1527 273 vulgo
1550 231 1680 261 dicitur:
1706 230 1802 261 Fides
1825 231 1966 267 Nicena,
1988 239 2048 270 pro
2072 230 2222 261 doctrina

1250 285 1309 306 seu
1340 275 1527 316 dogmatum
1556 271 1760 303 collectione.
1805 272 1872 303 Sed
1896 273 2034 303 Graecis
2062 271 2156 312 plura
2178 273 2221 302 si-

1251 316 1407 358 gnificare
1430 317 1566 347 verbum
1587 315 1728 346 πιστεύω.
1753 321 1892 345 constat.
1926 315 1997 345 Nec
2019 315 2150 345 dubium
2173 319 2223 344 est

1251 359 1414 389 1101113103
1442 358 1552 398 phrasi
1584 358 1769 397 promiscue
1798 358 1947 397 usurpari
1982 357 2103 389 verba.
2137 365 2222 396 quae

1251 400 1434 441 significant
1462 401 1596 430 credere
1620 406 1652 429 et
1672 398 1850 436 confidere,
1871 405 1907 429 ut
1925 397 2015 429 Psal.
2028 398 2059 428 2.
2080 390 2143 435 [115.
2161 397 2221 435 124

1251 443 1343 474 Beati
1367 453 1493 473 omnes.
1519 442 1572 482 qui
1598 441 1765 471 confidunt
1787 441 1819 471 in
1843 450 1893 471 οο.
1928 440 1988 471 Hic
2011 440 2153 470 Hebraei
2176 439 2222 470 le-

1253 492 1331 526 gunt
1345 485 1435 515 Hose
1460 488 1564 522 1³:517!-
1587 483 1626 514 Et
1651 484 1739 523 quod
1754 482 1877 513 Paulus
1902 481 2005 518 lRom.
2018 482 2050 519 9,
2063 482 2130 520 33.]
2145 482 2224 512 citat

1253 546 1292 582 ex
1316 535 1418 565 lesaia
1433 537 1476 569 ⁵⁰)
1502 534 1638 574 capiis.
1660 533 1814 570 [vs.16.:]
1839 532 1901 567 Qui
1926 533 2039 569 credit,
2061 542 2127 562 non
2147 541 2223 562 0011-

1253 578 1422 615 tundetur,
1466 578 1497 607 in
1544 576 1704 607 Hebraica
1746 574 1886 605 lectione
1930 581 1979 605 est
2021 574 2223 605 Hamaemin.

1255 625 1418 666 11*72.{5[.³,‘t{.
1440 619 1566 649 Eodem
1600 619 1719 655 verbo,
1757 618 1844 658 quod
1878 616 2040 658 significat
2076 616 2223 654 credere,

1253 671 1446 710 saepissime
1469 680 1528 709 pro
1553 668 1717 699 confidere
1739 668 1838 699 utitur
1860 666 1971 708 lingua
1995 667 2161 704 1101111011,
2190 672 2225 697 ut

1252 712 1336 743 Dan.
1356 712 1386 742 6.
1411 715 1476 749 [1-5.
1495 710 1579 749 23.];
1603 710 1686 745 Quia
1711 710 1845 740 credidit
1868 709 1942 740 Deo
1966 720 2038 740 5110.
2075 708 2116 740 Et
2135 707 2224 740 Psal.

1254 755 1305 785 78.
1341 757 1403 791 [vs.
1428 754 1492 790 221
1529 753 1593 783 duo
1628 762 1810 793 synonyma
1847 753 2100 794 coniunguntur:
2141 751 2226 786 Quia

1254 806 1320 827 non
1347 796 1551 826 crediderunt
1577 794 1650 824 Deo
1676 799 1708 823 et
1730 804 1796 824 non
1824 793 1940 824 confisi
1966 794 2092 824 suntin
2112 791 2225 824 Salva-

1255 846 1325 869 tore
1349 848 1420 868 suo.
1474 836 1524 867 Ac
1548 842 1623 867 511111
1648 835 1819 866 manifesta
1845 834 1992 876 exempla
2018 837 2050 866 in
2075 845 2226 866 sermone

1255 880 1376 911 flu-isti
1397 878 1527 917 [Matth.
1549 878 1599 915 15,
1619 878 1702 916 ‘28ss
1739 878 1767 906 0
1786 877 1913 916 mulier,
1933 887 2051 919 magna
2071 883 2121 908 est
2144 876 2226 908 fides

1255 930 1319 953 tua.
1366 922 1443 952 ltem
1465 920 1556 957 {Luta
1577 921 1608 957 7,
1627 920 1710 959 50.]:
1746 919 1843 950 Fides
1869 926 1923 950 tua
1943 919 2068 950 salvam
2087 925 2119 950 te
2138 918 2226 950 fecit.

1254 966 1289 995 ln
1308 965 1360 995 his
1380 970 1410 994 et
1431 962 1590 993 similibus
1609 963 1704 993 dictis
1724 968 1851 993 constat
1871 962 1935 992 fide
1947 961 2136 1003 significare
2148 960 2226 992 fidu-

1257 1008 1347 1038 ciam.
1395 1006 1495 1046 Sequi
1515 1011 1622 1035 autem
1641 1004 1778 1035 Paulum
1795 1003 1930 1044 phrasin
1949 1004 2145 1035 Hebraieam
2162 1013 2227 1035 non

1257 1050 1386 1080 dubium
1407 1054 1465 1078 est.
1491 1047 1618 1078 Deinde
1635 1046 1758 1077 infinita
1778 1052 1951 1077 occurrent.
1969 1046 2053 1087 apud
2078 1045 2228 1077 Graecos

1257 1090 1416 1131 exempla,
1435 1090 1490 1120 nbi
1508 1090 1634 1119 πιστεύω
1648 1088 1837 1129 simpliciter
1854 1088 2015 1130 significat
2035 1087 2175 1125 confido,
2193 1093 2227 1119 ut

1257 1135 1287 1164 in
1313 1132 1440 1174 vulgari
1471 1131 1636 1162 versiculo
1669 1130 1858 1172 Phocylidis
1887 1130 2045 1168 [Sentent.
2076 1140 2125 1160 vs.
2149 1129 2228 1168 90.],

1258 1178 1322 1217 λαῷ
1339 1175 1379 1214 μὴ
1402 1179 1533 1211 πίστευε,
1557 1174 1739 1214 πολύτροπός
1755 1177 1832 1203 ἐστιν
1850 1170 1963 1212 ἳμιλος.
1997 1172 2040 1202 Et
2057 1173 2089 1203 in
2108 1171 2228 1213 Philip-

1257 1219 1328 1259 pica
1354 1223 1468 1258 quarta
1486 1216 1719 1247 Demosthenis
1747 1219 1789 1255 [p.
1811 1216 1882 1246 144.
1908 1216 1959 1246 ed.
1977 1214 2114 1252 Reiske]
2152 1213 2229 1244 ἀλλὰ

1258 1264 1284 1291 εἰ
1306 1260 1474 1298 συμμάχων
1498 1261 1593 1302 ἐννοίᾳ
1621 1258 1761 1295 πιστεύει,
1785 1260 1835 1287 καὶ
1858 1261 1916 1292 τοῖς
1939 1254 2043 1292 ὅπλοις
2061 1257 2164 1296 ἰσχύει.
2187 1256 2229 1287 Et

1258 1308 1373 1333 contra
1396 1301 1631 1331 Androtionem
1657 1303 1701 1340 [p.
1721 1299 1794 1330 601.
1820 1300 1869 1330 ed.
1888 1298 2040 1337 Reiske],
2059 1299 2160 1340 σαυτῷ·
2180 1311 2228 1329 m-

1259 1345 1377 1382 στεύεις,
1412 1342 1559 1374 confides
1588 1349 1619 1373 te
1647 1343 1730 1383 ipso.
1775 1341 1815 1372 Et
1841 1342 1926 1381 apud
1946 1339 2156 1372 Plutarchum
2182 1340 2228 1380 [in

1259 1389 1323 1418 vita
1344 1385 1476 1416 Solonis
1496 1396 1524 1415 c.
1545 1384 1611 1423 31.]
1641 1386 1860 1415 interrowatus
1880 1382 1996 1420 Solon,
2015 1393 2079 1424 qua
2097 1393 2134 1414 re
2153 1393 2229 1414 con-

1259 1430 1340 1460 fisus
1360 1429 1493 1458 auderet
1522 1437 1558 1457 se
1578 1436 1745 1467 opponere
1763 1408 1954 1462 f‘isistrato,
1973 1425 2152 1465 respondit,
2171 1424 2230 1456 Se-

1260 1477 1364 1503 necta.
1396 1470 1431 1500 ln
1459 1469 1524 1499 hoc
1553 1468 1629 1499 loco
1656 1475 1703 1499 est
1722 1473 1779 1498 τίνι
1801 1467 1956 1498 πιστεύων.
2000 1467 2071 1498 Νο0
2096 1466 2230 1499 difficile

1261 1519 1347 1545 esset
1364 1514 1408 1546 ⁵¹)
1435 1522 1586 1542 aceruim
1613 1511 1870 1541 testimoniorum
1896 1509 2062 1550 colligere.
2106 1509 2230 1540 Tenea-

1260 1567 1332 1587 mus
1361 1564 1439 1595 ergo
1464 1555 1528 1584 vim
1547 1554 1639 1584 verbi
1657 1553 1802 1590 πιστεύω,
1833 1558 1863 1582 01
1884 1553 2025 1583 sciamus
2045 1550 2231 1593 significare

1262 1604 1452 1637 utrumqne,
1477 1597 1640 1626 assentior
1659 1601 1689 1626 et
1709 1594 1849 1626 confido.
1896 1593 2034 1625 Graecis
2052 1594 2156 1634 magis
2175 1603 2230 1625 va-

1263 1647 1358 1681 gatur
1382 1637 1578 1669 vocabulum
1597 1642 1709 1673 πίστιςε
1735 1638 1801 1668 Sed
1824 1646 1884 1667 nos
1904 1638 2047 1667 sciamus
2065 1637 2097 1667 in
2115 1634 2231 1667 Eccle-

1264 1684 1311 1713 sia
1331 1681 1516 1722 significare
1534 1681 1760 1710 assensionem
1779 1679 1904 1709 firmam
1922 1685 1953 1709 et
1965 1678 2128 1716 fiduciam,
2147 1687 2230 1718 quae

1263 1726 1358 1755 etiam
1380 1728 1562 1760 πεποίθησις
1581 1723 1707 1753 dicitur.
1750 1721 1790 1752 Et
1816 1731 1894 1752 vera
1919 1720 2068 1751 05111300
2087 1719 2230 1751 definitio

1263 1767 1368 1797 Fidei:
1405 1765 1501 1795 Fides
1521 1771 1569 1795 est
1589 1766 1739 1795 assentiri
1759 1765 1914 1795 universo
1934 1764 2036 1794 verbo
2054 1762 2116 1793 Dei
2134 1762 2230 1793 nobis

1262 1809 1453 1849 proposito,
1477 1808 1624 1847 adeoque
1649 1813 1679 1837 et
1698 1807 1907 1847 promissioni
1927 1806 2087 1847 gratuitae
2105 1803 2231 1834 Recon-

1264 1851 1437 1882 ciliationis
1475 1851 1615 1880 donatae
1642 1855 1776 1890 propter
1805 1847 1969 1879 Christum
2004 1846 2230 1884 Mediatorem,

1265 1900 1379 1934 estque
1406 1892 1523 1923 fiducia
1548 1892 1791 1922 misericordiae
1809 1890 1871 1920 Dei
1897 1890 2080 1929 promissae
2098 1894 2232 1929 propter

1265 1935 1430 1965 Phi-istum
1455 1933 1680 1964 Mediatorem.
1730 1933 1815 1962 Nam
1841 1931 1959 1962 fiducia
1990 1936 2039 1961 est
2064 1936 2171 1961 motus
2200 1931 2232 1960 in

1265 1977 1433 2009 voluntate
1452 1977 1644 2007 necessario
1664 1975 1867 2015 respondens
1879 1973 2076 2011 assensioni,
2094 1982 2153 2003 seu
2168 1981 2232 2013 quo

1265 2019 1418 2050 voluntas
1436 2019 1467 2049 in
1487 2018 1617 2049 Christo
1636 2017 1829 2058 acquiescit,
1848 2016 1937 2056 quod
1957 2025 2028 2046 cum
2048 2015 2100 2052 fit,
2117 2023 2233 2045 accen·

1266 2063 1350 2093 ditur
1369 2062 1491 2102 Spiritu
1509 2066 1624 2091 sancto
1649 2066 1678 2090 et
1698 2069 1784 2090 nova
1802 2058 1886 2094 luce.
1906 2064 1940 2088 ut
1958 2062 2075 2098 postea
2094 2057 2209 2088 dicam.

1350 2121 1605 2151 Usitatissiman
1625 2126 1675 2149 est
1688 2126 1796 2149 autem
1813 2122 1913 2147 πίστιν
1931 2127 1991 2157 pro
2011 2116 2104 2146 firma
2121 2125 2234 2146 355011-

1266 2165 1358 2194 sione
1377 2163 1502 2198 dicere,
1527 2162 1558 2192 in
1584 2172 1649 2202 qua
1667 2160 1907 2202 significatione
1932 2159 2106 2199 opponitur
2129 2159 2234 2188 incer-

1267 2214 1320 2237 tae
1345 2205 1497 2245 opinioni.
1543 2204 1599 2234 Sic
1624 2202 1718 2234 Plato
1745 2201 1854 2241 [Polit.
1878 2201 1934 2232 Vl.
1966 2211 1997 2240 p.
2019 2200 2094 2231 505.
2119 2199 2157 2231 E.
2183 2199 2234 2230 ed.

1265 2247 1440 2288 H.Steph.]
1470 2247 1582 2287 inquit.
1602 2246 1751 2277 homines
1770 2255 1835 2275 non
1853 2244 1975 2275 habere
1992 2243 2118 2281 μόνιμον
2134 2247 2235 2273 πίστιν

1268 2292 1307 2322 (10
1330 2291 1403 2323 idea
1433 2290 1527 2326 boni,
1556 2289 1588 2319 id
1614 2295 1683 2325 051,
1707 2287 1857 2319 stabilem
1884 2286 2120 2317 assensionem.
2164 2283 2234 2314 Etsi

1267 2333 1352 2364 enim
1375 2331 1523 2362 homines
1547 2329 1731 2372 intelligunt
1749 2335 1856 2366 recta,
1880 2335 1987 2360 tamen
2006 2333 2140 2368 propter
2157 2336 2235 2357 con-

1269 2463 1313 2493 50)
1333 2460 1424 2491 lesaia]
1446 2460 1516 2485 Editt.
1537 2460 1557 2484 1.
1578 2460 1602 2484 3.
1622 2458 1709 2483 Esaiae

1269 2513 1315 2541 51)
1335 2511 1415 2542 esset]
1437 2511 1510 2536 Editt.
1531 2510 1572 2532 22.
1593 2509 1632 2532 24.
1652 2509 1700 2534 28..
1719 2509 1778 2538 opp.
1800 2509 1819 2532 1.
1838 2507 1861 2530 2.
1882 2510 1920 2531 est
