2358 2933
248 121 306 152 107

297 383 308 401 2
313 384 326 400 o

276 602 316 633 23,
337 603 358 627 b.

306 986 331 1003 10

305 1236 331 1253 15

299 1474 329 1493 20

270 1734 310 1763 24,
329 1739 350 1755 a.

302 2109 328 2127 10

256 2387 283 2416 7)
308 2387 424 2411 humanis
443 2386 547 2415 virinus]
567 2386 611 2409 sic
630 2385 670 2409 Ed.
690 2385 728 2415 7.;

871 131 980 161 PHlL.
1003 131 1104 162 MEL.
1129 133 1312 166 SCRIPTA
1334 136 1606 170 DouMATlCA.

398 222 469 246 turn
499 217 553 249 lilii
584 221 659 251 irac.
706 220 792 251 lnsro
827 223 881 252 ubi
910 224 950 253 do
979 223 1062 265 legis
1092 226 1215 257 vii-ibus

398 258 615 299 disseremus,
645 262 803 304 pleraque
831 265 872 294 ad
904 265 990 296 hunc
1015 277 1145 308 quoque
1169 267 1215 298 lo-

397 310 469 332 cuni
493 306 731 335 accommodari
755 312 926 346 poterunt,
952 308 1025 339 ideo
1049 319 1113 339 non
1137 309 1216 341 libet

397 343 515 375 diutius
538 346 591 376 hic
614 347 787 378 immorari.
845 348 937 383 Quae
961 352 1045 381 enim
1064 352 1113 382 vis
1137 362 1212 392 pec-

394 388 465 417 cati
486 388 537 418 sit.
561 394 627 419 tum
651 390 778 420 denium
802 391 945 422 cernitur
963 403 1062 433 quom
1085 393 1138 424 lex
1162 405 1211 425 re-

396 428 540 460 velatur.
572 441 655 470 quae
684 442 798 463 omnes
830 432 977 465 homines
1005 437 1133 475 peccati
1161 446 1211 467 ar-

394 471 470 512 guit.
518 472 687 504 (ont-lusit
719 475 802 505 enini
832 477 940 507 omnia
962 479 1126 517 scriptura
1149 479 1210 509 sub

394 520 548 553 peccato,
583 523 614 545 ut
640 517 681 546 ad
705 516 842 548 Galatas
871 519 982 549 scribit
1015 519 1209 559 Apostolus.

394 562 426 586 ut
457 557 630 595 promissio
663 570 702 589 cx
734 560 798 590 lide
828 559 901 591 Iesu
926 560 1048 592 Christi
1078 563 1211 594 daretur

397 601 614 631 credentibus.
631 600 687 632 iEt
713 612 753 632 ex
775 602 827 632 his
852 613 935 643 quae
958 603 1023 634 hoc
1046 603 1121 635 loco
1145 605 1209 635 dis-

393 644 576 684 putavimus
608 642 765 684 colligere
793 650 888 684 potes
918 646 994 685 quid
1024 647 1065 677 sit
1089 647 1129 677 de
1152 646 1209 677 hu-

392 687 497 718 manis
520 685 643 716 viribus
656 687 683 726 τ)
712 686 933 718 sentiendum.
968 687 1053 718 Num
1082 699 1146 729 qua
1169 690 1211 718 sit

393 728 544 766 libertae,
569 739 665 768 quani
689 729 808 759 iactant
831 728 992 769 'l'heologi
1016 740 1093 761 vere
1116 730 1210 761 liberi

392 772 527 808 arbitrii,
547 771 621 811 quia
644 781 703 810 pro
727 781 787 800 suo
801 772 959 808 'arbitrio,
982 773 1053 802 sine
1072 773 1209 812 scriptu-

392 825 445 852 ra,
468 813 596 854 quidvis
624 814 814 843 decernunt.

393 866 467 888 esse
497 856 566 885 sine
594 855 709 895 spiritu
738 853 890 891 libertas,
921 865 992 885 cum
1022 855 1077 886 ille
1100 862 1209 897 tyran-

392 982 473 1017 Quis
497 982 581 1011 enim
604 986 794 1011 sanctoruni
817 979 874 1011 suit
897 982 1209 1021 unquain,¹quinon

392 1068 533 1097 vitatem.

391 1107 571 1144 Romanos,
588 1106 721 1142 Videre,
744 1116 781 1136 se
804 1107 848 1137 ait
870 1106 978 1148 legem
1001 1108 1032 1137 in
1056 1108 1208 1138 membris

392 1150 478 1186 suis,
508 1154 744 1189 repugnantem
764 1149 842 1186 sibi,
866 1154 898 1179 et
921 1150 1138 1189 captivantem
1161 1160 1209 1186 se,

392 1201 430 1222 ea
463 1189 518 1221 lex
550 1191 787 1227 membrorum,
821 1200 881 1221 seu
912 1192 1059 1231 tyrannis
1082 1192 1209 1232 peceati

393 1233 492 1264 ardor
515 1233 707 1272 erimpetus
731 1238 780 1262 est
810 1234 955 1272 peccati,
991 1234 1079 1273 quod
1114 1234 1209 1264 nobis

393 1275 600 1316 congenitum
629 1280 689 1304 est.
740 1273 781 1304 Et
810 1275 850 1304 de
877 1274 929 1305 his
958 1276 1086 1316 quidem
1114 1274 1210 1313 infra,

391 1318 446 1357 qui
468 1317 584 1357 partim
607 1317 721 1356 spiritu
744 1316 837 1353 iusti,
861 1318 977 1356 partim
1007 1327 1105 1348 carne
1134 1327 1209 1358 pec-

392 1364 521 1390 catores
543 1364 629 1389 sunt.

441 1428 524 1459 Hinc
556 1428 631 1457 item
667 1426 878 1466 consequitur
911 1425 1140 1466 impossibilia,
1174 1431 1209 1457 ut

388 1469 472 1502 infra
496 1469 731 1510 disputabimus
756 1469 933 1508 copiosius,
956 1474 1207 1508 praeceptales-

390 1523 436 1544 se.
482 1512 518 1543 Id
547 1511 635 1552 quod
666 1521 705 1541 ex
729 1520 767 1540 eo
791 1509 866 1541 loco
891 1520 986 1550 quem
1009 1520 1110 1551 supra
1132 1521 1207 1550 pro-

390 1555 539 1586 duximus
571 1564 610 1584 ex
640 1558 759 1583 octavo
789 1553 895 1592 capite
924 1555 985 1589 [vs-
1010 1553 1052 1589 7]
1078 1553 1117 1582 ad
1142 1552 1206 1583 Ro-

389 1606 521 1633 manos,
550 1595 624 1626 Non
648 1604 748 1636 posse
772 1604 903 1625 carnem
926 1594 992 1634 legi
1016 1595 1066 1624 dei
1091 1595 1206 1625 subiici

389 1640 469 1670 satis
493 1638 638 1678 adparet.
672 1637 763 1674 Item,
786 1647 826 1667 ex
850 1646 888 1667 eo
913 1637 1000 1677 quod
1024 1637 1142 1666 ibidem
1161 1637 1206 1666 ‹li-

390 1682 482 1718 citur,
517 1678 722 1720 Impossibile
756 1685 825 1710 erat
858 1678 924 1719 legi
952 1678 1145 1715 iustificare,
1174 1678 1206 1708 id

389 1729 456 1759 est,
490 1722 564 1752 Non
598 1722 678 1752 satis
713 1720 867 1751 eratilex
902 1730 985 1760 quae
1020 1721 1208 1751 ostenderet

389 1766 466 1806 quid
495 1763 697 1800 faceremus,
729 1762 795 1792 Sed
825 1763 967 1802 oportuit
995 1763 1090 1793 etiam
1114 1763 1206 1802 spiri-

388 1814 455 1838 tum
479 1805 621 1837 conferri
644 1815 704 1845 per
728 1803 909 1841 Christum,
933 1805 987 1844 qui
1009 1814 1071 1834 nos
1095 1805 1136 1834 ad
1159 1803 1205 1834 le-

389 1860 462 1891 gem
485 1849 656 1879 amandam
679 1847 902 1878 inflammaret.
930 1846 971 1876 Et
993 1846 1047 1876 hio
1069 1846 1132 1876 ruit
1149 1844 1206 1875 illa

384 1890 613 1933 philosophiae
635 1888 780 1926 moralis,
803 1894 835 1918 et
856 1888 960 1918 libeiri
983 1888 1106 1918 arbitrii
1122 1887 1204 1917 The-

389 1933 563 1974 ologorum
587 1932 758 1967 sententia,
782 1931 895 1970 impia,
919 1935 950 1960 et
974 1928 1083 1967 stulta,
1108 1940 1205 1970 quam

388 1975 494 2016 plenis
523 1974 636 2005 buccis
665 1983 830 2013 nunquam
858 1982 924 2002 non
954 1971 1102 2002 intonant
1125 1971 1204 2002 Sco-

388 2018 494 2048 tistae.
550 2014 760 2046 Voluntatem
798 2023 898 2054 posse
931 2023 967 2044 se
1001 2012 1205 2044 conformare

389 2060 475 2090 omni
511 2058 672 2089 dictamini
709 2062 818 2087 rectae
852 2056 1043 2096 rationis,8)
1078 2056 1110 2085 id
1144 2061 1205 2093 est,

388 2101 588 2132 voluntatem
610 2108 712 2140 posse
735 2097 839 2135 velle,
867 2098 1021 2138 quidquid
1050 2098 1204 2128 recta¹ra-

390 2145 450 2180 tio,
480 2149 602 2173 rectum
630 2140 801 2172 consilium
829 2139 1014 2171 intellectus
1044 2140 1203 2180 praescri-

390 2186 446 2216 bit.
460 2186 489 2225 ⁹)
540 2183 662 2214 Contra
685 2182 807 2213 Paulus
831 2183 944 2223 inquit,
966 2181 1032 2222 legi
1055 2182 1203 2222 impossi-

391 2225 455 2257 bile
484 2225 585 2257 fuisse
608 2225 803 2262 iustificare,
834 2225 866 2255 id
890 2230 950 2261 est,
973 2224 1047 2254 Non
1071 2223 1129 2255 fuit
1152 2234 1202 2254 sa-

753 2384 824 2409 Editt.
855 2386 875 2409 1.
900 2385 921 2409 2.
941 2385 964 2409 3.
995 2384 1112 2409 humanis
1130 2384 1199 2414 [om.

305 2419 418 2449 viribus}

256 2470 283 2500 8)
308 2471 333 2494 In
352 2475 431 2495 mare.
451 2469 523 2493 Editt.
543 2470 565 2491 l.
586 2469 608 2491 2.
630 2470 666 2492 7.:
684 2468 804 2492 Voluntas
824 2468 890 2493 falso
909 2468 998 2492 dicitur
1011 2474 1038 2492 se
1052 2474 1125 2497 posse
1143 2473 1201 2492 con-

306 2503 414 2527 formare
432 2504 499 2527 omni
517 2503 643 2527 dictamini
661 2503 772 2527 rationis.

255 2555 284 2583 9)
308 2553 330 2577 id
351 2556 397 2581 Μ,
416 2554 569 2577 voluntatem
590 2570 595 2575 .
615 2571 620 2577 .

640 2570 645 2575 .
665 2552 831 2582 praescribit]
851 2559 906 2575 om,
926 2552 966 2576 Ed.
985 2553 1007 2576 7.

866 812 958 847 Quae
987 814 1071 844 enini
1101 820 1232 854 potest*

2171 147 2233 181 108

1260 229 1361 266 satis,
1389 231 1615 270 praescribere
1638 230 1766 272 legem,
1798 234 1874 273 quid
1903 244 2076 275 ageremus
2097 240 2150 268 (13,
2174 240 2213 270 b.)

1259 272 1346 310 quod
1369 282 1447 302 caro
1472 273 1599 303 infirma
1623 279 1722 310 esset,
1747 279 1778 304 et
1800 283 2009 308 aversaretur
2031 278 2077 309 le-

1258 322 1340 352 gem.
1358 315 1396 347 10)
1431 313 1497 344 Sed
1521 314 1573 344 liic
1597 316 1826 356 impegerunt,
1851 319 1937 358 quod
1961 329 2080 351 novam

1257 355 1419 395 quandam
1442 355 1643 387 voluntatem
1668 357 1846 396 tinxerunt,
1869 363 1954 400 quae
1975 361 2076 392 habe-

1256 403 1303 427 ret
1331 403 1424 428 actus
1456 397 1601 436 elicitos,
1632 410 1909 441 quorsuncunque
1932 403 2077 434 traheret

1255 437 1416 470 adfectus.
1451 439 1547 474 Quod
1570 440 1598 470 si
1621 442 1804 481 scripturae
1828 453 2012 475 sermonem
2035 456 2075 476 ae

1254 480 1389 520 phrasin
1413 483 1658 520 observassent,
1682 483 1779 515 facile
1802 485 1962 516 vidissent
1986 497 2075 518 men-

1255 523 1359 561 dacia,
1385 529 1417 554 et
1430 534 1534 555 vanas
1552 525 1768 565 cogitationes
1778 538 1781 560 ι
1792 525 1978 558 intellectus
1991 538 2078 567 esse,

1255 575 1338 605 quae
1370 565 1573 596 cont'merlmt
1605 567 1645 597 de
1667 569 1794 599 actibus
1819 568 1946 600 elicitiS.
1992 570 2074 601 Pos-

1254 612 1331 637 sunt
1360 609 1444 638 enim
1473 607 1595 648 impelli
1624 610 1788 641 exteriora
1815 612 1976 649 membra,
1998 611 2076 651 alio,

1254 659 1503 690 nonnunquam,
1527 660 1623 690 quam
1654 661 1718 692 quo
1742 652 1893 684 trahebat
1914 652 2074 685 adfectus.

1231 725 1232 735 γ
1253 692 1313 721 sed
1336 691 1399 722 hoc
1423 701 1495 721 cuin
1519 692 1565 729 fit,
1588 702 1647 732 per
1669 693 1908 726 simulationem
1926 705 1967 726 ac
1984 705 2072 726 nien-

1255 733 1382 763 dacitun
1406 733 1450 763 fit.
1467 735 1506 767 ¹¹)

1297 799 1370 828 Non
1400 808 1534 839 possum
1565 800 1618 830 hic
1648 801 1724 831 inihi
1753 808 1949 842 temperare,
1973 814 2074 844 quan—

1255 850 1351 880 quam
1375 841 1415 871 de
1438 840 1707 882 vilegis'postea
1728 844 1789 874 sim
1812 844 1957 875 dicturus
1971 846 2072 876 abun-

391 909 453 929 nus
476 904 600 934 noster,
621 902 792 937 peccatum
807 897 838 926 in
853 906 951 927 carne
971 903 1096 935 nostra,
1114 899 1209 928 etiam
1230 886 1232 923 l
1254 883 1306 953 {fes
1337 893 1414 939 qun}
1441 883 1549 953 *Oll'fter
1579 884 1717 954 ”tmffcfflp
1733 884 1927 957 ,cgrisltifflm
1956 886 2073 945 le⁰t⁰¹ji

392 940 559 981 negotium
589 938 688 969 saciat
718 938 796 968 viris
820 939 1059 969 exundantibus
1082 941 1208 979 spiritu.
1230 946 1232 976 g
1267 934 1286 954 a
1301 934 1372 961 “³⁵³
1396 934 1470 954 ¹³⁵⁰
1485 934 1552 961 ωδ)
1576 934 1593 954 e
1629 936 1744 965 1ηῬῐθθ
1794 933 1994 967 0P¹¹S¹affl¹¹¹
2023 939 2074 959 ³¹·

1255 966 1373 1006 gutias,
1397 967 1514 1006 quibus
1537 967 1677 1006 probant
1700 977 1800 1008 posse
1821 978 1884 999 nos
1906 979 1967 1009 per
1985 971 2073 1001 vires

392 1023 612 1064 deploraverit
638 1022 723 1052 hanc
753 1023 960 1060 servitutem,
989 1024 1084 1053 immo
1110 1024 1208 1063 capti·
1230 1026 1231 1045 ³
1254 1013 1390 1038 naturae
1419 1007 1554 1048 d¹¹¹gefe
1578 1009 1682 1039 ‘leum-
1701 1009 1774 1040 ¹5¹⁰
1805 1020 1887 1041 emm
1917 1017 2071 1052 argutafl·

583 1064 625 1094 Et
648 1063 771 1095 Paulus
796 1074 867 1105 cap.
892 1065 962 1095 Vll.
990 1069 1052 1102 [vs.
1076 1064 1141 1102 23]
1167 1066 1208 1096 ad
1230 1092 1232 1100 A

1255 1055 1324 1086 tur,
1364 1049 1464 1090 Diligi
1504 1055 1614 1090 potest
1646 1052 1752 1081 minus
1786 1053 1923 1089 bonum,
1957 1063 2074 1094 nempe

1255 1097 1405 1122 creatura
1434 1093 1623 1132 quaepiam,
1654 1102 1754 1132 posse
1784 1094 1881 1134 igitur
1909 1100 1941 1124 et
1968 1096 2073 1126 maius

1254 1135 1374 1164 bonum
1398 1132 1498 1174 diligi.
1544 1133 1678 1165 Scilicet
1700 1134 1753 1164 hic
1776 1141 1827 1165 est
1849 1145 1956 1166 sermo
1981 1136 2072 1167 Chri-

1255 1176 1434 1206 stianorum
1459 1185 1554 1215 quem
1568 1175 1690 1206 Paulus
1714 1175 1781 1208 vult
1804 1186 1879 1207 esse
1902 1176 1973 1208 sale
1996 1188 2072 1209 con-

1256 1218 1365 1247 ditum.
1418 1217 1512 1247 Adeo
1540 1217 1605 1247 hoc
1628 1223 1677 1248 est
1700 1223 1732 1247 et
1754 1216 1907 1249 festivum
1929 1223 2074 1251 etlmere

1255 1257 1511 1296 Aristotelicum,
1536 1265 1567 1289 et
1579 1258 1798 1289 Aristotelicis
1822 1261 1953 1302 dignum
1966 1261 2072 1292 Theo-

1254 1300 1340 1341 logis
1365 1306 1589 1331 commentum.
1641 1300 1783 1332 Primum
1812 1312 1851 1332 ea
1873 1308 1924 1333 est
1952 1303 2072 1334 amoris

1254 1348 1388 1379 natura,
1421 1348 1456 1373 ut
1482 1352 1547 1372 non
1577 1352 1721 1373 amemus
1730 1365 1739 1380 ,
1769 1344 1831 1374 nisi
1861 1354 1945 1384 quae
1973 1345 2069 1376 nobis

1255 1386 1352 1421 bona,
1376 1390 1443 1414 tum
1455 1385 1606 1421 iucunda,
1630 1390 1697 1415 tum
1720 1386 1890 1416 commoda
1908 1387 2070 1424 videntur,

1254 1427 1402 1466 adeoque
1425 1426 1581 1467 quidquid
1594 1436 1750 1464 amamus,
1772 1428 1876 1458 nostri
1899 1428 2071 1466 commodi,

1254 1473 1407 1508 respectu
1436 1478 1591 1499 amamus.
1636 1468 1739 1499 Amas
1768 1479 1865 1509 opeS,
1895 1480 1985 1501 amas
2013 1479 2070 1510 pe-

1254 1511 1397 1547 cuniam,
1427 1520 1492 1540 non
1521 1510 1609 1550 quod
1631 1511 1704 1550 ipsa
1726 1521 1785 1550 per
1807 1520 1883 1541 sese
1906 1513 1994 1542 bona
2015 1521 2070 1542 res

1252 1553 1311 1589 sit,
1346 1552 1405 1582 sed
1435 1553 1522 1591 quod
1551 1553 1665 1582 usibus
1695 1553 1781 1583 vitae
1810 1558 1885 1583 tuae
1908 1554 2071 1584 servitura

1252 1595 1390 1625 videtur.
1437 1593 1492 1624 Sic
1523 1594 1618 1624 deum
1647 1603 1713 1624 non
1741 1604 1832 1624 amas
1863 1595 2069 1634 quantumvis

1252 1637 1391 1672 bonum,
1420 1635 1483 1665 nisi
1512 1636 1576 1666 tuis
1605 1636 1786 1666 rationibus
1814 1636 1936 1676 tibique
1958 1636 2070 1667 utilem

1253 1687 1327 1708 esse
1350 1677 1483 1707 sentias·
1524 1677 1590 1707 lam
1613 1678 1758 1708 etian1⁴si
1781 1677 1844 1708 hac
1866 1679 1993 1708 ratione
2016 1688 2065 1709 re—

1252 1724 1367 1760 spectu
1390 1719 1435 1749 tui
1458 1719 1618 1749 commodi
1641 1728 1780 1756 amareS,
1804 1719 1967 1750 serviliter
1982 1730 2068 1751 ama-

1251 1771 1317 1799 res,
1341 1766 1373 1790 et
1394 1771 1497 1800 pravo
1520 1770 1744 1800 perversoque
1767 1760 1898 1792 adfectu
1920 1767 2068 1800 naturae,

1251 1802 1413 1844 planeque
1440 1812 1608 1842 peccares.
1652 1801 1697 1832 At
1719 1812 1760 1833 ne
1782 1803 1830 1833 sio
1858 1804 1986 1844 quidem
2009 1814 2067 1835 un-

1251 1855 1348 1885 quam
1371 1854 1480 1881 amas,
1503 1854 1609 1884 neque
1633 1844 1717 1874 enim
1741 1854 1780 1874 ex
1804 1845 1865 1875 deo
1888 1844 1956 1876 ulla
1980 1856 2066 1877 com-

1250 1887 1347 1917 moda
1369 1886 1561 1923 sentiuntur,
1580 1886 1642 1916 nisi
1665 1896 1723 1926 per
1745 1887 1893 1927 spiritum
1907 1893 2063 1919 sanetum»

1250 1929 1313 1959 iam
1347 1938 1405 1958 cor
1438 1927 1479 1957 sit
1510 1927 1730 1968 purificatum,
1764 1934 1796 1958 et
1829 1928 1992 1969 insculpta
2024 1930 2067 1960 sit

1250 1980 1332 2011 puro
1362 1970 1481 2010 pioque
1512 1970 1601 1999 cordi
1631 1970 1681 2000 dei
1711 1969 1934 2001 beneficentia.
1980 1971 2065 2006 Quid

1250 2018 1358 2043 autem
1386 2022 1458 2042 cum
1486 2012 1686 2042 conscientia
1716 2012 1772 2042 tibi
1800 2012 1895 2043 deum
1924 2013 2065 2043 ostendit

1250 2056 1376 2091 iratum,
1395 2054 1652 2084 interminantem
1669 2058 1859 2093 perpetuam
1871 2060 2018 2092 mortem,
2031 2060 2064 2085 et

1249 2095 1338 2127 illlud
1350 2095 1547 2126 horrendum
1559 2101 1685 2135 tempus
1697 2095 1807 2126 vultus
1820 2097 1881 2134 sui,
1893 2097 1987 2134 siem)
1999 2096 2065 2127 Da-

1249 2139 1302 2170 vid
1325 2139 1380 2175 ait,
1402 2137 1463 2168 Hic
1487 2148 1577 2175 cum,
1608 2147 1672 2167 non
1696 2138 1857 2168 bonorum
1879 2139 1939 2168 sed
1961 2137 2062 2169 malo-

1248 2191 1318 2212 rum
1341 2185 1463 2211 tantum
1487 2189 1604 2217 sensu,
1634 2189 1750 2219 nempe
1776 2189 1956 2220 poenarum
1979 2190 2062 2221 quae

1248 2233 1267 2253 a
1301 2223 1361 2253 deo
1405 2221 1607 2263 infliguntur,
1652 2226 1821 2262 tangatur,
1865 2231 1988 2262 quaeso
2022 2232 2061 2253 eo

1247 2270 1355 2306 potest
1391 2264 1561 2295 advertere
1595 2263 1733 2294 animum
1765 2269 1881 2294 natura
1909 2263 2061 2301 humana,

1247 2312 1405 2344 utiamet,
1435 2311 1469 2336 ut
1499 2306 1638 2346 benigne
1660 2304 1744 2336 ferat
1766 2306 1861 2336 etiam
1884 2305 2061 2337 inferorum

1250 2451 1292 2480 10)
1315 2449 1419 2479 legem]
1433 2449 1473 2473 Ed.
1488 2450 1511 2473 7.
1532 2447 1598 2472 mlrl.
1611 2456 1620 2471 .·
1640 2449 1784 2478 Quanquam
1795 2454 1842 2472 nec
1860 2450 1928 2472 recta
1947 2448 2009 2473 ratio
2028 2451 2067 2472 est
2085 2448 2132 2473 nisi
2145 2454 2210 2479 quae

1315 2483 1401 2513 spiritu
1421 2483 1460 2507 dei
1478 2483 1617 2507 illuminata
1636 2484 1682 2506 est.

1249 2518 1291 2547 11)
1317 2518 1343 2541 In
1363 2522 1441 2545 marg.
1460 2516 1531 2541 Editt.
1552 2517 1572 2541 1,
1591 2516 1613 2537 2.
1635 2516 1671 2540 7.:
1701 2515 1822 2539 Voluntas
1842 2515 1974 2540 scolastica
1993 2516 2032 2539 est
2051 2514 2206 2543 figmentum.

1248 2552 1292 2580 12)
1316 2551 1361 2580 sic]
1381 2550 1421 2575 Ed.
1441 2551 1464 2574 7.
1485 2551 1520 2574 sic
1539 2552 1572 2574 ut.

2146 323 2172 341 15

2140 531 2170 550 20

2109 846 2148 875 24,
2167 847 2191 871 b.

2140 1221 2166 1240 10

2138 1471 2164 1490 1⁵

2130 1680 2160 1699 2⁰

2102 1931 2141 1961 25,
2159 1938 2183 1961 a,

2127 2307 2153 2326 10
