2358 2933
256 138 273 167 4
278 138 318 167 95

255 236 321 258 tunt
347 236 481 268 peccata
504 236 654 268 tanquam
678 229 823 258 ministri.
862 228 930 258 Nee.
954 227 1041 258 aliud
1064 235 1124 265 est,
1148 229 1218 270 Ego
1243 244 1245 255 ι

256 271 382 310 baptiza
417 279 465 300 te.
499 280 611 310 quam,
648 271 774 299 remitto
810 270 864 300 tibi
900 277 1078 310 peccatum.

254 314 336 341 enim
368 322 395 341 et
421 313 631 341 Sacramenta
661 310 896 352 applicationes
920 311 1108 352 Evangelii,
1136 322 1219 353 quae

254 360 411 383 testantur
449 352 638 382 beneficium
670 352 840 393 Evangelii
880 354 921 383 ad
954 364 1013 383 nos
1048 355 1218 393 pertinere.

255 394 357 423 Debet
393 395 475 424 enim
511 394 591 424 tides
626 395 758 424 credere
792 406 857 425 non
892 394 997 426 solum
1026 397 1057 426 in
1086 406 1218 436 genere,

253 436 337 475 quod
362 435 522 475 aliquibus
543 437 707 477 contingat
728 438 893 467 remissio:
918 438 976 467 sed
995 439 1218 479 unusquisque

252 478 385 507 credere
408 479 501 507 debet
527 479 586 507 sibi
610 479 670 518 ipsi
695 480 884 519 contingere
907 480 1131 510 remissionem
1155 487 1217 510 etc.

253 520 342 549 Sicut
368 519 517 550 Christus
550 520 647 560 inquit
682 521 774 556 {Lam
804 522 837 551 7.
862 521 944 558 50⁴1:
990 521 1086 551 Fides
1110 528 1162 552 tua
1188 528 1218 552 te

252 560 374 590 salvam
392 563 437 599 ¹²²⁷)
474 560 558 591 fecit.
604 561 643 591 Et
668 561 787 592 Paulus
813 562 917 599 1R0m.
941 563 972 600 5,
998 563 1058 601 l.]:
1103 563 1218 593 lustiii-

252 604 312 633 cati
337 603 399 632 tide
422 614 535 642 pacem
559 603 713 634 habenms
738 612 800 635 etc.
816 607 861 643 35)

336 643 472 685 Reliqua
501 652 691 686 argumenta
716 647 756 676 de
780 645 997 676 Confessione
1021 645 1117 676 facfle
1141 648 1218 676 diiu—

251 687 350 716 dicari
390 694 538 726 possunt.
605 686 686 717 lllud
721 689 960 718 observandum
994 695 1065 724 est,
1099 699 1217 719 nomen

251 727 475 759 confessionis
517 728 689 769 aliquoties
724 731 823 769 repeti
858 731 888 759 in
924 730 1104 770 scripturis.
1172 730 1218 760 ibi

251 770 438 810 plerumque
469 769 642 800 Confessio
669 778 877 810 peccatorum
905 772 1065 812 significat
1088 772 1219 812 proprie

250 813 446 852 agnitionem
471 820 697 851 peccatomun,
720 812 783 842 hoc
807 819 875 849 est.
899 814 1048 853 ingentes
1072 813 1218 850 dolores,

250 855 281 883 in
311 855 426 893 quibus
457 864 564 883 coram
590 853 661 883 Deo
684 861 852 893 peccatum
876 864 914 884 ex
938 856 1044 885 animo
1068 857 1218 895 agnosci-

250 906 321 925 mus
346 902 374 925 et
399 896 582 935 quaerimus
606 897 870 926 miserit-ordiam.
917 896 958 926 Ut
985 896 1052 934 [Ps.
1077 897 1130 933 50,
1153 897 1217 934 5.]:

252 938 410 971 Quoniam
438 938 634 977 iniquitatem
665 948 767 967 meam
798 948 860 978 ego
884 948 1064 979 cognosco,
1089 944 1121 968 et
1142 949 1217 978 pec-

251 986 356 1009 catum
380 989 482 1008 meum
507 985 619 1009 contra
643 989 692 1009 me
716 986 764 1009 est
789 989 926 1020 semper.
956 979 996 1010 Et
1020 979 1140 1010 Psalm.
1164 980 1216 1010 37.

251 1070 342 1093 tuae:
366 1072 429 1092 non
453 1070 500 1093 est
524 1073 588 1102 pax
611 1064 742 1093 ossibus
763 1064 844 1093 meis
867 1074 887 1093 a
905 1062 989 1094 facie
1007 1070 1217 1103 peccatorum
1239 1085 1240 1090 ,

449 1104 487 1134 Et
523 1105 654 1135 deinde:
688 1105 848 1139 Quoniam
881 1106 1081 1145 iniquitatem
1113 1112 1240 1136 meam*

505 1146 594 1176 Haec
617 1146 810 1183 Confessio,
829 1158 913 1187 quae
936 1148 967 1177 in
992 1146 1110 1178 talibus
1133 1147 1216 1177 locis
1239 1168 1240 1187 ;

251 1114 403 1135 meorum.

251 1147 458 1177 annuntiabo.

252 1189 465 1223 describitur,
496 1189 626 1227 proprie
650 1195 699 1218 est
723 1187 777 1219 illa
792 1191 835 1225 3⁹)
868 1189 939 1229 ipsa
963 1189 1142 1227 Contritio,
1177 1190 1217 1219 de

272 1240 312 1260 ua
336 1241 435 1270 supra
457 1230 577 1260 dictum
599 1236 660 1261 est.

250 1241 437 1309 l‘lessionem,
461 1270 522 1302 hoc
546 1279 607 1309 est,
631 1271 772 1309 dolores,
795 1273 849 1313 qui
872 1274 1025 1310 existunt,
1049 1283 1121 1303 cum
1141 1283 1217 1303 vere

250 1315 459 1355 agnoscimus
493 1320 671 1354 peccatum.
724 1314 852 1344 Docent
886 1321 993 1345 autem
1026 1314 1059 1344 hi
1091 1314 1155 1345 loci
1186 1315 1216 1344 in

250 1355 312 1386 hac
336 1355 553 1385 Consessione
582 1366 641 1386 seu
670 1357 863 1386 contritione
886 1366 984 1386 veros
1008 1356 1141 1387 dolores
1165 1367 1216 1386 es-

250 1408 297 1428 se.

251 1531 327 1565 gent
356 1524 425 1553 suis
456 1524 703 1563 cupiditatibus,
734 1524 817 1554 sicut
845 1524 939 1554 bruta
967 1523 1118 1554 animalia
1140 1530 1217 1554 nata

249 1566 290 1595 ad
312 1566 555 1600 mactationem·.
579 1566 626 1595 sic
649 1566 731 1595 enim
756 1566 908 1596 describit
921 1565 1037 1596 Petrus
1062 1566 1106 1604 [32.
1121 1576 1170 1606 ep.
1185 1567 1216 1603 2,
1238 1588 1239 1591 η

251 1608 290 1637 12
313 1610 400 1648 sqq.l
425 1607 571 1637 homines
594 1608 690 1647 impie
712 1618 858 1638 securos.

514 1715 572 1745 DE
596 1715 949 1746 SATISFACTIONE.

249 1842 389 1913 puadam
413 1839 541 1880 publica
566 1842 790 1881 castigatione,
815 1852 911 1882 quam
935 1843 1096 1872 vocabant
1111 1841 1214 1872 Satis-

263 1890 430 1913 actlonem.

250 1931 355 1955 manet
385 1923 597 1961 vocabulum.
633 1931 663 1954 et
698 1926 871 1966 vestigium
902 1926 1064 1966 quoddam
1093 1926 1214 1956 veteris

251 1967 365 2003 moris,
397 1967 484 2006 quod
514 1967 635 2007 peperit
659 1966 776 1997 multas
801 1968 1049 2008 disputationes.
1093 1967 1215 1998 Vetera

251 2007 306 2039 illa
333 2008 524 2048 spectacula
552 2008 703 2049 publicae
726 2010 943 2049 poenitentiae
965 2008 1096 2040 fuerunt.
1119 2019 1215 2050 quae-

251 2051 324 2080 dam
343 2057 475 2080 externa
492 2056 523 2080 et
543 2050 675 2091 politica
688 2050 857 2091 disciplina
869 2051 1052 2088 Ecclesiae,
1074 2051 1215 2082 humana

251 2093 423 2122 autoritate
446 2092 601 2129 instituta,
625 2103 707 2133 quae
730 2103 795 2123 non
813 2094 965 2133 pertinuit
982 2094 1023 2123 ad
1044 2093 1216 2124 conscien-

249 2135 324 2164 tiam
337 2144 397 2164 seu
409 2135 450 2163 ad
465 2135 689 2165 remissionem
701 2142 911 2175 peccatorum
924 2146 1036 2166 coram
1049 2135 1138 2170 De0;
1157 2135 1215 2164 sed

250 2175 398 2205 homines
429 2177 564 2213 indocti,
598 2183 631 2207 ut
662 2177 693 2206 in
722 2176 795 2207 aliis
818 2176 925 2207 multis
948 2177 1084 2213 accidit,
1118 2187 1158 2207 ex
1181 2186 1217 2206 re

250 2216 379 2257 politica
399 2216 544 2248 fecerunt
561 2218 772 2258 spiritualem,
791 2224 822 2248 et
840 2219 1002 2250 finxerunt
1019 2217 1215 2249 satisfactio-

251 2269 309 2288 nes
342 2261 545 2290 necessarias
575 2270 650 2290 esse
677 2261 718 2291 ad
749 2261 973 2291 remissionem
1006 2267 1217 2301 peccatorum

251 2310 362 2331 coram
384 2300 467 2331 Deo.
512 2300 563 2331 De
591 2302 653 2334 hac
683 2309 749 2333 tota
779 2312 814 2333 re
838 2303 915 2343 quid
937 2303 1140 2333 sentiendum
1164 2302 1216 2339 sit,

252 2435 297 2464 37)
317 2438 341 2459 te
360 2435 469 2465 salvam]
488 2435 530 2459 Ed.
554 2436 589 2458 11.
608 2438 633 2459 et
651 2435 723 2464 Opim:
752 2436 847 2460 salvam
867 2440 891 2460 te

250 2485 295 2513 38)
314 2487 360 2508 etc.
378 2484 516 2508 omittunt
535 2484 606 2509 Editt.
627 2485 664 2506 12.
685 2484 723 2507 13.

250 2536 295 2563 39)
315 2538 353 2559 est
372 2534 424 2564 ina]
444 2535 515 2559 Editt.
538 2536 574 2556 12.
598 2534 635 2557 13.
655 2534 698 2558 illa
717 2538 756 2558 est

872 137 979 167 PHlL.
1006 136 1106 168 MEL.
1135 136 1319 169 SCRIPTA
1348 138 1620 170 DOGMATICA.

1136 270 1216 301 Sunt
1242 290 1245 304 t
1267 283 1416 310 errores.

2168 144 2231 176 496

1268 231 1408 261 brew'ter
1437 232 1593 262 dicemus.
1639 232 1721 262 Nam
1752 238 1780 262 et
1804 233 1937 272 prodest
1960 233 1990 263 in
2014 233 2076 265 hac
2100 237 2233 266 materia

1458 274 1510 313 qui
1545 272 1689 313 pericula
1724 275 1933 305 conscientiis
1967 275 2106 306 afferunt
2138 276 2232 308 refel-

1266 314 1407 347 let-‹22⁴0›
1439 322 1466 344 et
1499 316 1659 355 quaedam
1682 315 1734 345 hic
1758 316 1797 346 de
1820 317 2005 347 discrimine
2030 318 2231 349 remissionis

1265 356 1381 395 culpae
1408 363 1436 386 et
1468 367 1591 396 poenae
1620 357 1758 388 dicenda
1784 365 1875 395 sunt,
1909 369 1993 399 quae
2022 357 2099 390 utile
2128 366 2177 390 est
2200 360 2232 390 in

1264 397 1413 428 Ecclesia
1437 406 1556 429 extare.

1350 440 1490 471 Primum
1515 441 1611 481 igitur
1634 441 1802 471 sciendum
1821 448 1881 478 est,
1905 452 1969 472 non
1988 442 2057 473 fieri
2074 442 2127 473 hic
2145 453 2231 473 men·

1266 482 1384 511 tionem
1409 482 1548 512 civilium
1572 481 1842 519 satisfactionum,
1869 489 1903 513 ut
1924 494 1998 514 cum
2021 485 2156 515 dicimus
2180 495 2231 515 sa—

1266 522 1489 554 tisfaciendum
1513 535 1587 554 csse
1610 524 1676 562 his,
1705 535 1843 564 quorum
1866 535 1919 555 res
1943 531 2119 566 occupatas
2142 532 2231 556 tene-

1265 575 1347 595 mus.
1383 565 1471 595 Haec
1491 573 1563 596 sunt
1586 577 1685 606 opera
1706 576 1771 596 uon
1790 566 1941 603 indebita,
1965 567 2023 597 sed
2041 568 2231 598 necessaria

1265 613 1295 636 et
1315 608 1356 637 ad
1373 608 1597 637 contritionem
1614 609 1791 647 pertineut;
1815 609 1902 639 iuxta
1913 607 1994 638 illud
2018 609 2092 645 [les.
2108 609 2136 645 l,
2150 607 2229 645 16.]:

1264 648 1411 679 Desinite
1435 648 1518 679 male
1541 648 1659 680 facere.
1701 649 1782 680 Nam
1806 649 2046 681 satisfactiones
2069 650 2132 680 hoc
2155 649 2231 681 loco

1265 690 1421 720 definiunt
1443 700 1541 730 opera
1565 702 1630 721 non
1650 691 1769 728 debita,
1793 692 1910 732 quibus
1931 693 2136 722 redimendae
2156 697 2232 722 sunt

1264 742 1390 772 poenae
1418 733 1611 771 purgatorii,
1640 738 1695 763 aut
1724 736 1889 767 certaefl)
1920 732 2003 764 aliae
2033 731 2231 773 temporales

1264 783 1400 813 poenae.
1446 773 1500 803 Sic
1525 775 1609 804 enim
1627 775 1737 804 dicunt
1761 774 1974 805 scholastici:
2005 774 2129 812 Deum,
2158 784 2233 805 cum

1263 816 1304 845 sit
1329 816 1527 851 misericors,
1552 816 1713 846 remittere
1736 815 1876 856 culpam,
1899 817 1959 847 sed
1983 826 2055 847 cum
2075 818 2117 847 sit
2136 817 2232 846 etiam

1263 858 1370 887 iustus
1382 863 1412 886 et
1428 857 1554 893 vindex,
1578 863 1702 887 mutare
1720 867 1858 897 poenam
1869 864 2035 888 aeternam
2055 859 2087 888 in
2108 864 2231 897 tempo-

1264 897 1364 929 ralem
1394 899 1581 939 purgatorii.
1634 898 1761 929 Deinde
1795 900 1915 929 addunt
1948 906 2072 940 partem
2105 898 2232 930 illarum

1239 942 1241 973 ἕ
1262 950 1440 980 poenarum
1456 941 1572 970 remitti
1591 946 1753 979 potestate
1766 939 1916 977 clavium,
1939 946 2063 981 partem
2074 942 2231 971 redimen-

1239 979 1240 1018 ]
1264 982 1336 1012 dam
1363 991 1440 1011 esse
1469 980 1758 1012 satisfactionibus.

253 1025 315 1058 [vs.
339 1021 383 1058 -l,]
415 1021 488 1050 Non
512 1028 562 1051 est
585 1022 707 1051 sanitas
732 1022 763 1051 in
787 1032 886 1052 carne
908 1032 980 1052 mea
1003 1033 1021 1051 a
1044 1020 1128 1052 facie
1150 1024 1218 1052 irae
1239 1021 1241 1047 ἶ

1806 982 1896 1012 Haec
1925 989 1973 1012 est
1997 992 2122 1012 summa
2145 992 2231 1012 com-

1263 1024 1370 1054 menti.
1415 1022 1518 1053 Recte
1547 1030 1656 1054 autem
1685 1022 1828 1054 fatennu·
1856 1034 1922 1054 non
1951 1024 2068 1054 remitti
2102 1022 2233 1064 culpam

705 1230 871 1271 Significat
896 1232 980 1261 enim
1004 1232 1113 1261 cordis
1133 1230 1217 1261 Con·
1239 1234 1240 1238 ’

343 1397 453 1432 Quare
481 1408 546 1428 non
574 1404 621 1428 est
645 1398 841 1438 poenitentia
865 1398 897 1428 in
919 1397 982 1436 his,
1001 1400 1053 1439 qui
1073 1406 1159 1435 sunt,
1182 1404 1215 1428 ut

250 1438 371 1470 Paulus
397 1439 492 1479 [Eph.
514 1440 544 1477 4,
570 1439 633 1477 19.]
659 1447 755 1470 vocat
779 1440 990 1477 ἀπηλγηκότες,
1014 1450 1076 1470 nec
1102 1439 1217 1471 dolore
1238 1438 1240 1485 J

249 1480 317 1512 ullo
341 1488 394 1511 aut
420 1488 504 1512 metu
522 1482 588 1511 irae
611 1482 672 1512 Dei
696 1481 891 1518 afficiuntur,
911 1483 969 1512 sed
987 1483 1095 1513 securi
1114 1481 1216 1513 indul·
1239 1489 1240 1519 ξ

1238 1522 1240 1563 ‚³
1261 1524 1375 1555 mortis
1404 1530 1575 1564 peccatum
1604 1529 1653 1553 est
1677 1530 1738 1553 etc.

1237 1774 1427 1804 iustificati
1460 1773 1523 1803 fide
1555 1784 1670 1814 pacem
1703 1774 1872 1804 habemus.

335 1799 420 1829 Olim
444 1800 474 1828 in
494 1798 646 1829 Ecclesia
671 1799 784 1829 famosi
804 1810 868 1829 non
889 1800 1126 1839 recipiebantur
1144 1800 1215 1830 sine
1236 1818 1238 1846 Α]
1261 1815 1453 1846 contumelia
1483 1814 1599 1852 afficit²
1630 1816 1657 1845 Si
1687 1817 1759 1856 quis
1788 1816 2015 1846 remissionem
2038 1815 2152 1845 mortis
2176 1823 2228 1844 ae,

476 1882 546 1913 Hoc
574 1893 664 1913 more
695 1884 756 1913 iam
786 1882 860 1913 olim
887 1885 1073 1923 antiquato,
1108 1890 1238 1914 tamen'

1262 1072 1395 1105 propter
1425 1063 1678 1095 satisfactiones.
1725 1065 1848 1095 Postea
1879 1070 1986 1095 autem
2017 1066 2058 1096 de
2079 1074 2232 1106 compen-

1263 1108 1390 1137 satione
1419 1113 1570 1136 aeternae
1599 1116 1725 1147 poenae
1754 1105 2007 1137 hallucinantur.
2051 1106 2153 1136 Error
2181 1112 2232 1137 est

1263 1150 1346 1179 enim
1381 1149 1517 1185 sentire,
1557 1148 1645 1187 quod
1682 1154 1836 1178 aeternae
1869 1158 1996 1188 poenae
2030 1149 2232 1179 remittantur

1263 1196 1395 1231 propter
1418 1198 1564 1220 nostram
1589 1191 1896 1229 compensationem.
1930 1189 1971 1219 Et
1993 1189 2095 1220 multo
2118 1190 2232 1220 absur-

1263 1233 1337 1262 dius
1366 1238 1432 1268 est,
1467 1232 1556 1270 quod
1586 1230 1710 1271 fingunt
1739 1237 1872 1271 propter
1900 1241 2000 1271 opera
2028 1241 2092 1261 non
2125 1231 2232 1262 debita

1262 1274 1388 1304 remitti.

1347 1315 1415 1345 Nos
1432 1315 1530 1355 igitur
1547 1315 1770 1344 remissionem
1783 1313 1899 1354 culpae
1911 1320 1941 1344 et
1954 1314 2066 1344 montis
2079 1320 2232 1344 aeternae

1264 1357 1500 1397 conimgimus,
1525 1363 1555 1386 et
1580 1356 1734 1387 docemus
1757 1362 1930 1397 utrumque
1949 1366 2023 1386 esse
2039 1355 2231 1386 beneficium

1263 1398 1383 1429 Christi
1416 1399 1598 1438 gratuitum.
1650 1398 1729 1428 Fide
1757 1397 1934 1428 liberamur
1967 1398 2069 1439 gratis
2097 1403 2232 1437 propter

1263 1440 1429 1470 Christum
1458 1450 1477 1469 a
1506 1439 1601 1479 culpa
1632 1446 1663 1470 et
1690 1441 1737 1470 ira
1765 1439 1826 1469 Dei
1861 1449 1922 1470 seu
1954 1446 2058 1470 morte
2085 1445 2231 1476 aeterna,

1262 1483 1352 1513 iuxta
1385 1481 1445 1512 has
1480 1482 1659 1511 sententias
1706 1481 1747 1517 [1.
1779 1481 1856 1511 Cor.
1889 1481 1939 1519 15,
1967 1480 2050 1519 56.]:
2083 1479 2232 1512 Aculeus

1783 1522 1856 1553 Deo
1886 1530 1993 1553 autem
2022 1523 2146 1564 gratia,
2172 1532 2232 1562 per

1815 1565 1894 1595 Item
1931 1564 2052 1602 [Oseae
2076 1564 2127 1602 13,
2151 1564 2232 1602 14.]:

1262 1576 1358 1606 quem
1391 1565 1549 1595 habemus
1584 1565 1764 1595 victoriam.

1782 1606 1861 1636 Item
1889 1605 1982 1637 Rom.
2011 1606 2042 1636 6.
2074 1609 2138 1644 [vs.
2162 1605 2230 1643 23]

1261 1608 1290 1637 O
1319 1618 1426 1643 mors,
1461 1617 1517 1636 ero
1547 1617 1635 1637 mors
1664 1613 1730 1637 tua.

1238 1659 1239 1692 ζ
1260 1649 1392 1680 Donum
1414 1648 1476 1679 Dei
1500 1650 1565 1678 vita
1588 1654 1722 1678 aeterna
1745 1654 1795 1678 est
1809 1649 1852 1686 ⁴²)
1874 1657 1932 1688 per
1948 1648 2054 1678 lesum
2067 1647 2232 1678 Christum

1238 1694 1239 1705 ³
1261 1697 1323 1722 etc.

1378 1690 1417 1720 Et
1460 1691 1492 1720 in
1531 1690 1603 1729 ipsa
1637 1691 1828 1720 remissione
1863 1700 1936 1720 cum
1969 1690 2033 1720 fide
2067 1690 2231 1730 erigimur,

1260 1732 1436 1763 liberannu·
1454 1742 1473 1762 a
1492 1738 1597 1762 morte
1614 1738 1765 1768 aeterna;
1788 1732 1877 1762 iuxta
1898 1730 1979 1762 illud
2003 1731 2110 1770 [Rom.
2122 1731 2155 1768 5,
2168 1731 2228 1769 1.]:

1925 1773 2035 1808 Quare
2064 1772 2230 1804 Christum

1258 1864 1370 1888 ternae
1393 1856 1547 1887 transfert
1570 1858 1601 1887 in
1625 1864 1772 1888 nostram
1794 1857 2104 1896 compensationem.

1347 1899 1509 1929 Secunde.
1556 1898 1749 1939 Quanquam
1782 1909 1848 1929 non
1882 1897 1992 1929 divelli
2026 1898 2146 1928 debent
2181 1907 2229 1927 re-

1260 1941 1372 1971 missio
1403 1940 1517 1980 culpae
1546 1948 1577 1970 et
1606 1941 1718 1971 mortis
1746 1946 1916 1977 aeternae,
1950 1946 2058 1970 tamen
2087 1939 2230 1970 discerni

1260 1984 1378 2013 debent
1418 1983 1567 2013 remissio
1607 1981 1722 2022 culpae
1757 1988 1787 2012 et
1820 1982 1968 2013 remissio
2003 1980 2229 2022 temporalium

1259 2035 1454 2065 poena1·um;
1484 2025 1644 2055 sustinent
1671 2024 1755 2054 enim
1785 2024 1890 2054 sancti
1922 2033 2110 2054 communes
2137 2033 2229 2053 aeru-

1260 2077 1351 2096 mnas
1375 2066 1505 2097 humani
1530 2066 1670 2106 genelis.
1712 2065 1887 2096 Praeterea
1911 2064 2004 2095 Deus
2026 2065 2117 2105 punit
2141 2070 2230 2095 certa

1260 2115 1395 2149 peccata
1419 2106 1637 2147 peculiaribus
1661 2107 1786 2146 poenis.
1823 2107 1911 2137 Sicut
1934 2106 2043 2137 David
2065 2105 2229 2146 plecteba-

1260 2156 1313 2180 tur
1346 2156 1478 2190 propter
1510 2148 1712 2179 adulterium.
1765 2148 1816 2178 Ac
1849 2147 1997 2188 profecto
2026 2147 2102 2189 plus
2132 2158 2229 2189 quam

1260 2190 1400 2222 ferreum
1422 2197 1537 2231 pectus
1561 2191 1676 2228 habet,
1705 2191 1853 2231 quisquis
1877 2200 1943 2220 non
1966 2190 2173 2230 expavescit,
2201 2189 2229 2219 si

1261 2234 1393 2275 cogitet,
1417 2243 1513 2273 quam
1536 2232 1736 2263 horribiliter
1760 2233 1921 2273 puniverit
1944 2231 2037 2263 Deus
2059 2237 2230 2272 peccatum

1260 2274 1340 2306 illud
1368 2274 1515 2305 Davidis.
1567 2275 1657 2305 Mota
1687 2275 1803 2305 seditio
1833 2280 1898 2312 est,
1928 2273 2099 2305 interfecta
2128 2272 2231 2304 multa

1264 2435 1309 2463 40)
1328 2434 1459 2463 refellere]
1478 2434 1548 2458 Editt.
1568 2434 1590 2456 7.
1611 2435 1633 2457 8.
1656 2434 1761 2456 11—14.
1783 2436 1808 2457 et
1827 2434 1902 2463 om:
1920 2432 2052 2457 revenere.

1263 2484 1309 2512 41)
1329 2483 1423 2513 certae]
1442 2484 1484 2507 Ed.
1506 2485 1542 2508 11.
1563 2487 1588 2508 et
1607 2484 1678 2514 opp.:
1696 2487 1764 2507 certe

1240 2520 1241 2530 ¹
1263 2534 1309 2561 42)
1329 2536 1431 2557 aeterna
1451 2533 1501 2562 est]
1521 2533 1590 2557 Editt.
1614 2533 1650 2555 12.
1674 2533 1711 2556 13.
1730 2535 1769 2557 est
1787 2535 1890 2557 aeterna
