2358 2933
55 144 117 177 133

119 247 146 266 1⁶

115 455 145 474 20

89 667 131 698 48,
149 667 173 693 b.

120 1086 146 1105 10

120 1287 147 1307 15

116 1507 146 1525 20

91 1761 132 1789 49,
152 1766 174 1784 a.

494 139 518 170 Ι.
541 139 643 170 LOCI
664 135 942 169 THEOLOGICI:
965 137 1004 168 B.
1027 136 1167 169 PRIMA
1189 137 1348 169 EORUM
1370 137 1526 170 AETAS.

206 237 286 267 bros
312 234 412 265 decre
427 241 429 269 j
445 231 556 262 talium
581 231 823 272 comprobavit,
847 239 908 270 pro
928 230 1025 268 impio

205 277 321 308 haberi
340 276 449 311 debet,
467 284 585 314 nempe
604 274 693 315 quod
711 274 743 303 in
762 271 826 303 illis
845 277 912 302 tam
923 270 1027 302 multa

207 317 352 350 crudelia
370 323 403 348 et
420 317 517 356 impia
537 317 714 347 constituta
731 320 817 345 sunt.
852 314 957 344 Porro
970 324 1026 353 pa-

205 361 331 402 pisticis
363 360 500 390 comitiis
524 368 608 398 pene
638 356 717 388 nihil
745 357 894 388 videmus
919 362 1028 386 actum

206 408 337 443 praeter
345 411 484 432 caussas
498 401 679 442 tyrannidis
692 399 872 436 Romanae,
890 399 931 429 de
950 399 1027 429 sub-

206 446 334 487 igendis
354 444 400 475 Im
415 445 417 456 ¹
434 443 653 483 peratoribus‚
673 442 714 472 de
733 441 854 471 tuendo
874 441 1027 480 patrimo-

205 489 260 519 nio
284 487 387 524 Petri,
418 486 458 516 de
481 485 641 526 augendis
665 484 875 514 sacerdotum
899 484 1028 522 opibus,

207 531 248 561 de
284 527 497 569 opprimenda
532 536 654 568 graeca
689 525 852 556 Ecclesia.
915 524 1029 556 Palam

207 571 375 603 haeretica
400 576 451 601 est
474 569 681 606 constitutio,
705 569 747 598 ad
771 566 969 598 abolendam
988 567 1029 597 de

206 614 394 650 haereticis,
414 621 499 653 quae
518 616 693 642 execratur
711 620 825 640 omnes
845 610 900 650 qui
919 610 960 639 de
977 619 1029 639 sa—

210 656 384 688 cramentis
404 654 497 685 aliter
515 653 670 690 sentiunt,
689 658 745 683 aut
764 653 912 689 docent‚'
932 662 1030 692 quam

208 698 263 731 vel
292 699 398 734 docet,
428 695 482 727 vel
511 697 669 726 observat
697 693 840 725 ecclesia
869 693 1028 724 Romana.

208 742 280 773 Nec
300 741 384 772 enim
403 744 479 769 sunt
496 737 665 775 haeretici,
685 737 814 778 graeci,
834 737 888 777 qui
911 737 943 766 in
962 734 1030 776 ple-

208 785 320 824 risque
338 782 467 812 variant
485 792 504 811 a
522 780 692 811 Romanae
710 778 884 809 Ecclesiae
903 779 1030 815 ritibus,

213 832 243 858 et
262 824 503 856 traditionibus.
548 822 649 862 Impia
668 827 743 852 sunt
763 832 847 862 quae
866 822 907 851 (18
926 820 1030 851 indul-

206 868 324 912 gentiis
340 871 342 881 ¹
357 867 491 896 decreta
516 870 591 894 sunt
616 865 647 894 in
671 863 838 904 plerisque
863 862 1030 893 Conciliis.

208 909 386 943 Damnavit
400 907 669 937 Constantiensis
694 906 843 947 synodus
864 916 936 936 cum
956 904 1030 941 alia,

207 959 276 984 tum
294 949 489 981 sententiam
500 947 839 989 Evangelicissimam,
860 948 900 978 de
918 948 1030 978 discri-

209 996 295 1026 mine
315 1002 460 1031 operum.
507 990 611 1020 Omne
631 1000 714 1030 opus
735 991 856 1020 bonum
876 1000 963 1027 esse,
976 995 1031 1019 aut

207 1035 339 1071 malum,
364 1043 430 1063 non
450 1032 655 1069 indifferens,
674 1033 763 1062 iuxta
781 1030 860 1061 illud
879 1031 1029 1071 Evange-

206 1078 251 1116 lii,
279 1076 347 1107 Aut
374 1074 473 1105 facite
502 1075 683 1104 ar=borem
714 1075 834 1104 bonam
864 1079 926 1104 etc.
988 1073 1028 1103 Et

207 1120 285 1162 quid
314 1118 428 1149 attinet
455 1115 555 1147 multa
576 1126 850 1153 commemorare,
876 1126 948 1146 cum
974 1126 1028 1146 ex-

207 1168 276 1193 tent
293 1157 531 1191 abominabiles
550 1158 788 1197 pontificiarum
807 1157 916 1199 legum
941 1158 1027 1188 codi-

210 1214 280 1239 ces,
300 1213 318 1233 e
338 1202 456 1242 quibus
475 1201 618 1239 decerpe
637 1206 793 1241 quantum
811 1200 915 1231 voles.
936 1200 1028 1230 Haec

208 1247 283 1277 ideo
303 1243 544 1279 adnotavimus,
562 1248 597 1272 ut
609 1253 816 1273 moneremus
836 1248 958 1273 temere
977 1252 1028 1273 rc-

209 1293 339 1328 ceptam
358 1295 435 1316 esse
454 1285 562 1325 opinio
572 1291 651 1315 'nem
669 1284 758 1316 illam
770 1284 951 1325 vulgarem,
965 1295 1029 1325 qua

207 1330 323 1361 iactari
358 1326 453 1364 solet,
491 1326 629 1357 concilia
664 1338 731 1357 non
768 1337 869 1367 posse
906 1337 1028 1358 errare.

208 1371 352 1403 Proinde
372 1380 446 1400 cum
465 1375 595 1400 constet
617 1367 692 1400 luce
710 1370 889 1400 meridiana
909 1369 1028 1400 clarius

209 1420 240 1446 et
266 1422 399 1445 errasse
418 1421 519 1452 saepe
546 1411 701 1449 concilia,
722 1418 753 1442 et
781 1422 893 1442 errare
917 1422 1030 1452 posse,

209 1466 335 1498 quaeso
355 1461 398 1492 te,
418 1453 534 1491 lector,
555 1464 613 1484 cur
631 1455 763 1485 tandem
782 1462 842 1494 pro
862 1454 937 1485 fidei
956 1455 1031 1484 arti-

209 1497 284 1530 culo
312 1497 428 1528 haberi
458 1497 567 1533 debet,
597 1497 685 1537 quod
713 1508 733 1527 a
763 1496 920 1527 con¹cilio
951 1497 1031 1527 citra

209 1542 394 1580 scripturae
411 1538 603 1580 suffragium
621 1540 790 1570 decretum
815 1540 885 1570 est?
922 1539 1031 1574 Quan-

210 1582 387 1623 doquidem
405 1582 615 1621 perspicuum
634 1588 684 1612 est
703 1592 816 1612 errare
834 1592 935 1621 posse
955 1592 1031 1612 con-

215 1624 308 1661 cilia,
352 1634 410 1653 cur
438 1633 505 1653 non
535 1624 708 1662 exiguntur
747 1634 858 1654 eol-lun
898 1625 1032 1654 decreta

211 1668 253 1698 ad
277 1665 494 1705 scripturam?
523 1665 621 1695 Absit
649 1676 669 1695 a
699 1665 885 1696 Christiana
913 1672 1032 1703 mente,

210 1715 245 1741 ut
274 1706 447 1739 articulum
476 1706 551 1737 fidei
577 1708 721 1737 condere
749 1708 924 1739 arbitretur
948 1718 1032 1745 eum,

212 1761 308 1793 quem
330 1751 333 1760 ⁴
353 1759 419 1780 non
449 1750 490 1779 sit
511 1754 635 1779 certum
653 1748 769 1780 fallere
797 1756 852 1781 aut
876 1749 942 1781 falli
967 1761 1033 1781 non

77 1803 131 1833 (27,
160 1802 195 1832 a.)
213 1803 326 1835 posse.
356 1792 464 1833 Negat
488 1791 606 1822 Petrus
626 1792 785 1831 privatae,
810 1792 874 1823 hoc
893 1799 955 1829 est,
974 1793 1032 1823 hu-

131 1930 145 1948 5

126 2140 152 2159 10

128 2394 155 2412 15

211 1846 328 1868 manae
352 1834 566 1874 expositionis
587 1844 663 1864 esse
676 1835 860 1874 scripturae
872 1835 1031 1876 interpre-

211 1880 378 1909 tationem.
422 1877 494 1907 Nos
519 1876 704 1907 hominibus
732 1878 955 1916 permittemus
981 1888 1032 1907 ar-

210 1919 330 1952 ticulos
342 1919 418 1950 fidei
430 1922 504 1949 con'
515 1920 594 1949 dere
600 1919 614 1949 ’Ξ
634 1919 719 1954 Quin
731 1921 926 1960 scripturam
938 1930 1031 1960 prae-

213 1968 358 2000 euntem,
382 1968 413 1992 et
435 1967 469 1992 ut
500 1961 618 1992 Petrus
645 1962 687 1999 [2.
714 1962 807 2002 epist.
837 1962 865 1999 1,
893 1962 956 2000 l9.1
976 1963 1031 1999 ait,

214 2006 316 2045 λύχνον
349 2009 488 2044 φαίνοντα
516 2007 544 2034 ἐν
573 2004 714 2045 αὐχμηρῷ
739 2005 822 2046 τόπῳ
843 2004 1032 2046 sequimur?

212 2048 351 2078 maxime
374 2057 447 2077 cum
470 2052 569 2087 neget
586 2047 749 2086 propheta
766 2046 906 2078 futuram
924 2046 1031 2077 lucem

212 2090 403 2120 matutinum
420 2090 478 2126 iis,
507 2090 560 2129 qui
579 2099 645 2119 non
665 2099 683 2120 e
701 2088 785 2129 legis
806 2095 837 2120 et
855 2090 1031 2121 testimonii

213 2132 332 2162 iudicio
352 2132 506 2170 pendent.
551 2131 657 2162 Notus
681 2130 776 2162 locus
797 2138 847 2163 est
869 2135 873 2167 Ι
893 2133 926 2162 in
945 2138 1031 2163 octa·

215 2184 257 2204 vo
272 2183 342 2213 cap.
365 2176 426 2210 [vs.
440 2173 505 2212 20.]
524 2174 602 2204 Esa.
621 2173 694 2204 Huc
713 2175 808 2205 etiam
826 2174 919 2205 Pauli
937 2174 1032 2205 locus

214 2216 356 2257 pertinet
385 2216 416 2245 in
450 2216 561 2255 priore
585 2216 627 2246 ad
662 2216 850 2247 Corinthios
882 2217 925 2255 [3.
956 2217 1032 2255 ll.],

214 2259 270 2289 ubi
290 2258 331 2288 de
351 2258 499 2288 doctrina
518 2257 703 2290 Christiana
722 2260 863 2290 disserit.
904 2260 1032 2290 Funda-

215 2306 359 2331 mentum
389 2299 475 2330 aliud
504 2301 581 2339 poni
609 2311 675 2331 non
704 2312 816 2341 posse.
846 2308 976 2341 praeter
1000 2302 1043 2332 id.

216 2343 305 2383 quod
323 2343 465 2382 positum
485 2349 550 2379 est,
575 2342 640 2373 hoc
660 2349 725 2381 est,
745 2346 786 2375 ad
805 2344 943 2375 salutem
962 2343 1031 2375 nul-

215 2384 281 2415 lam
304 2385 531 2422 doctri'nam,
556 2384 663 2415 nullos
692 2386 847 2417 articulos
877 2397 1032 2418 necessa-

217 2427 285 2457 rios
305 2437 392 2464 esse,
410 2434 541 2467 praeter
560 2429 764 2467 scripturam.
810 2430 902 2464 Quae
919 2440 1032 2469 super-

216 2475 396 2507 struuntur,
414 2471 457 2500 ait
470 2471 554 2501 diem
567 2471 685 2501 domini
696 2472 917 2510 probaturum.
937 2472 1033 2507 Quod

219 2512 246 2541 si
272 2513 443 2551 probanda
466 2519 540 2543 sunt
567 2514 598 2543 in
619 2514 669 2544 die
689 2514 822 2551 domini,
843 2525 900 2544 cur
919 2515 1033 2555 recipi-

220 2559 317 2584 untur
342 2565 406 2585 non
431 2556 539 2593 modo,
563 2566 622 2596 pro
650 2557 774 2596 probae
800 2563 949 2588 monetae
977 2558 1033 2587 do-

1988 140 2050 172 134

1073 231 1194 268 ctrina,
1221 231 1280 261 sed
1304 242 1366 271 pro
1385 241 1528 262 necessa
1542 244 1544 255 ι
1558 231 1606 262 ria
1624 232 1720 261 etiam
1738 231 1781 261 ad
1803 230 1889 262 salu-
1957 242 1987 260 20

1071 273 1158 303 tem?
1192 273 1373 304 Decretum
1392 280 1441 304 est
1461 274 1502 304 de
1526 274 1893 304 transsubstantiatione

1071 316 1165 355 panis
1192 317 1224 346 in
1253 326 1375 356 corpus
1396 316 1527 353 Christi,
1547 317 1579 347 in
1597 321 1818 353 sacramento,
1838 317 1892 346 (18-

1073 363 1209 387 cretum-
1222 364 1272 388 est
1297 359 1337 389 de
1357 359 1467 398 Papae
1486 359 1641 398 primatu,
1660 359 1758 399 idque
1779 364 1894 389 contra

1072 405 1220 430 veterum
1250 402 1453 442 synodorum
1483 401 1743 431 constitutiones.
1801 401 1893 436 Quae

1075 452 1148 472 culn
1185 442 1266 473 citra
1296 449 1420 474 certum
1454 445 1638 483 scripturae
1678 443 1869 484 suffragium
1891 462 1893 471 ·

1074 484 1203 523 prodita
1222 490 1308 522 sunt,
1328 486 1404 525 quid
1425 492 1486 522 est,
1506 496 1564 515 cur
1575 496 1634 525 pro
1649 487 1747 516 certis
1761 487 1895 527 dogma·
1935 497 1976 527 49,
2009 495 2032 521 b.

1074 527 1115 556 tis
1135 527 1355 565 recipiantur?
1389 526 1543 567 Apostoli
1561 529 1593 557 in
1612 527 1706 557 Actis
1727 534 1757 558 et
1776 530 1896 569 ubique

1074 567 1209 605 Paulus,
1230 569 1414 600 doctrinam
1432 580 1537 606 suam,
1550 571 1743 600 auctoritate
1756 572 1894 610 scriptu-

1075 619 1132 640 rae
1163 612 1390 650 comprobant.
1447 611 1599 642 Christus
1630 613 1693 642 sibi
1722 612 1819 643 fidem
1837 623 1896 653 per

1075 653 1163 692 scrip
1178 653 1276 684 1turas
1306 652 1403 691 facit,
1433 664 1507 685 cum
1535 654 1623 684 iubet
1653 661 1688 684 ut
1716 661 1898 685 scrutemur
1973 665 1987 683 ε,

1077 696 1258 735 scripturas
1279 706 1364 736 quae
1377 697 1418 726 (18
1430 706 1468 727 se
1479 697 1699 727 testimonimn
1711 697 1896 736 perhibent,

1077 748 1150 768 cum
1175 738 1218 768 ait
1244 738 1301 775 [Io.
1326 738 1357 776 S,
1385 738 1435 769 16.
1469 739 1531 778 17.]
1556 745 1682 779 patrem
1700 739 1762 769 sibi
1781 739 1897 769 suffra-

1077 781 1164 821 gari,
1195 786 1225 810 et
1257 781 1395 811 duorum
1425 782 1646 812 testimonium
1674 782 1897 821 recipiendum

1077 832 1165 860 esse,
1185 828 1217 852 et
1236 821 1299 853 hoc
1319 833 1423 864 genus
1443 823 1553 854 multa.
1591 824 1626 854 In
1638 823 1897 854 Deuteronomio

1078 864 1150 902 [12.
1182 864 1235 903 32]
1271 867 1441 906 praecepit.
1476 867 1641 903 dominus,
1681 876 1722 896 ne
1759 867 1899 897 addatur

1077 907 1285 937 adverbum
1304 918 1399 938 suum
1417 914 1472 939 aut
1492 908 1694 945 detrahatur,
1715 919 1800 949 quae
1819 919 1894 940 sen·
1966 910 1993 928 ¹⁰

1076 950 1176 979 tentia
1199 948 1308 989 palam
1332 951 1428 980 docet
1452 951 1570 981 nemini
1595 950 1646 980 fas
1673 961 1767 987 esse,
1787 952 1820 981 id
1838 961 1899 990 pro

1077 990 1214 1021 articulo
1241 991 1316 1021 fidei
1342 993 1479 1030 docere,
1506 993 1594 1033 quod
1618 1002 1683 1022 non
1704 1000 1794 1023 certo
1814 994 1900 1023 sciat

1077 1034 1219 1063 divinmn
1238 1034 1377 1064 verbum
1396 1044 1483 1065 esse.
1514 1034 1712 1074 Prophetae,
1733 1034 1899 1072 Christus,

1074 1073 1239 1114 Apostoli,
1254 1081 1344 1105 certo
1365 1078 1514 1107 sciebant
1534 1078 1585 1107 dei
1604 1078 1741 1107 verbum
1760 1087 1848 1114 esse,
1868 1078 1901 1108 id

1074 1118 1162 1158 quod
1176 1118 1179 1128 ¹
1194 1118 1367 1148 docebant.
1414 1119 1492 1149 Ideo
1511 1120 1591 1155 sibi,
1611 1120 1706 1150 immo
1726 1130 1806 1151 suae
1826 1121 1901 1150 voci
1969 1123 1995 1141 ¹5

1074 1160 1162 1190 credi
1181 1158 1346 1190 volebant.

1118 1218 1210 1249 Haec
1230 1219 1306 1249 mihi
1325 1218 1422 1259 plane
1441 1221 1653 1260 persuadent,
1672 1220 1751 1251 nihil
1769 1232 1829 1261 pro
1849 1232 1899 1252 ar-

1076 1260 1175 1291 ticulo
1189 1260 1265 1291 fidei
1284 1261 1472 1292 habeudmn
1491 1272 1578 1299 esse,
1599 1264 1686 1303 quod
1706 1274 1771 1294 non
1790 1263 1900 1303 palam

1077 1304 1241 1343 scriptura
1264 1303 1370 1334 (locet.
1396 1304 1440 1335 Ut
1453 1306 1899 1345 ranpanturinterimPa=ri-
1964 1318 1994 1336 20

1077 1347 1218 1383 sienses,
1238 1346 1292 1386 qm·
1311 1347 1343 1376 in
1363 1356 1424 1377 sua
1442 1346 1497 1378 illa
1515 1348 1635 1388 inepta,
1656 1354 1686 1378 et
1705 1349 1802 1389 impia
1823 1359 1900 1379 con-

1078 1388 1286 1419 (lenmatione
1309 1388 1462 1427 Lutheri,
1492 1391 1651 1430 principia
1675 1390 1749 1422 fidei
1779 1398 1901 1422 vocant

1078 1429 1300 1468 conciliorum.
1321 1437 1351 1461 et
1371 1431 1561 1463 scholarum
1579 1433 1733 1474 dogmata
1747 1434 1802 1473 ⁴⁵).
1849 1433 1901 1464 De

1077 1473 1244 1503 divinitate
1273 1472 1328 1503 filii
1354 1475 1454 1505 credo
1480 1475 1607 1505 Niceno
1634 1475 1799 1513 Concilio,
1825 1477 1900 1516 quia

1077 1516 1262 1555 scripturae
1294 1517 1412 1554 credo,
1431 1527 1515 1558 quae
1536 1517 1657 1548 Christi
1684 1519 1899 1549 (lixinitatenv

1077 1564 1142 1588 tam
1161 1557 1250 1588 clarc
1269 1559 1364 1589 nobis
1383 1561 1513 1599 probat,
1536 1566 1570 1590 ut
1589 1570 1631 1590 ne
1648 1560 1758 1591 Iudaei
1772 1561 1901 1601 quidem
1939 1572 1980 1601 50,
1998 1577 2020 1595 a,

1077 1601 1291 1641 tergiversari
1309 1603 1461 1641 possint,
1481 1603 1688 1643 quantumvis
1709 1604 1812 1641 caeci,
1833 1614 1897 1644 quo
1919 1614 1973 1643 (27,
1999 1614 2037 1644 b.)

1077 1643 1182 1673 minus
1202 1642 1349 1674 Messiae
1369 1644 1569 1674 divinitatem
1587 1645 1741 1675 tribuant.
1787 1646 1898 1676 Locus

1079 1691 1130 1715 est
1152 1691 1285 1724 apertus
1310 1692 1442 1725 praeter
1468 1686 1551 1717 alios
1590 1688 1621 1717 in
1652 1689 1758 1728 capite
1782 1688 1899 1718 XXIII.

1079 1729 1141 1764 [vs.
1161 1727 1205 1766 6.]
1225 1727 1536 1766 apud'Hieremiam.
1566 1729 1608 1759 Et
1626 1729 1692 1760 hoc
1711 1736 1761 1760 est
1780 1740 1899 1761 nomen
1968 1740 1982 1758 ⁵

1078 1770 1165 1810 quod
1184 1770 1351 1800 vocabunt
1371 1780 1455 1807 eum,
1467 1770 1560 1801 Deus
1572 1772 1677 1802 iustus
1691 1779 1816 1803 noster.
1843 1772 1899 1802 sic

1077 1812 1284 1842 iudicandum
1307 1818 1385 1853 puto
1409 1823 1468 1853 per
1491 1814 1687 1854 scripturam
1714 1820 1745 1845 et
1765 1815 1805 1845 (18
1826 1813 1897 1845 reli-

1078 1855 1150 1895 quis
1170 1855 1319 1895 synodis.

1120 1922 1164 1952 At
1188 1922 1228 1952 de
1254 1922 1400 1952 morlbus
1428 1923 1603 1953 constituet
1629 1922 1799 1961 Ecclesia,
1822 1924 1898 1954 item

1077 1965 1118 1995 de
1138 1964 1354 1995 ceremoniis?
1370 1963 1422 1994 De
1435 1966 1580 1995 moribus
1600 1976 1666 1996 non
1685 1966 1793 2003 w‘deo,
1813 1967 1897 2006 quid*

1077 2007 1117 2037 sit
1137 2007 1348 2037 constitutum
1367 2017 1386 2037 a
1405 2006 1637 2045 Pontificibus,
1657 2014 1711 2038 aut
1730 2010 1802 2047 a⁴⁶)
1821 2019 1898 2050 spi·
1971 2020 1996 2038 ιο

1079 2050 1173 2087 odis,
1209 2049 1272 2079 nisi
1295 2047 1440 2080 fortasse
1466 2050 1507 2079 ad
1532 2060 1642 2080 mores
1662 2051 1825 2090 pertinent
1851 2050 1896 2081 le-

1077 2102 1136 2133 ges
1161 2091 1359 2132 papisticae,
1383 2092 1423 2122 de
1447 2090 1554 2130 bellis,
1574 2092 1701 2130 litibus.
1723 2092 1897 2130 coelibatu,

1077 2144 1163 2176 quae
1188 2135 1216 2164 si
1235 2134 1276 2164 ad
1296 2133 1442 2175 regulam
1467 2134 1693 2176 evangelicam
1713 2136 1897 2176 exigantur5

1077 2178 1154 2218 quid
1179 2177 1283 2208 minus
1309 2177 1395 2216 pium
1420 2176 1473 2208 vel
1498 2188 1517 2208 a
1537 2177 1670 2219 Scythis
1695 2178 1799 2217 potuit
1819 2188 1896 2208 con-

1076 2219 1182 2250 stituj.¹

1119 2278 1185 2310 Sed
1211 2279 1252 2309 de
1284 2279 1477 2310 ceremoniis
1508 2279 1670 2316 dicemus,
1697 2289 1778 2320 quas
1799 2289 1895 2309 suum
1965 2281 1990 2299 ¹⁵

1079 2450 1124 2479 45)
1150 2448 1222 2473 Conf.
1242 2449 1369 2473 Adversus
1399 2448 1522 2473 furiosum
1541 2449 1720 2474 parisiensium
1747 2450 1982 2480 theologastrorum
2008 2452 2051 2477 de-

1149 2485 1245 2507 cretum
1265 2483 1368 2512 Philippi
1387 2483 1584 2508 Melanchthonis
1611 2489 1655 2513 pro
1674 2484 1782 2508 Luthero
1811 2486 1931 2515 apologia
1949 2486 1987 2516 (in
2005 2487 2050 2512 hu-

1147 2518 1186 2541 ius
1208 2517 1278 2547 Corp.
1297 2517 1350 2541 Res.
1371 2517 1422 2542 Vol.
1440 2517 1456 2541 Ι.
1475 2523 1498 2547 p.
1513 2518 1561 2542 398
1581 2518 1657 2548 sqq).

1080 2568 1126 2597 46)
1146 2567 1172 2597 a]
1191 2568 1233 2592 Ed.
1253 2569 1276 2592 7.
1297 2574 1351 2592 om.
1805 2570 1839 2593 9‘
