2358 2933
257 2236 419 2275 scriptura
449 2235 553 2274 [Rom
586 2238 644 2275 10,
669 2238 731 2276 174
756 2240 866 2279 inquit.
910 2238 1009 2269 Fides
1033 2249 1073 2270 ex

255 2278 365 2308 auditu
389 2284 439 2309 est
458 2278 536 2309 Item
555 2280 596 2310 ad
620 2279 693 2311 Gal.
716 2280 760 2311 Ut
783 2282 876 2312 detur
899 2282 1073 2321 promissio

255 2321 388 2360 spiritus
423 2331 464 2351 ex
497 2321 570 2352 fide.
626 2322 700 2353 Non
733 2325 818 2354 enim
847 2324 1002 2355 debemus
1033 2325 1073 2354 de

255 2362 423 2394 voluntate
454 2364 504 2394 dei
533 2363 663 2395 aliunde
698 2375 793 2406 quam
828 2376 866 2396 ex
897 2367 997 2397 verbo
1022 2367 1072 2397 dci

1120 2238 1213 2268 dictis
1243 2239 1305 2275 uti,
1334 2248 1375 2268 ne
1406 2237 1603 2269 solutionum
1633 2240 1775 2269 varietas
1807 2248 1938 2269 causam

1118 2279 1219 2311 faciat
1249 2286 1448 2320 suspectam.
1504 2281 1588 2311 Nam
1611 2282 1642 2311 in
1669 2281 1764 2311 bonis
1791 2287 1822 2311 et
1853 2282 1939 2311 veris

1120 2324 1229 2354 causis
1254 2323 1281 2352 si
1306 2323 1378 2363 quis
1398 2328 1508 2353 teneat
1527 2322 1635 2353 fontes
1655 2321 1753 2353 facile
1776 2329 1827 2353 est
1839 2322 1938 2353 dilue·

1119 2376 1155 2395 re
1183 2365 1353 2405 opposita,
1381 2366 1440 2395 sed
1468 2365 1499 2394 in
1530 2364 1623 2395 malis
1654 2370 1685 2395 et
1712 2364 1805 2395 falsis
1830 2366 1938 2396 causis

1119 2407 1305 2438 adhibenda
1328 2414 1404 2438 sunt
1427 2407 1505 2447 σοφά
1525 2408 1677 2447 φάρμακα.
1721 2407 1870 2438 Dicimus
1894 2406 1938 2437 le-

99 124 159 155 317
572 123 595 154 1.
619 122 719 154 LOCI
741 121 1015 154 THEOLOGICI:
1039 122 1076 153 C.
1101 121 1311 154 SECUNDA
1333 121 1488 153 EORUM
1511 120 1668 152 AETAS.
2031 120 2093 149 318

254 217 439 253 vocatione,
460 217 493 246 in
506 216 655 246 omnibus
667 214 912 252 afflictionibus,
924 216 957 245 in
970 216 1071 245 omni-
1116 215 1272 244 iudicare.
1318 214 1410 245 Haec
1444 213 1620 243 admonitio
1642 211 1814 252 plurimum
1837 210 1935 241 habet

253 260 315 289 bus
345 258 499 298 operibus
524 268 597 288 cum
627 256 683 288 illa
707 257 846 288 naturali
870 257 1071 288 dubitatione
1116 257 1272 286 momenti
1290 257 1322 286 in
1347 256 1569 297 gubernandis
1594 260 1625 285 et
1637 253 1849 285 consolandis
1863 263 1939 283 con-

254 301 370 337 debet‚
403 309 506 341 seque
530 301 658 341 erigere
682 306 714 330 et
737 299 932 331 confirmare
957 305 1072 329 contra
1118 299 1272 328 scientiis.
1298 299 1300 325 Ι

253 343 496 380 dubitationem,
518 348 554 373 ut
577 343 621 372 ait
638 341 798 372 Christus.
832 341 994 382 Quicquid
1016 351 1071 381 pe·
1160 339 1280 370 Alter
1298 339 1413 370 locus
1436 345 1554 377 restat,
1585 339 1661 379 quid
1685 339 1725 369 de
1748 339 1938 378 promissio·
1976 349 2015 373 (γε,
2036 354 2048 370 a

253 385 366 415 tieritis
390 385 563 415 credentes
597 385 775 423 accipietis.
836 383 1070 423 Repudiandus
1119 382 1214 412 nibus
1241 383 1449 412 iudicandum
1478 383 1517 411 sit
1552 382 1607 411 ubi
1630 381 1784 420 operibus
1808 380 1937 411 additur

254 432 305 457 est
334 427 433 467 igitur
461 427 758 467 perniciosissimus
793 435 887 456 error
915 426 1072 456 adversa·
1118 424 1293 464 promissio
1327 424 1531 454 remissionis
1565 429 1788 463 peccatorum,
1823 421 1937 463 quales

252 470 386 506 riorum,
421 470 476 509 qui
509 470 621 499 iubent
653 469 802 498 dubitare
836 474 868 498 et
902 469 1002 498 citant
1030 477 1072 498 ex
1119 472 1205 497 sunt.
1250 465 1415 496 Remittite
1440 472 1472 496 et
1490 466 1670 496 remittetur
1693 465 1800 496 vobis.
1845 464 1938 494 Faci-

254 510 434 541 Salomone
459 510 560 548 [Eccl.
584 510 615 548 9,
640 510 704 548 12]
750 510 865 540 Nescit
887 509 985 540 homo
1011 515 1071 540 etc.
1118 506 1159 538 lis
1189 513 1239 537 est
1261 508 1446 548 responsio.
1497 507 1601 537 Nemo
1631 507 1714 537 adeo
1742 516 1855 536 amens
1889 512 1939 536 est

254 553 379 584 Verum
402 552 486 584 haec
509 553 671 583 sententia
685 550 874 582 Salomonis
888 551 969 582 nihil
980 562 1073 592 pror·
1120 550 1173 589 quj
1207 556 1323 589 optare
1351 550 1436 579 ausit
1460 559 1500 579 ex
1524 550 1681 589 dignitate
1703 554 1838 578 nostrae
1862 557 1938 578 con—

254 605 311 626 sus
335 594 479 636 loquitur
502 595 542 625 de
564 595 682 625 iudicio
707 595 758 624 dei
775 599 832 624 aut
855 595 895 624 de
909 594 1073 624 remissio·
1119 592 1303 621 donationis
1322 592 1467 631 pendere
1484 591 1710 621 remissionem
1726 596 1937 630 peccatorum

254 647 295 667 ne
328 643 540 677 peccatorum
573 637 634 667 sed
667 642 718 667 est
752 635 885 676 politica
909 636 1073 666 sententia
1120 643 1230 664 coram
1250 634 1323 663 deo.
1370 633 1476 668 Quum
1506 633 1590 663 enim
1620 633 1827 663 statuendum
1850 637 1939 662 esset

253 678 430 719 deplorans
462 678 626 709 hominum
655 678 937 719 ingratitudinem,
967 677 1073 719 qualis
1119 685 1180 706 nos
1204 674 1328 706 habere
1350 676 1577 706 remissionem
1592 680 1804 715 peccatorum
1822 675 1850 704 si
1863 680 1939 704 tunc

253 727 304 751 est
326 720 383 751 illa
405 722 491 761 apud
513 726 653 761 poetam.
694 721 811 751 Omnia
835 726 911 751 sunt
932 722 1072 761 ingrata,
1121 718 1249 748 demum
1269 718 1475 759 contingeret
1502 727 1575 747 cum
1598 717 1694 747 animi
1717 717 1823 746 nostri
1846 715 1940 746 liberi

253 762 331 793 nihil
354 762 475 793 fecisse
498 764 639 804 benigne
663 768 714 794 est
737 769 799 793 etc.
823 769 889 800 aut,
902 763 1073 803 Nusquam
1121 765 1233 790 essent
1257 761 1298 790 ab
1319 761 1469 790 omnibus·
1489 758 1735 789 offensionibus.
1791 759 1863 788 Etsi
1886 769 1939 788 au-

253 810 321 836 tuta
344 805 427 836 fides
451 811 513 836 etc.
559 805 713 840 Queritur
736 806 822 835 enim
845 804 979 835 Salonio
1003 810 1072 835 tan·
1120 807 1184 832 tem
1210 802 1369 842 quaedam
1398 802 1539 832 varietas
1567 806 1619 831 est
1643 801 1761 831 horum
1780 801 1940 831 dictorum

252 853 318 878 tam
336 857 412 878 esse
434 848 543 878 mundi
566 846 721 878 malitiam
739 853 773 877 ut
796 857 862 877 non
885 847 1007 877 habeat
1023 857 1073 877 ra·
1122 845 1162 875 de
1203 844 1368 884 operibus
1425 843 1594 878 Quaedam
1629 843 1714 874 enim
1748 848 1862 883 aperta
1893 842 1939 872 lo-

254 890 373 920 tionem
397 891 480 920 bene
503 890 702 920 meritorum.
733 889 824 920 Bene
846 890 979 919 meritos
1003 898 1074 919 sae·
1123 892 1265 927 qulultur
1289 887 1330 916 de
1353 887 1546 916 remissione
1568 895 1706 926 poenae,
1721 884 1939 916 Concedimus

255 941 297 971 pe
320 930 454 972 affligit,
489 931 660 970 Improbos
684 942 764 962 vero
788 937 875 962 amat
898 938 929 962 et
954 930 1074 968 evehit,
1121 935 1228 959 autem
1247 929 1369 958 nostris
1389 929 1542 968 precibus
1574 934 1605 958 et
1629 926 1810 958 benefactis
1845 937 1939 968 prae-

136 982 175 1003 m.
195 981 217 1003 b.
255 974 339 1003 sicut
366 974 514 1004 videmus
538 973 573 1003 In
597 980 601 1002 ι
628 975 779 1004 omnibus
809 975 908 1004 rebus
932 972 1073 1013 publicis
1120 976 1232 1002 sentes
1276 980 1402 1010 poenas
1443 971 1593 1010 mitigari,
1623 969 1721 1000 Tales
1752 976 1827 1000 sunt
1868 980 1940 1000 sen·

253 1016 428 1055 pessimam
458 1017 596 1056 gratiam
619 1014 756 1045 relatam
779 1024 855 1046 esse
879 1017 957 1046 viris
980 1026 1073 1055 prae·
1119 1014 1238 1043 tentiae
1260 1012 1296 1042 ln
1319 1010 1557 1042 Ecclesiastico
1583 1015 1628 1050 [3,
1651 1011 1940 1052 33.?]Eleemosy-

254 1056 344 1087 clare
368 1058 503 1094 meritis,
522 1062 557 1088 ut
580 1058 667 1096 apud
690 1057 864 1088 Hebraeos
876 1057 985 1088 David
1010 1058 1073 1087 eie·
1119 1065 1162 1085 na
1181 1060 1234 1085 est
1256 1054 1450 1094 propiciatio
1473 1064 1534 1095 pro
1562 1060 1712 1094 peccato,
1735 1055 1755 1084 i.
1781 1064 1809 1084 e.
1839 1064 1940 1084 mere-

253 1105 325 1130 ctus
372 1104 424 1130 est
463 1109 503 1129 ex
539 1109 659 1139 regne,
693 1099 874 1139 prophetae
909 1098 1071 1130 interfecti
1095 1101 1097 1113 ³
1119 1104 1172 1128 tur
1212 1097 1445 1137 mitigationem
1490 1106 1669 1136 poenarum
1708 1098 1939 1137 praesentium.

253 1147 340 1172 sunt.
385 1140 524 1171 Athenis
551 1141 716 1172 Miltiades
730 1143 790 1181 ⁴3),
823 1140 1072 1177 Themistocles,
1119 1139 1241 1169 Tamen
1280 1148 1378 1168 unam
1413 1138 1601 1179 generalem
1641 1139 1940 1179 interpretationem

254 1182 444 1221 Cimon‚⁴3³)
467 1182 591 1214 Romae
609 1182 767 1214 Camillus
781 1190 811 1214 et
825 1183 878 1214 alii
890 1182 981 1214 multi
993 1184 1073 1214 indi·
1095 1202 1096 1210 1
1119 1182 1170 1211 his
1194 1181 1365 1211 sententiis
1390 1182 1539 1211 omnibus
1560 1181 1729 1211 addemus·
1766 1180 1865 1211 Certe
1888 1180 1940 1212 lex

254 1225 409 1265 gnissime
431 1227 561 1255 tractati
585 1232 671 1256 sunt.
702 1225 792 1256 Haec
817 1232 867 1256 est
886 1225 1072 1256 Salomonis
1095 1211 1097 1242 Ι
1120 1224 1191 1254 sine
1214 1222 1347 1253 Christo
1371 1233 1438 1253 non
1457 1223 1610 1262 prodest,
1638 1223 1786 1254 Necesse
1810 1229 1859 1253 est
1883 1224 1939 1264 igi-

254 1268 428 1297 sententia.
458 1278 542 1307 quae
577 1273 699 1298 tantum
728 1268 769 1298 de
799 1267 966 1298 hominum
993 1268 1072 1298 iudi·
1095 1302 1097 1307 ⁴
1120 1272 1171 1297 tur
1193 1266 1283 1305 prius
1307 1265 1556 1304 apprehendere
1575 1266 1801 1296 remissionem
1823 1276 1939 1306 pecca—

255 1309 312 1339 ciis
337 1308 479 1349 loquitur
502 1308 653 1340 videlicet
675 1311 805 1340 nescire
828 1309 976 1340 homines
990 1320 1074 1350 quae
1119 1314 1225 1338 torum
1260 1307 1378 1337 fiducia
1399 1306 1538 1344 Clu-isti,
1573 1314 1603 1338 et
1627 1307 1710 1338 haec
1733 1308 1852 1339 fiducia
1874 1318 1940 1338 11011

254 1351 318 1393 sint
349 1361 429 1392 ergo
445 1352 490 1391 ⁴⁴²)
515 1350 643 1382 futurae
679 1351 844 1382 hominum
873 1351 1072 1383 voluntates,
1118 1355 1228 1391 potest
1259 1350 1316 1379 niti
1339 1350 1449 1388 operis
1472 1351 1577 1380 nostri
1596 1351 1753 1391 dignitate
1787 1352 1847 1381 sed
1872 1357 1939 1381 tan-

254 1391 424 1423 Falluntur
447 1399 555 1424 autem
568 1392 766 1424 scholastici
791 1395 956 1425 doctores.
998 1396 1073 1434 quia
1095 1407 1096 1414 1
1119 1399 1186 1423 tum
1204 1392 1316 1422 nititur
1339 1391 1471 1422 Christo
1495 1392 1604 1427 Quare
1626 1394 1725 1434 igitur
1748 1404 1830 1433 opus
1850 1393 1938 1424 addi-

254 1435 328 1465 ideo
348 1436 558 1466 dubitandum
577 1446 654 1466 esse
676 1442 802 1476 putant,
828 1437 916 1477 quod
939 1435 1073 1477 qualita-
1095 1433 1096 1448 ¹
1119 1435 1192 1465 tur?
1216 1435 1290 1475 quia
1309 1435 1512 1474 poenitentia
1535 1442 1585 1465 est
1605 1436 1795 1466 necessaria
1814 1441 1848 1466 ut
1867 1445 1939 1466 sae-

255 1483 305 1506 tes
346 1483 477 1508 nostras
518 1488 583 1508 non
616 1479 783 1518 possimus
816 1479 978 1518 inspicere
1012 1488 1072 1509 nec
1095 1477 1097 1500 1
1119 1487 1161 1517 pe
1183 1478 1246 1507 iam
1266 1477 1341 1507 d’mi.
1377 1476 1461 1511 Quid
1484 1483 1593 1517 potest
1617 1478 1679 1508 dici
1698 1477 1878 1517 simplicius
1901 1488 1938 1507 ae

255 1519 340 1548 scire
363 1520 527 1558 possimus
552 1530 688 1560 operum
706 1521 904 1561 dignitatem.
949 1521 1072 1552 Verum
1095 1531 1097 1546 ι
1119 1520 1224 1549 minus
1244 1519 1440 1557 intricatum,
1472 1519 1633 1550 Remissio
1663 1526 1864 1551 ›eccatorum
1886 1522 1939 1550 tri-

256 1566 288 1591 ut
312 1570 413 1600 supra
436 1571 537 1601 saepe
560 1563 680 1593 dictum
704 1568 766 1599 est,
790 1574 855 1593 non
875 1568 924 1593 est
947 1564 1072 1594 intuen—
1095 1593 1097 1600 s
1118 1562 1228 1592 buitur
1250 1561 1326 1592 fidei
1344 1567 1379 1592 ut
1402 1563 1444 1592 sit
1468 1568 1558 1592 certa
1581 1561 1652 1593 etC
1678 1563 1758 1593 risto
1782 1572 1863 1594 suus
1881 1562 1934 1592 ho-

255 1603 297 1633 da
326 1603 358 1632 in
389 1602 452 1633 hoc
481 1613 588 1644 agone
616 1605 749 1644 propria
778 1604 918 1645 qualitas
944 1611 999 1635 aut
1028 1606 1073 1636 di-
1095 1610 1097 1616 '
1118 1614 1180 1634 nor
1202 1604 1372 1634 tribuatur.
1397 1610 1538 1635 ettamen
1562 1605 1691 1636 additur
1708 1606 1927 1645 poenitentian

255 1645 362 1685 gnitas
387 1655 522 1684 operum
545 1647 604 1676 sed
628 1647 866 1686 respiciendum
882 1647 924 1677 ad
937 1648 1073 1687 promis·
1120 1656 1195 1676 esse
1220 1647 1462 1683 necessariam,
1492 1652 1632 1678 ettamen
1660 1657 1725 1677 11011
1747 1649 1866 1688 pendet
1890 1657 1939 1677 re-

255 1688 380 1717 sionem
416 1693 447 1718 et
466 1689 723 1719 misericordiam
747 1695 838 1720 extra
861 1699 934 1726 nos,
957 1696 989 1720 et
1007 1696 1072 1720 sta-
1119 1689 1232 1718 missio
1256 1698 1295 1719 ex
1321 1689 1477 1728 dignitate
1499 1690 1728 1728 poenitentiae.
1774 1690 1845 1721 Nec
1864 1690 1939 1720 dicit

256 1730 408 1760 tuendum
432 1730 519 1770 quod
541 1729 731 1771 placeamus
744 1741 804 1771 per
816 1732 1072 1762 misericordiam
1120 1730 1269 1761 Christus
1293 1732 1388 1761 nobis
1412 1732 1530 1761 remitti
1546 1737 1680 1772 propter
1698 1738 1845 1762 nostram
1864 1742 1941 1762 con-

255 1777 388 1811 propter
404 1770 568 1803 Christum
592 1779 624 1803 et
646 1773 775 1813 quidem
798 1775 912 1814 gratis,
936 1774 1000 1805 hoc
1023 1780 1073 1804 est
1119 1774 1327 1803 donationem
1339 1774 1399 1804 sed
1410 1774 1700 1813 requiritnostram
1711 1775 1938 1805 obedientiam.

256 1824 320 1843 non
343 1820 478 1853 propter
499 1821 646 1845 nostram
677 1814 865 1856 qualitatem
894 1815 948 1847 vel
971 1817 1073 1858 digni·
1094 1838 1096 1862 Α,
1120 1825 1251 1856 semper
1280 1821 1387 1846 autem
1414 1816 1599 1847 addendum
1627 1822 1676 1846 est
1706 1815 1770 1857 legi
1789 1816 1939 1857 Evange-

254 1861 363 1893 tatem,
381 1856 428 1886 Ita
450 1858 570 1897 poterit
592 1858 723 1888 retineri
746 1859 917 1896 certitudo,
931 1865 1073 1889 ettamen
1094 1865 1096 1879 s
1123 1857 1200 1888 lium
1220 1859 1261 1888 de
1285 1858 1428 1888 Christo.

254 1908 327 1929 cum
360 1908 422 1928 nos
447 1900 495 1929 sic
520 1900 685 1940 e1·igin1uS‚
713 1898 769 1930 illa
793 1901 866 1940 ipsa
889 1900 1072 1932 consolatio
1237 1925 1259 1950 u
1299 1927 1317 1939 ,,
1445 1927 1451 1932 .
1534 1925 1549 1950 ἦ
1579 1927 1585 1933 .
1616 1935 1619 1940 ,
1680 1925 1715 1950 l..
1763 1925 1768 1930 .
1783 1925 1793 1951 l
1835 1927 1841 1934 ‚

254 1939 347 1971 affert
376 1941 525 1981 Spiritum
553 1948 702 1973 sanetum
726 1948 757 1973 et
779 1953 886 1973 novos
909 1950 1016 1974 mOtUS
1041 1949 1073 1973 et
1095 1942 1096 1948 ¹
1222 1928 1352 1984 dz‘vtoei’zznlli‘lac
1368 1932 1615 1992 Jljjriyrqsinilzi'perliiylael?
1632 1924 1940 1985 „Cfl'a-‘lz’css‘ffiffissz'ng'ss

254 1992 359 2013 novas
393 1982 576 2024 qualitates.
622 1984 713 2014 Tunc
743 1990 778 2015 ut
800 1983 923 2015 Paulus
947 1986 991 2016 ait
1009 1986 1073 2025 spi·
1222 1992 1311 2017 verba
1331 1994 1362 2018 in
1380 1995 1535 2026 principio
1550 1995 1685 2029 paginae
1703 1995 1836 2026 sci-ilua:

254 2026 335 2055 ritus
366 2031 499 2057 sanctus
533 2027 588 2057 dat
617 2027 838 2057 testimonium
868 2028 994 2067 spiritui
1015 2038 1072 2058 no-
1582 2054 1587 2058 .

255 2072 323 2097 stro
343 2073 404 2098 etc.
449 2067 503 2098 Ad
525 2067 612 2099 hunc
634 2069 765 2100 modum
792 2070 999 2101 iudicandum
1022 2076 1073 2101 est
1436 2054 1513 2079 Deest
1530 2054 1614 2078 Μῃο-

256 2109 296 2139 de
319 2110 446 2140 actione
470 2110 604 2150 spin’tus
626 2112 750 2148 sancti,
778 2112 866 2152 quod
891 2122 958 2142 non
979 2123 1073 2152 prae-
1222 2101 1353 2135 Inferior
1372 2104 1434 2128 eius
1445 2102 1658 2136 ‹limidiapars
1671 2104 1803 2128 continet
1814 2102 1939 2128 haecce:

256 2157 365 2181 currat
395 2153 527 2192 spiritus
557 2159 691 2184 sanctus
713 2155 851 2185 verbum
874 2164 933 2184 seu
956 2165 1072 2195 appre-
1164 2162 1167 2175 ¹
1192 2153 1284 2183 Initio
1307 2153 1489 2184 monendus
1508 2160 1559 2184 est
1570 2153 1673 2184 lector
1696 2163 1757 2184 nos
1777 2163 1841 2184 una
1860 2164 1937 2194 qua·
1975 2166 2016 2194 62,
2035 2167 2056 2189 1,Δ

256 2193 447 2224 hensionem
479 2195 571 2225 verbi
605 2197 665 2226 sed
689 2197 859 2227 comitetur
882 2207 965 2234 eam,
989 2198 1073 2227 sicut
1119 2196 1193 2226 dam
1232 2201 1390 2236 perpetua
1419 2197 1688 2237 interpretatione
1721 2197 1753 2226 in
1787 2197 1937 2226 omnibus
1995 2201 2039 2215 *W*

1119 2460 1193 2491 gem
1217 2450 1440 2480 necessariam
1464 2459 1550 2486 esse,
1575 2450 1634 2480 sed
1657 2460 1723 2479 non
1746 2449 1879 2490 placere
1898 2450 1938 2479 si-

1120 2503 1161 2523 ne
1186 2491 1329 2528 Christo,
1353 2492 1570 2522 obedientiam
1594 2502 1674 2532 erga
1696 2491 1803 2532 legem
1826 2501 1939 2521 neces-

1122 2536 1242 2565 sariam
1272 2544 1347 2564 esse
1370 2540 1430 2564 etc.
1456 2534 1530 2574 quia
1554 2544 1649 2565 nemo
1672 2532 1737 2575 legi
1766 2533 1937 2565 satisfacit.

104 2474 149 2503 43)
168 2475 302 2505 Miltiades]
321 2475 381 2499 Ms.:
400 2475 551 2500 Milthiades.

103 2509 161 2539 432)
172 2508 269 2538 Cimon]
287 2509 346 2533 λίς-τ
365 2508 458 2533 Simon.

105 2542 149 2571 44)
170 2542 241 2572 ergo]
261 2543 304 2568 ΜΞ,
323 2542 442 2567 exhibere
462 2543 572 2568 videtur:
592 2549 660 2572 erga.
