2358 2933
234 97 295 127 947

877 95 984 126 PlssL.
1004 95 1106 126 MEL.
1126 95 1309 128 SCRIPTA
1327 97 1600 130 DOGMATICA.

2156 105 2222 138 948

244 189 406 221 miseriae.
428 195 533 218 tamen
559 189 701 218 sciamus
725 198 785 218 nos
806 189 930 218 interim
949 189 1064 224 iuvari,
1087 195 1215 218 susten—
1258 194 1289 219 et
1315 191 1447 229 eripiam
1471 197 1514 227 te,
1537 197 1568 221 et
1591 182 1790 232 glorificabis
1814 203 1875 224 me.
1912 192 1999 224 Psal.
2022 195 2052 225 9.
2078 196 2220 234 1vs.ll.1

247 233 306 261 tari
337 238 365 260 et
393 231 619 261 corroborant-i.
654 236 686 260 ut
716 229 863 269 perferre
886 240 969 260 onus
993 231 1157 270 possimus
1182 237 1212 261 et

243 275 331 313 ipsas
356 272 556 303 calantitates
581 271 682 302 leniri.

235 315 295 346 hae
331 326 402 345 cum
431 314 497 344 filio
522 316 552 343 in
577 315 703 354 magnis
729 315 908 349 aerumnis.
939 324 1011 343 cum
1031 324 1133 353 paene
1156 315 1208 344 siti

235 358 405 398 periissent
432 358 502 396 ipsa
526 364 554 386 et
581 354 677 386 iilius.
701 357 870 386 exauditur
893 366 910 386 a
930 355 1001 385 Deo
1026 362 1054 385 et
1079 357 1208 386 iuvatur

235 406 415 429 inonstrato
451 398 550 428 sonte.
597 400 652 428 Sic
687 397 804 438 singuli
833 405 979 437 petamus
1004 404 1032 427 et
1057 405 1208 437 expecte-

234 452 305 471 mus
341 441 573 482 mitigationem
609 439 767 480 aliquam,
813 449 852 469 ne
891 446 1003 470 nostra
1038 439 1206 470 infirmitas

233 494 372 523 prorsus
396 484 598 512 succumbat.
645 483 720 512 ldeo
745 490 773 512 ct
799 481 892 512 Rom.
916 482 946 513 S.
971 482 1105 512 dicitur:
1136 482 1207 522 Spi-

234 527 314 556 ritus
339 525 468 555 :utimar
493 524 711 554 infirmitatem
735 531 890 554 nostram.

319 566 463 601 Quartus
498 566 604 597 locus.
653 566 801 597 Ecclesia
836 574 865 596 et
891 565 1010 606 singuli
1034 566 1075 606 pii
1100 567 1130 596 in
1156 576 1208 596 ca-

233 608 376 639 lamitate
411 609 660 638 considerantes
696 617 761 639 tres
790 607 901 645 locos,
932 618 1016 648 qnos
1046 609 1208 645 recensui,

233 652 349 680 debent
375 651 496 681 addere
508 654 553 687 ⁶⁶)
578 650 672 681 fidem
697 659 725 681 ct
740 652 988 681 invocationem.
1033 650 1110 680 Ideo
1123 651 1208 680 enim

235 693 361 723 tradidit
390 692 479 723 tiz-us
511 692 569 722 hus
605 693 812 723 dulcissimas
836 699 864 722 et
891 692 1110 733 amplissimas
1134 703 1207 733 pro-

233 736 418 766 missiones.
442 742 474 765 ut
499 746 560 765 nos
585 745 642 765 eas
666 735 728 765 fido
747 734 992 775 amplectamur,
1017 741 1048 765 ut
1069 745 1207 775 conspe-

233 784 284 807 eta
314 778 382 807 eius
409 778 551 807 bonitate
575 785 812 809 sustentemur.
843 777 982 817 denique
1005 784 1038 807 ut
1062 778 1132 817 ipse
1162 778 1207 807 in-

235 826 370 850 vocetur
392 830 431 849 ac
456 819 650 849 celebretur.
697 819 932 859 Fonsuginmus
957 820 997 849 ad
1021 818 1127 849 Deum
1151 819 1205 849 ad-

234 862 344 891 moniti
367 861 417 891 his
441 862 552 893 dictis,
591 861 741 891 Petamus
766 868 793 891 et
819 868 1027 902 expectemus
1052 860 1205 891 auxilium

232 904 385 940 divinum,
410 909 439 933 et
463 904 713 944 acquiescamus
738 905 767 933 in
789 903 838 933 his
861 903 1144 943 promissionibus,
1171 909 1204 933 ut

230 947 487 986 acquiescebant
513 946 553 985 pii
579 947 607 975 in
622 946 776 986 Aegypto
799 952 852 976 aut
877 947 1007 976 deserto
1030 951 1085 976 aut
1109 944 1204 975 exilio

234 986 451 1028 Babylonico,
487 989 632 1018 scientes
665 987 770 1018 Deum
800 988 938 1025 adesse,
968 987 1137 1028 opitulari,
1174 993 1204 1017 et

232 1031 362 1060 tandem
382 1028 509 1061 futuros
534 1031 640 1060 exitus
664 1028 779 1060 laetos.

318 1114 482 1149 Quaerunt
496 1124 610 1145 omnes
634 1113 795 1151 homines,
819 1115 924 1144 donec
947 1119 1105 1155 possunt,
1128 1114 1204 1144 visi-

233 1155 307 1187 bilia
340 1158 505 1197 praesidia
539 1157 569 1186 in
604 1158 704 1187 rebus
739 1158 898 1187 adversis.
944 1155 1039 1187 Alius
1069 1156 1203 1186 conlidit

230 1200 381 1239 pecunia.
411 1198 494 1229 alius
528 1206 697 1239 potentum
731 1200 910 1229 amicorum
943 1198 1068 1229 favore.
1114 1198 1203 1228 Haec

231 1251 304 1271 cum
328 1240 455 1279 fallunt,
479 1240 568 1272 multi
592 1239 786 1281 franguntur
809 1242 923 1272 animis
942 1247 973 1271 et
992 1239 1112 1271 nullam
1127 1250 1203 1271 con-

230 1282 424 1314 solationem
459 1284 639 1314 admittunt.
687 1283 756 1313 lios
781 1283 876 1313 dolor
899 1284 962 1313 iste
986 1283 1124 1313 ostendit
1149 1293 1202 1312 so-

229 1326 269 1355 lis
293 1326 477 1356 visibilibus
502 1326 600 1355 rebus
626 1326 771 1356 confisos
795 1335 888 1362 esse,
923 1335 987 1355 non
1019 1324 1103 1355 Deo.
1151 1324 1203 1353 Li-

229 1374 279 1398 cet
314 1369 359 1398 uti
389 1369 488 1398 rebus
516 1378 534 1397 a
558 1367 630 1397 Deo
655 1368 828 1404 ordinatis,
863 1373 898 1397 ut
920 1367 1030 1397 David
1052 1368 1204 1397 utebatur

228 1420 290 1441 suo
314 1411 476 1445 exercitu3
511 1410 576 1439 Sed
602 1410 751 1440 fiduciam
775 1420 881 1440 rerum
905 1410 976 1439 sine
998 1409 1061 1439 Dei
1085 1409 1204 1439 fiducia

229 1453 330 1482 reiicit
356 1463 418 1482 vox
444 1453 569 1483 divina:
615 1451 811 1483 Maledictus
846 1452 899 1492 qui
919 1450 1051 1482 confidit
1075 1452 1106 1480 in
1130 1451 1203 1481 bra-

228 1493 303 1524 chio
333 1496 443 1525 carnis
478 1502 539 1525 etc.
587 1494 678 1524 Haec
714 1495 830 1525 iniusta
860 1494 978 1524 fiducia
1002 1494 1064 1523 cito
1089 1493 1204 1533 depre-

227 1536 389 1573 henditur,
414 1547 486 1567 cum
509 1538 683 1567 amittimus
703 1535 841 1567 visibilia
865 1536 1039 1576 praesidia,
1063 1546 1136 1566 cum
1150 1535 1203 1565 de-

227 1579 365 1610 serimur
388 1580 430 1609 ab
453 1580 576 1610 amicis.
624 1579 707 1608 Hinc
737 1577 893 1619 querelae
926 1583 1001 1608 sunt
1034 1577 1204 1618 Tyranno-

228 1635 298 1656 rum
322 1623 433 1665 potius
456 1622 622 1659 ridiculae,
648 1632 743 1662 quam
770 1619 990 1657 miserabiles,
1020 1623 1119 1659 φίλων
1142 1621 1204 1659 ἐρη-

227 1679 293 1705 μος,
329 1662 352 1696 ὦ
381 1667 486 1700 τάλας,
519 1666 701 1702 (induciam.
747 1663 814 1694 Cur
837 1664 920 1693 enim
944 1661 1009 1693 illis
1034 1661 1204 1692 confidens

231 1710 460 1740 immoderatas
485 1718 538 1737 res
561 1713 615 1737 aut
639 1707 777 1736 iniustas
800 1706 952 1736 movisti?
982 1704 1115 1735 Rectius
1138 1703 1204 1734 Da·

230 1752 285 1781 vid
308 1751 409 1790 inquit
435 1749 569 1787 [Psalm.
593 1749 645 1786 ⁶26,
672 1748 752 1786 lo.]:
787 1748 886 1778 Pater
909 1755 939 1778 et
961 1753 1065 1777 mater
1088 1744 1204 1776 dereli-

231 1799 369 1834 querunt
394 1802 456 1828 me,
480 1791 637 1822 Dominus
662 1797 768 1821 autem
793 1790 938 1830 suscepit
962 1799 1024 1819 me.
1068 1788 1204 1819 Rectius

231 1834 344 1865 mulier
368 1833 555 1870 Cananzoea,
590 1843 675 1873 quae
704 1834 832 1863 abiecta
856 1833 941 1863 onmi
965 1841 1025 1871 spe
1047 1831 1204 1861 remedio-

233 1888 301 1907 rum
335 1876 549 1906 humanorum
584 1877 661 1915 petit
685 1885 780 1915 opem
804 1886 822 1905 a
846 1874 992 1911 Christo,
1015 1884 1077 1903 nec
1100 1873 1202 1903 deter—

232 1920 294 1949 reri
328 1929 365 1948 se
392 1919 528 1957 patitur,
563 1919 656 1948 etiam
682 1928 755 1947 cum
779 1918 867 1947 initio
892 1917 1003 1947 durius
1027 1915 1203 1955 respondet

233 1961 393 1991 Christus.
425 1961 458 1990 ln
481 1970 542 1990 usu
563 1962 666 1995 vitae,
692 1960 721 1989 in
745 1958 917 1999 periculis,
940 1960 971 1988 in
995 1958 1134 1988 miseriis
1159 1957 1203 1987 di-

232 2004 388 2033 scendum
414 2009 479 2039 cst,
511 2013 606 2043 quam
631 2002 780 2032 fiduciam
803 2001 896 2031 Deus
919 1999 1077 2040 postulet,
1108 2009 1203 2039 quam

232 2046 365 2076 reiiciat.
412 2045 481 2075 Nec
514 2043 651 2084 intelligi
687 2043 767 2073 haec
796 2050 972 2083 praecepta
995 2042 1066 2072 sine
1094 2041 1203 2082 aliquo

232 2099 294 2120 usu
319 2094 469 2128 possunt.
506 2087 571 2118 lmo
596 2087 670 2116 ideo
682 2085 835 2116 Ecclesia
860 2091 995 2115 onerata
1020 2090 1069 2114 est
1095 2093 1204 2120 cruce,

233 2137 265 2162 ut
299 2132 330 2160 in
366 2130 415 2160 his
449 2130 611 2159 exercitiis
632 2128 714 2159 fides
744 2134 889 2165 crescat,
923 2136 1007 2167 quae
1029 2127 1061 2156 in
1084 2127 1150 2156 otio
1173 2131 1203 2154 et

233 2172 453 2213 voluptatibus
477 2172 683 2211 extinguitur,
706 2176 738 2200 ut
763 2172 921 2210 scriptum
945 2175 996 2199 est
1020 2168 1203 2206 [Exod.32‚

233 2216 296 2254 6.]:
327 2216 419 2245 Sedit
441 2213 584 2254 populus
606 2213 808 2243 manducans
833 2218 864 2241 et
888 2213 1019 2247 bibens,
1044 2217 1074 2241 et
1099 2219 1206 2240 surre-

235 2258 278 2287 xit
301 2258 341 2287 ad
366 2256 549 2286 ludendum.
596 2256 672 2285 item
696 2254 791 2285 Dent.
813 2255 861 2285 32.
886 2257 948 2290 ivs.
975 2253 1037 2290 154
1081 2252 1205 2282 incras-

235 2306 326 2329 satus
360 2305 408 2328 est
444 2306 475 2328 et
510 2296 741 2327 recalcitravit.
787 2296 852 2326 lam
885 2302 920 2326 ut
954 2305 1016 2325 nos
1045 2296 1136 2335 ipsos
1166 2294 1206 2324 de

236 2341 298 2371 hac
320 2341 527 2370 invocatione
550 2340 793 2375 admoneamus,
817 2344 990 2368 teneantur
1012 2336 1094 2367 haec
1108 2337 1204 2366 dicta.

236 2382 324 2412 Psal.
349 2382 400 2412 49.
426 2384 489 2421 [vs.
519 2382 578 2418 l.].1
626 2381 746 2410 invoca
769 2391 819 2410 me
850 2382 880 2410 in
905 2381 956 2410 die
977 2378 1205 2414 tribulationis,

237 2518 283 2547 66)
303 2517 411 2545 addere!
431 2517 502 2540 Editt..
526 2518 562 2539 ll.
586 2516 699 2539 its—34..
720 2516 789 2544 (torp.
812 2516 890 2543 lma,
909 2516 968 2544 Opp.
990 2516 1010 2537 l.
1031 2515 1054 2536 2.
1075 2513 1178 2538 adferre
1225 2531 1228 2546 ι

726 273 817 312 Agar
846 271 943 312 pulsa
973 272 1069 301 domo
1105 272 1212 302 Abra-
1255 282 1319 303 non
1350 273 1547 314 derelinquis
1566 282 1760 314 quaerentes
1784 281 1828 313 te,
1862 277 2010 308 Domine.

1257 230 1296 260 Et
1319 238 1451 271 sperent
1475 233 1505 262 in
1529 239 1572 269 te,
1605 235 1658 274 qui
1682 241 1841 265 noverunt
1868 245 1982 265 nomen
2006 242 2113 274 tuum,
2147 239 2222 278 quia

2057 277 2145 308 l’sal.
2169 279 2220 310 54.

1255 317 1317 351 ivs.
1331 315 1372 345 23
1390 319 1395 353 l
1422 315 1508 345 lucta
1523 325 1622 355 super
1641 316 1814 348 Dominum
1829 329 1938 349 curam
1953 326 2050 356 tuam,
2064 321 2178 360 etipse
2189 327 2221 352 te

1253 358 1400 387 enutriet.
1423 357 1510 387 l'sul.
1524 357 1574 389 33.
1589 361 1652 396 lvs.
1667 360 1710 396 7.1
1725 359 1788 390 iste
1801 370 1923 400 pauper
1936 359 2088 392 clamavit
2100 363 2139 392 ad
2153 361 2221 393 Do-

1251 399 1380 435 minum,
1388 406 1419 429 et
1429 399 1588 430 Dominus
1596 402 1759 431 exaudivit
1769 404 1901 441 eum.⁶⁷)
1910 401 1997 433 Psal.
2008 404 2076 433 144.
2087 406 2148 440 {vsu
2159 404 2221 444 18.]

1253 440 1359 480 Prope
1373 448 1420 471 est
1443 442 1600 471 Dominus
1614 444 1763 474 omnibus
1778 445 2004 475 invocantibus
2018 455 2107 482 eum,
2121 447 2221 476 omni-

1254 484 1554 513 businvocantilms
1577 493 1649 514 euin
1671 487 1714 517 ⁶⁸)
1738 486 1770 515 in
1796 487 1940 516 veritate.
1965 486 2053 516 loan.
2080 487 2138 516 16:
2156 491 2220 526 [vs.

1251 524 1399 561 24.:1⁶⁹)
1445 525 1567 562 Petite,
1603 532 1633 556 et
1665 527 1843 567 accipietis.
1888 527 1968 558 Luc.
2006 529 2054 559 18.
2084 530 2147 566 [vs.
2178 529 2220 567 1.]

1255 567 1389 607 Oportet
1420 576 1549 606 semper
1571 578 1666 598 orare
1689 575 1720 599 ct
1745 579 1808 599 non
1833 568 2050 610 langueiieri..
2080 569 2218 611 Philipp.

1255 609 1284 638 4.
1311 612 1372 645 [vs.
1396 609 1440 646 6.,
1475 609 1524 639 Ne
1551 610 1621 639 sitis
1645 610 1791 648 solliciti.
1826 612 1884 642 sed
1908 612 1939 641 in
1963 613 2049 642 omni
2073 614 2221 644 oratione

1254 657 1285 681 et
1308 651 1495 690 precatione
1518 661 1590 681 cuni
1614 654 1789 692 gratiarum
1812 655 1942 684 actione
1965 654 2136 693 petitiones
2167 665 2220 685 ve-

1253 699 1343 723 strae
1376 699 1474 723 notae
1504 693 1581 722 liant
1609 695 1697 734 apud
1719 695 1834 726 Deum.
1877 696 1929 726 Ac
1959 696 2040 726 fides
2064 697 2107 726 ita
2130 706 2221 727 exer-

1254 741 1368 765 ceatur
1400 744 1540 774 semper,
1571 741 1604 765 ut
1636 737 1772 775 primum
1796 743 1883 777 petat
1905 739 2130 768 remissionem
2153 737 2221 770 cul-

1252 787 1324 847 p’ae,
1347 784 1463 825 postea
1486 777 1718 817 mitigationem
1740 789 1877 818 poenae,
1900 786 1935 810 ut
1958 779 2039 810 infra
2063 781 2168 811 dicam
2180 781 2221 811 de

1280 825 1455 848 recatione.

1337 902 1477 936 Quintus
1511 902 1617 933 locus.
1663 903 1745 934 Cum
1767 905 1954 945 superiores
1977 906 2163 936 sententias
2181 905 2222 936 de

1251 943 1416 975 voluntate
1440 944 1500 975 Dei
1522 945 1554 975 in
1577 946 1700 975 nostris
1722 947 1886 977 aerumnis
1910 947 2152 985 considerabis,
2177 949 2221 979 vi·

1251 986 1372 1017 delicet
1395 987 1482 1027 quod
1506 998 1571 1018 non
1594 988 1745 1018 accidant
1768 998 1860 1025 casu,
1885 989 1971 1029 quod
1984 988 2076 1020 Deus
2099 990 2220 1030 puniat,

1250 1039 1314 1059 non
1339 1035 1372 1059 ut
1394 1029 1522 1069 perdat,
1544 1030 1602 1059 sed
1624 1035 1659 1060 ut
1682 1030 1827 1061 retrahat
1844 1040 1905 1061 nos
1924 1031 1965 1060 ad
1977 1032 2220 1070 poenitentiam,

1250 1071 1337 1112 quod
1372 1070 1447 1101 velit
1481 1070 1650 1111 opitulari,
1683 1073 1771 1112 quod
1800 1084 1819 1102 a
1846 1083 1882 1103 se
1911 1073 1976 1112 peti
2000 1079 2029 1103 et
2054 1073 2219 1113 expectari

1250 1112 1402 1145 auxilium
1438 1112 1530 1151 velit,
1564 1124 1604 1144 ac
1632 1115 1695 1144 iam
1725 1116 1842 1145 bonam
1874 1113 2074 1146 voluntatem
2096 1114 2157 1146 Dei
2186 1116 2218 1147 in

1250 1157 1372 1186 nostris
1418 1154 1658 1187 calamitatibus
1699 1166 1883 1198 agnosces,
1924 1157 2012 1187 scias
2051 1163 2218 1197 postremo

1249 1198 1433 1228 mandatum
1456 1197 1518 1228 Dei
1542 1208 1627 1236 esse,
1651 1205 1685 1229 ut
1708 1200 1739 1229 in
1763 1198 2001 1230 calamitatibus
2019 1200 2068 1229 sic
2080 1200 2219 1230 sentien-

1249 1247 1300 1270 tes
1324 1241 1352 1270 ei
1375 1240 1575 1278 obediamus,
1609 1251 1669 1271 nec
1692 1242 1874 1271 irascamur
1896 1241 1957 1280 ipsi
1979 1242 2122 1281 punienti
2145 1251 2219 1279 nos,

1248 1283 1308 1312 sed
1338 1292 1557 1323 agnoscamus
1581 1293 1718 1322 poenam
1741 1284 1859 1313 iustam
1883 1292 1974 1319 esse,
2008 1293 2134 1323 nosque
2156 1283 2219 1314 Dei

1250 1323 1407 1355 voluntati
1432 1325 1651 1361 subiiciamus,
1675 1336 1715 1355 ac
1738 1323 1848 1365 aliquo
1871 1325 1969 1355 modo
1982 1323 2131 1362 velimus,
2154 1324 2219 1356 hoc

1249 1374 1311 1403 est,
1345 1365 1474 1406 placide
1508 1365 1650 1397 i'eramus
1674 1366 1759 1397 hanc
1781 1377 1931 1406 poenam,
1954 1372 1989 1396 ut
2010 1367 2152 1397 iustitiae
2173 1367 2219 1398 di-

1249 1409 1344 1439 vinae
1367 1409 1640 1447 obtemperemus.
1685 1407 1764 1439 Vult
1792 1409 1876 1438 enim
1898 1408 1990 1438 Deus
2012 1409 2044 1438 in
2068 1410 2218 1440 omnibus

1248 1451 1363 1491 poeuis
1394 1451 1541 1489 conspici
1571 1451 1716 1480 ordinem
1740 1460 1821 1480 suae
1844 1450 1984 1481 iustitiae
2007 1456 2039 1480 et
2061 1451 2142 1480 iram
2163 1451 2219 1481 ad-

1249 1503 1366 1523 versus
1400 1499 1583 1531 peccatum.
1629 1491 1710 1523 Cum
1743 1493 1842 1533 igitur
1875 1492 1958 1523 haee
1981 1492 2167 1523 obedientia
2188 1498 2220 1523 et

1249 1533 1373 1565 doloris
1396 1535 1575 1565 moderatio
1597 1535 1694 1565 etiam
1717 1535 1900 1574 praeceptis
1927 1535 2044 1565 divinis
2067 1534 2220 1566 mandata

1249 1578 1302 1613 sit,
1326 1577 1572 1617 repugnandum
1596 1582 1646 1607 est
1669 1576 1773 1607 dolori
1797 1583 1827 1607 et
1849 1576 2070 1617 indignationi.
2104 1575 2140 1607 ld
2162 1577 2219 1607 do-

1249 1625 1322 1650 cent
1344 1618 1428 1649 haec
1451 1619 1546 1649 dicta.
1575 1618 1675 1650 Mich.
1698 1618 1809 1649 ultimo
1835 1619 1878 1656 [7,
1895 1618 1958 1656 9.];
1983 1618 2065 1649 Iram
2087 1617 2219 1649 Domini

1248 1662 1399 1702 portabo,
1434 1662 1509 1701 quia
1543 1662 1678 1701 peccavi
1713 1662 1753 1691 ei.
1797 1661 1839 1691 Et
1873 1659 2056 1691 consolatio
2079 1661 2218 1691 additur.

1249 1704 1322 1734 Non
1357 1704 1440 1733 enim
1471 1703 1552 1733 satis
1576 1710 1626 1733 est
1648 1709 1856 1743 praeceptum
1874 1713 1977 1733 nosse
2000 1707 2055 1733 aut
2077 1702 2220 1733 tolerare

1249 1744 1387 1783 malum,
1409 1746 1484 1782 sed,
1508 1751 1542 1776 ut
1565 1752 1640 1776 ante
1663 1746 1737 1785 dixi,
1762 1746 1858 1775 Fides
1882 1751 1913 1775 et
1936 1745 2102 1775 invocatio
2125 1754 2218 1775 acce-

1250 1789 1338 1825 dant,
1362 1789 1434 1818 ideo
1459 1793 1488 1818 et
1514 1787 1565 1817 hie
1584 1787 1732 1818 Micheas
1755 1788 1845 1818 addit
1874 1790 1938 1826 [vs.
1962 1787 2028 1826 8.]:
2064 1785 2145 1817 Cum
2167 1796 2218 1817 se-

1250 1831 1328 1861 dero
1363 1831 1395 1860 in
1430 1831 1589 1867 tenebris,
1613 1829 1774 1860 Dominus
1797 1828 1852 1860 lux
1876 1840 1947 1860 mea
1971 1834 2030 1859 est.
2078 1828 2105 1859 l.
2129 1827 2216 1858 Petr.

1248 1873 1359 1903 ultimo
1387 1872 1430 1909 15,
1454 1872 1474 1901 5
1497 1876 1578 1912 Sq-I:
1602 1871 1694 1902 Deus
1718 1872 1869 1912 superbis
1893 1872 2025 1909 resistit,
2044 1868 2218 1900 humilibus

1248 1921 1353 1945 autem
1378 1915 1433 1944 dat
1456 1915 1603 1955 gratiam.
1649 1913 1866 1944 Humiliamini
1890 1914 1987 1953 igitur
2009 1913 2070 1943 sub
2093 1913 2217 1952 potenti

1248 1967 1345 1987 manu
1368 1956 1440 1986 Dei.
1485 1955 1657 1996 Praecipit,
1676 1962 1711 1986 ut
1729 1956 1801 1986 Deo
1824 1955 1981 1995 prementi
2004 1964 2064 1985 nos
2089 1954 2217 1984 obedia—

1248 2009 1330 2035 mus,
1356 2005 1388 2029 et
1410 2000 1552 2028 nominat
1573 2004 1736 2039 potentem
1758 2008 1899 2034 manum,
1921 1998 2009 2038 quod
2029 1996 2069 2026 de
2080 2001 2218 2037 utraque

1249 2052 1285 2071 re
1316 2039 1526 2081 intelligatur:
1562 2041 1681 2071 Manus
1704 2039 1764 2070 Dei
1794 2046 1910 2080 potens
1934 2044 1985 2069 est
2008 2044 2040 2068 et
2061 2038 2102 2068 ad
2126 2047 2217 2069 ever—

1250 2084 1367 2113 tendos
1402 2084 1564 2122 superbos
1599 2088 1629 2112 et
1659 2083 1699 2112 ad
1724 2082 1899 2122 erigendos
1922 2080 2076 2111 afflictos.
2119 2078 2218 2111 Nulla

1251 2132 1302 2156 est
1331 2131 1421 2156 tanta
1454 2126 1608 2164 potentia,
1642 2131 1707 2154 tam
1741 2124 1862 2154 florens
1898 2122 2003 2164 gloria
2036 2128 2068 2152 et
2090 2123 2218 2162 opibus,

1251 2178 1347 2208 quam
1370 2178 1435 2198 non
1459 2166 1554 2197 facile
1578 2167 1680 2207 possit
1707 2166 1798 2196 Deus
1823 2171 1982 2202 evertere,
2006 2170 2041 2195 ut,
2062 2163 2218 2195 historiae

1252 2210 1392 2240 omnium
1416 2215 1595 2249 temporum
1619 2209 1805 2239 ostendunt.
1840 2207 1906 2239 Sed
1929 2212 2088 2237 memento
2111 2216 2218 2237 exem-

1251 2312 1296 2341 67)
1316 2318 1373 2336 eum
1393 2312 1470 2336 abest
1487 2311 1522 2336 ab
1541 2311 1612 2335 Editt.
1636 2313 1655 2335 l.
1674 2311 1696 2334 3.

1251 2362 1296 2393 68)
1316 2363 1390 2418 {llaeg
1407 2362 1500 2386 alteru
1519 2362 1634 2385 omnihus
1655 2361 1830 2385 invocantibus
1849 2366 1906 2384 eum
1925 2359 2090 2384 exciderunt
2109 2358 2137 2383 in
2147 2358 2217 2388 Coi-p.

1251 2446 1296 2475 69)
1316 2447 1382 2470 Ioan.
1405 2445 1452 2474 16.)
1488 2451 1542 2474 pro
1560 2445 1612 2469 hoc
1628 2445 1689 2469 Ioco
1707 2445 1780 2469 Editt.
1801 2445 1853 2466 1Μ
1865 2443 1899 2466 16.
1922 2444 1959 2466 19.
1979 2443 2020 2466 23.
2039 2442 2078 2467 26.
2097 2442 2137 2465 27.
2156 2442 2216 2467 lau-

1318 2479 1388 2504 dant
1406 2479 1489 2503 Matth.
1509 2479 1531 2501 7.
1552 2479 1636 2507 (Editt.
1656 2479 1696 2502 26.
1716 2478 1756 2500 27.
1778 2480 1833 2507 typ.
1853 2482 1966 2502 errore:
1985 2476 2024 2507 6.)
2045 2477 2092 2507 1ιέ.
2114 2476 2148 2507 7.]
2168 2476 2217 2501 ubi

1321 2515 1413 2537 tamen
1430 2513 1498 2537 llaec
1515 2514 1597 2537 sunt:
1616 2512 1704 2540 Petite,
1724 2515 1749 2536 et
1767 2511 1867 2535 dabitur
1884 2511 1963 2535 vobis.
