2358 2933
132 102 209 132 1021

130 198 181 222 est
202 192 308 222 nostri
330 191 478 230 corporis
501 196 533 221 et
551 191 688 230 proximi
712 188 871 227 defensio,
891 195 925 219 ut
936 190 979 229 pii
992 187 1101 219 militis

130 234 204 264 finis
223 233 427 264 immediatus
450 238 516 269 est,
551 238 586 263 ut
607 231 785 272 proehetur
807 242 866 272 pro
885 230 992 262 salute
1017 241 1102 262 com-

129 276 228 313 muni,
250 275 310 305 sed
333 281 441 305 tamen
459 274 648 314 principalis
667 274 741 305 finis
765 275 823 310 sit,
856 279 891 304 ut
916 273 1024 303 Deum
1045 273 1103 304 ho-

129 327 210 348 nore
242 315 375 347 afficiat.
419 316 466 347 At
497 315 691 358 hypocritae
725 317 852 356 fingunt
885 315 1103 346 immediatum

129 359 226 390 finem
249 368 345 396 esse,
369 369 428 390 cur
451 359 503 390 die
526 365 622 389 sexto
645 368 712 388 non
735 358 833 388 edant
856 367 993 394 carneS,
1027 358 1102 397 quia

130 401 222 432 Deus
267 401 388 431 iudicet
432 410 469 431 se
503 400 629 432 honore
658 398 747 431 affici
779 409 850 438 per
874 398 961 429 hunc
995 400 1101 429 ritum.

130 443 219 475 Haec
243 443 353 483 opinio
378 443 605 474 commenticia
628 447 688 473 est.
724 440 911 472 Constituta
929 442 1025 482 igitur
1049 441 1103 471 de-

129 485 274 516 finitione
308 483 407 515 facile
441 484 576 516 refutari
607 489 748 524 possunt
770 484 985 524 praestigiae,
1020 493 1102 524 quas

130 528 170 558 de
204 526 293 558 cultu
326 537 412 560 nunc
445 526 491 557 illi
513 526 663 567 Agyrtae
698 531 729 556 et
752 525 922 566 Eurybati,
957 526 1012 566 qui
1034 526 1102 565 pin-

130 575 211 611 gunt
232 569 423 600 traditiones
446 568 625 605 humanas,
649 568 947 598 connniniscuntur.

214 610 343 642 Tertius
367 621 469 641 error.
504 610 642 650 Insuper
664 609 791 651 fingunt
813 609 1007 650 hypocritae
1030 620 1102 649 per-

130 653 290 685 fectiones
315 663 391 684 esse
415 662 515 693 opera
538 653 748 683 traditionum
771 650 1003 689 humanarum,
1038 651 1102 682 hoc

127 702 196 733 est,
231 705 332 736 opera
354 694 489 725 meliora
512 700 544 725 et
562 695 669 735 magis
692 693 855 734 placentia
878 694 968 731 Deo,
1005 704 1103 735 quam

129 748 178 775 ea,
200 747 285 778 quae
307 735 506 777 Decalogus'
518 737 687 776 praecipit.
732 735 774 766 Et
796 736 858 767 hac
884 737 1103 776 persuasione

127 778 350 820 praetulerunt
372 778 605 810 Monachatum
639 779 867 820 gubernationi
891 777 1102 810 Ecclesiasti-

129 831 198 859 cae,
233 819 400 859 Politicae,
440 820 613 863 Coniugio.
670 821 759 852 Haec
793 822 934 851 amentia
962 830 1101 861 prorsus

128 864 314 895 execranda
336 869 400 900 est,
424 869 455 894 et
478 869 587 894 taxata
610 869 661 893 est
683 873 703 893 a
727 862 888 893 Gersone.

213 905 358 941 Quartus
393 915 497 936 error.
542 905 676 936 Addunt
711 906 896 945 opinionem
924 906 1102 936 necessita-

128 949 179 985 tis,
213 947 276 977 hoe
300 953 366 984 est,
401 947 530 989 fingunt
552 948 774 978 necessariam
800 957 876 977 esse
899 948 1102 978 observatio-

128 1000 201 1021 nem
244 990 453 1020 traditionum
482 989 696 1020 humanarum
730 990 826 1020 etiam
861 995 953 1020 extra
988 1000 1102 1020 casum

127 1031 292 1069 scandali,
317 1032 434 1062 deinde
457 1031 520 1062 hac
539 1032 752 1072 persuasione
771 1042 847 1069 eos·,
880 1032 933 1072 qui
957 1042 1021 1062 non
1046 1033 1103 1062 ob-

128 1080 262 1106 servant
284 1072 359 1104 illos
382 1075 476 1110 ritus,
495 1075 648 1105 damnant
668 1081 819 1114 tanquam
840 1075 1027 1104 desertores
1040 1073 1102 1104 Ec·

129 1116 262 1154 clesiae,
296 1116 486 1153 seditiosos,
520 1115 762 1153 schismaticos,
781 1115 917 1146 avulsos
942 1126 961 1146 a
979 1114 1102 1156 populo

126 1159 190 1190 Dei
209 1164 242 1189 et
263 1157 419 1189 exclusos
443 1168 484 1189 ex
497 1157 662 1195 Ecclesia,
685 1164 721 1188 ut
744 1157 820 1188 olim
833 1160 856 1193 1)
871 1158 1012 1188 damnati
1026 1163 1102 1188 sunt

126 1200 228 1242 aliqui
250 1206 438 1241 propterea,
469 1201 557 1241 quod
583 1201 666 1230 diem
692 1199 875 1230 Paschatos
898 1210 965 1230 non
989 1210 1101 1230 serva-

127 1249 202 1274 runt
234 1253 306 1274 cum
340 1243 469 1272 ceteris.
514 1243 606 1272 Hanc
630 1242 814 1282 opinionem
838 1243 879 1272 de
902 1243 1102 1272 necessitate

126 1286 273 1325 inprimis
306 1289 438 1323 oportet
471 1284 587 1319 taxari,
623 1285 700 1317 ne2)
746 1284 947 1314 existimetur
980 1283 1102 1314 iustitia

126 1325 297 1367 Evangelii
312 1335 388 1356 esse
403 1324 478 1356 talis
500 1331 633 1356 externa
649 1324 778 1365 politia,
801 1326 875 1355 item
894 1335 934 1355 ne
955 1326 1101 1356 orianttu·

127 1369 311 1400 discordiae
334 1373 468 1408 propter
482 1367 625 1408 aliquam
638 1366 749 1398 talium
766 1368 884 1398 rituum
902 1367 1100 1398 dissimilitu-

127 1412 252 1446 dinenu
287 1410 408 1440 donata
430 1416 480 1440 est
503 1408 585 1440 haec
609 1410 640 1439 in
663 1409 845 1450 Evangelio
869 1409 1016 1447 libertas,
1040 1420 1100 1440 nec

127 1459 234 1493 potest
268 1450 394 1483 aboleri
423 1450 565 1482 humana
599 1452 804 1482 auctoritate.
861 1452 918 1482 Sic
949 1451 1099 1482 Christus

127 1493 195 1526 vult
229 1504 290 1525 nos
325 1494 457 1530 sentire,
490 1504 558 1523 non
591 1494 801 1524 necessarios
836 1504 912 1524 esse
936 1495 1018 1524 ritus
1041 1504 1101 1525 seu

128 1537 296 1568 mosaicos
314 1546 375 1567 seu
386 1535 599 1566 humanarum
611 1536 831 1573 traditionum,
844 1542 879 1566 ut
893 1535 964 1566 Col.
978 1536 1008 1566 2.
1035 1539 1099 1574 [vs.

129 1579 191 1618 16.]
210 1579 343 1610 dicitur:
367 1578 472 1609 Nemo
486 1588 547 1608 vos
560 1578 679 1608 iudicet
692 1579 724 1608 in
738 1578 811 1608 cibo
824 1584 879 1608 aut
891 1584 971 1618 potu
981 1579 1010 1619 3)
1036 1584 1099 1609 etc.

126 1622 157 1652 id
192 1627 253 1658 est,
288 1631 383 1651 nemo
408 1619 530 1661 obliget
554 1630 593 1650 ac
616 1621 747 1650 damnet
771 1621 1003 1651 conscientiam
1026 1631 1100 1660 pro-

126 1671 198 1704 pter
227 1663 290 1694 hos
324 1664 415 1694 ritus,
461 1663 502 1693 Et
525 1672 641 1693 rursus
665 1665 727 1699 [vs.
751 1662 831 1701 20.]:
877 1662 960 1694 Cum
982 1663 1100 1694 mortui

127 1706 199 1736 sitis
233 1716 307 1737 cum
342 1704 474 1735 Christo
498 1706 540 1735 ab
575 1703 743 1735 elementis
767 1705 895 1742 mundi,
925 1706 957 1735 id
981 1712 1048 1743 est,
1078 1715 1099 1735 a

126 1749 311 1789 praeceptis
335 1757 393 1778 seu
418 1748 688 1784 ordinationibus,
712 1747 830 1788 quibus
854 1747 938 1778 haec
965 1748 1099 1778 munda-

127 1801 168 1821 na
201 1791 268 1821 vita
301 1791 441 1831 regitur,
476 1800 534 1820 cur
566 1789 675 1820 adhuc
710 1795 864 1830 tanquam
896 1790 1043 1820 viventes
1066 1790 1099 1820 in

125 1833 246 1863 mundo
271 1832 404 1863 decreta
426 1830 549 1862 facitis:
573 1832 648 1862 Non
673 1837 870 1870 contrectes,
893 1842 959 1863 non
982 1838 1098 1873 gustes

127 1875 216 1906 etc?
238 1874 279 1905 Et
301 1875 343 1905 ad
367 1873 439 1904 Gal.
464 1874 494 1904 5.
515 1877 578 1911 [vs.
605 1875 645 1912 1.]
669 1874 705 1905 ln
726 1873 897 1912 libertate,
919 1885 982 1916 qua
1006 1874 1098 1905 Chri-

126 1924 197 1948 stus
221 1927 282 1948 vos
300 1915 462 1954 liberavit,
486 1922 581 1953 state,
604 1917 678 1957 ne4)
702 1927 817 1947 rursus
837 1918 913 1958 iugo
932 1918 1098 1948 servitutis

126 1958 340 2000 implicemini.
386 1958 478 1989 lubet
496 1959 688 1989 sententiam
713 1959 752 1989 de
774 1958 926 1990 libertate
945 1960 1096 1996 retinere,

125 2012 166 2032 ne
195 2001 416 2032 conscientiae
440 2000 539 2032 stulta
563 2000 751 2032 carnificina
774 2002 1020 2039 excrucientur,
1043 2007 1098 2032 aut

126 2044 266 2075 excitent
298 2043 493 2080 discordias,
528 2044 554 2073 si
579 2044 652 2084 quis
676 2050 808 2074 nostros
832 2045 911 2075 ritus
935 2044 1096 2076 humanos

125 2096 190 2116 non
214 2087 379 2118 observet.

209 2128 350 2164 Quintus
373 2138 476 2160 error.
510 2128 627 2168 Opinio
652 2130 858 2160 necessitatis
883 2131 1008 2170 peperit
1031 2140 1095 2160 ma-

125 2173 210 2202 iores
244 2171 409 2209 tenebras,
444 2169 572 2202 scilicet
605 2172 778 2209 κακοζηλίαν
807 2171 891 2213 legis
914 2173 1093 2203 Mosaicae.

124 2213 303 2255 Postquam
326 2212 389 2244 hae
411 2213 646 2254 persuasiones
670 2221 874 2254 occuparunt
899 2216 1036 2253 animos,
1061 2221 1095 2246 ut

124 2257 153 2286 in
178 2255 253 2298 lege
275 2255 385 2297 Moysi
408 2256 616 2287 necessariae
639 2254 769 2286 fuerunt
793 2258 1016 2295 ceremoniae,
1051 2258 1094 2288 ita

144 2368 169 2396 1)
190 2368 261 2398 olim]
280 2367 360 2392 abest
377 2367 412 2392 ab
422 2367 495 2392 Editt.
519 2369 538 2391 1.
557 2366 580 2390 3.

142 2419 168 2446 2)
189 2418 231 2449 nel
252 2417 325 2443 Editt.
345 2418 385 2440 20.
407 2418 526 2445 25-27.,
546 2418 617 2447 Coi-p.
641 2419 710 2441 1-8.
731 2425 776 2443 nec

140 2468 168 2498 3)
188 2468 259 2498 potu]
278 2468 349 2493 Editt.
370 2469 440 2491 1—7.
460 2470 483 2493 9.
504 2469 540 2491 12.
562 2469 585 2492 in
606 2473 663 2497 potu

141 2520 169 2546 4)
189 2519 232 2548 ne]
251 2519 321 2543 Edittv
345 2520 362 2542 i.
384 2520 406 2543 3.
426 2525 472 2543 nec

600 99 623 128 1.
647 97 748 129 LOCl
772 96 1050 129 THEOLOGlCl:
1073 96 1116 127 D.
1140 95 1299 127 TERTIA
1323 95 1480 126 EORUM
1506 94 1661 125 AETAS.

2043 96 2121 127 1022

1146 198 1234 220 nunc
1255 189 1467 219 necessarias
1491 197 1586 223 esse;
1604 197 1742 228 regnum
1767 186 1888 218 Christi
1912 186 2121 220 transforma-

1147 236 1220 261 runt
1242 231 1275 261 in
1297 229 1449 261 Politiam
1479 228 1614 260 similem
1639 229 1802 260 Iudaicae.
1847 229 1955 260 Unum
1977 229 2120 271 aliquem

1145 273 1309 303 hominem
1327 271 1558 312 praefecerunt
1580 272 1756 302 universae
1778 270 1951 302 Ecclesiae
1968 278 2121 312 tanquam

1146 325 1304 345 sumimun
1328 315 1546 351 sacerdotem,
1570 314 1687 344 deinde
1711 314 1834 355 gradus
1858 314 2067 345 sacerdotum
2089 322 2120 345 et

1147 363 1315 387 externum
1339 356 1537 387 sacrificium
1560 356 1733 393 finxerunt,
1768 356 1959 387 addiderunt
1996 366 2120 387 summo

1146 399 1311 429 sacerdoti
1334 404 1532 438 potestatem
1555 398 1742 428 instituendi
1767 400 1980 435 ceremonias,
2013 398 2121 439 legem

1146 442 1186 471 de
1221 439 1395 471 coelibatu.
1441 440 1532 470 Haec
1564 446 1632 470 tota
1654 442 1811 478 κακοζηλία
1835 451 1986 481 magnam
2010 441 2120 481 caligi-

1146 493 1220 513 nem
1253 483 1368 512 animis
1393 482 1540 520 offundit,
1575 489 1606 512 et
1629 482 1729 523 Legis
1749 488 1779 512 et
1803 482 1972 524 Evangelii
1995 482 2120 513 intelle-

1147 530 1232 555 ctum
1269 526 1435 561 obscurat,
1469 535 1509 554 ac
1528 525 1688 554 acerrime
1710 531 1820 555 taxata
1845 531 1895 555 est
1919 526 1959 555 ad
1983 524 2119 555 Galatas

1146 573 1177 597 et
1206 567 1247 597 ad
1271 566 1451 597 Hebraeos·
1498 566 1696 597 Sacerdotes
1720 566 1857 596 Levitici
1891 567 2076 607 significant
2091 568 2118 602 ⁵)

1146 609 1242 639 nobis
1266 607 1438 649 Evangelii
1461 609 1645 645 ministros,
1669 615 1699 638 et
1723 608 1887 639 sacrificia
1904 609 2054 640 Mosaica
2077 609 2120 639 si-

1146 650 1333 692 gnificantss)
1346 651 1557 681 ministerium
1569 650 1740 691 Evangelii
1753 657 1784 681 et
1797 651 1828 680 in
1837 652 1996 682 mentibus
2009 651 2119 690 poeni-

1147 694 1289 730 tentiam,
1324 703 1444 723 novam
1478 693 1631 723 iustitiam
1673 693 1832 733 Spiritus,
1867 693 2119 729 invocationem,

1147 734 1408 772 confessionem,
1443 734 1649 765 tolerantiam
1684 735 1792 766 crucis
1824 742 1884 765 etc.
1920 741 1952 766 ut
1976 734 2064 765 loan.
2088 734 2118 764 4.

1147 781 1209 816 [vs
1234 776 1298 815 234
1335 778 1466 808 dicitur:
1513 777 1590 807 Veri
1618 778 1811 808 adoratores
1845 778 2029 808 adorabunt
2057 776 2118 806 Pa-

1145 826 1227 850 trem
1250 820 1281 849 in
1306 819 1428 860 Spiritu
1451 825 1482 850 et
1507 820 1654 850 veritate.
1700 819 1741 850 Et
1767 820 1794 849 l.
1819 819 1907 850 Petr.
1931 819 1961 848 2.
1986 821 2050 857 [vs.
2075 818 2118 857 5.]

1146 861 1270 892 Offerte
1293 862 1421 892 hostias
1445 860 1632 902 spirituales
1656 861 1826 902 placentes
1856 867 1991 902 propter
2013 860 2120 893 lesum

1146 904 1323 935 Christum.

1231 947 1352 977 Sextus
1386 956 1490 977 error.
1536 946 1675 977 Accedit
1700 952 1731 977 et
1753 946 1827 983 hoc,
1852 946 1940 987 quod
1962 945 2119 986 Episcopi

1145 994 1301 1029 arrogant
1352 989 1413 1019 sibi
1463 994 1660 1029 potestatem
1712 989 1871 1019 condendi
1916 989 2118 1025 traditiones,

1146 1041 1242 1071 quain
1276 1037 1382 1061 tamen
1417 1041 1482 1061 non
1518 1031 1667 1062 concedit
1704 1031 1751 1061 eis
1774 1030 2000 1072 Evangeliuni.
2053 1030 2118 1061 Sed

1146 1083 1217 1104 cum
1240 1071 1355 1103 haeret
1377 1074 1566 1113 persuasio,
1591 1083 1691 1113 opera
1714 1074 1755 1103 ab
1778 1073 1963 1104 hominibus
1988 1072 2119 1113 excogi-

1145 1121 1212 1145 tata
1242 1116 1313 1145 sine
1346 1116 1450 1145 verbo
1485 1115 1546 1145 Dei
1583 1115 1691 1145 cultus
1726 1115 1788 1145 Dei
1824 1125 1918 1151 esse,
1952 1115 2119 1154 Episcopi,

1146 1157 1237 1197 (quia
1260 1163 1430 1196 praesunt,
1455 1164 1488 1187 ut
1511 1158 1683 1188 videantur
1702 1167 1825 1198 augere
1843 1158 1949 1188 studia
1962 1157 2119 1197 pietatis,)

1145 1197 1310 1229 cumulant
1333 1199 1536 1237 traditiones,
1560 1206 1593 1229 ut
1618 1198 1767 1230 fecerunt
1785 1199 1968 1241 Gregorius
1985 1201 2120 1240 primus.

1144 1241 1352 1271 Innocentius
1387 1248 1417 1271 et
1452 1240 1542 1271 multi
1567 1241 1764 1278 Pontifices,
1799 1243 1853 1282 qui
1877 1243 2004 1283 quidem
2027 1242 2120 1284 leges

1144 1283 1242 1313 etiam
1254 1289 1491 1324 exa-sperarunt
1515 1290 1545 1314 et
1569 1284 1848 1315 confirmaverunt
1867 1286 2053 1325 opinionem
2065 1296 2120 1316 ne-

1144 1326 1320 1362 cessitatis,
1343 1331 1378 1356 ut
1401 1336 1494 1356 suam
1517 1327 1743 1357 auctoritatem
1768 1326 2051 1367 amplificai·ent,⁷)
2074 1329 2119 1359 di-

1142 1373 1259 1397 xerunt
1294 1377 1371 1398 reos
1407 1378 1483 1398 esse
1516 1375 1669 1399 aeternae
1701 1370 1767 1399 irae
1790 1369 1869 1409 Dei,
1905 1371 1932 1400 si
1956 1372 2027 1410 quis
2051 1381 2117 1401 non

1142 1416 1251 1440 servet
1276 1410 1467 1440 traditiones
1491 1411 1531 1440 ab
1554 1411 1729 1451 Episcopis
1753 1413 1913 1442 conditas.
1953 1412 2047 1443 Hunc
2070 1422 2119 1443 er-

1143 1462 1250 1481 rorem
1284 1450 1427 1482 refutant
1463 1454 1661 1491 sententiae,
1695 1463 1776 1494 quas
1800 1464 1901 1494 supra
1928 1456 2072 1487 recitavi.
2085 1457 2116 1495 Β)

1144 1492 1216 1523 Col.
1240 1494 1270 1523 2.
1297 1496 1360 1530 [vs.
1386 1494 1448 1532 16]
1483 1495 1587 1525 Nemo
1608 1505 1668 1526 vos
1692 1497 1812 1526 iudicet
1831 1497 1861 1526 in
1887 1497 1960 1528 cibo
1983 1504 2039 1528 aut
2061 1508 2117 1538 po-

1143 1542 1187 1566 tu.
1234 1535 1274 1566 Et
1296 1536 1327 1566 in
1352 1536 1445 1566 Actis
1469 1537 1672 1576 Apostolicis
1698 1539 1762 1575 []5‚
1790 1538 1851 1577 10.1
1898 1539 2015 1571 Petrus
2045 1550 2117 1581 gra-

1143 1578 1276 1609 vissime
1300 1579 1449 1620 obiurgat
1474 1589 1543 1616 eos,
1563 1581 1616 1620 qui
1641 1582 1834 1611 ceremoniis
1859 1581 2017 1613 Mosaicis
2042 1593 2116 1613 one-

1145 1630 1219 1651 rare
1243 1619 1367 1651 Gentes
1391 1621 1564 1658 volebant3
1599 1622 1695 1660 Quid,
1719 1624 1831 1663 inquit,
1854 1626 1987 1655 tentatis
2010 1624 2116 1656 Deum

1143 1664 1348 1702 imponentes
1372 1664 1481 1705 iugum
1517 1665 1700 1696 cervicibus
1735 1665 1992 1706 discipulorum,
2027 1668 2115 1708 quod

1143 1715 1250 1746 neque
1274 1705 1389 1736 Patres
1419 1708 1531 1744 vestri,
1555 1717 1662 1748 neque
1685 1718 1746 1738 nos
1770 1714 1901 1748 portare
1924 1710 2114 1750 potuimus?

1226 1748 1300 1778 Non
1335 1754 1385 1778 est
1420 1748 1493 1779 leve
1517 1750 1638 1780 crimen
1662 1756 1786 1781 tentare
1809 1750 1931 1789 Deum,
1956 1757 2008 1782 est
2030 1752 2114 1782 enim

1141 1800 1206 1820 non
1229 1790 1413 1821 infirmitate
1436 1791 1518 1829 labi,
1554 1792 1614 1822 sed
1637 1798 1824 1833 contemptu
1847 1793 1920 1831 Dei,
1944 1795 2113 1834 proposito

1139 1832 1243 1871 ipsius
1268 1833 1381 1870 verbo,
1406 1835 1499 1874 quasi
1523 1845 1596 1865 cum
1620 1845 1659 1866 eo
1685 1841 1812 1866 certare
1835 1835 1921 1866 aliud
1945 1837 2114 1867 instituen-

1141 1875 1182 1905 do
1206 1877 1256 1904 καὶ
1275 1877 1448 1915 φιλονεικεῖν
1473 1883 1503 1907 et
1525 1875 1612 1907 illius
1626 1879 1651 1915 9)
1685 1878 1865 1918 sapientiae
1887 1884 2033 1909 nostram
2057 1889 2113 1909 an-

1142 1915 1277 1953 teferre3
1312 1916 1356 1947 Ut
1379 1919 1544 1950 mandavit
1567 1919 1659 1950 Deus
1683 1919 1804 1960 populo
1828 1920 1948 1958 Israel,
1972 1931 2012 1951 ne
2036 1920 2113 1951 alibi

1141 1959 1383 1997 sacrificarent,
1418 1962 1479 1991 nisi
1514 1962 1545 1991 in
1580 1972 1619 1992 eo
1648 1973 1712 1993 uno
1737 1962 1825 2000 loco,
1859 1964 1914 1993 ubi
1938 1962 2113 2004 collegium

1141 2002 1324 2032 docentium
1360 2009 1390 2033 et
1413 2014 1523 2034 arcam
1547 2014 1622 2035 esse
1647 2004 1758 2036 voluit.
1804 2004 1949 2035 Econtra
1973 2005 2113 2036 humana

1140 2045 1301 2085 sapientia
1335 2047 1547 2077 ratiocinatur
1582 2048 1728 2087 seposito
1763 2048 1864 2078 verbo
1887 2047 1967 2078 Dei:
2012 2047 2111 2088 Atqui

1140 2087 1232 2117 decet
1252 2086 1359 2117 Deum
1394 2089 1514 2130 ubique
1544 2088 1606 2120 coli
1638 2096 1668 2120 et
1692 2091 1791 2120 variis
1815 2088 1950 2127 officiis,
1984 2089 2111 2121 Conda-

1138 2139 1209 2160 mus
1244 2139 1325 2171 ergo
1361 2132 1479 2172 ubique
1513 2130 1637 2162 sacella
1671 2138 1701 2162 et
1725 2142 1820 2169 aras,
1845 2137 2023 2163 mactemus
2046 2142 2111 2162 non

1155 2251 1183 2280 5)
1204 2250 1357 2308 {igntificant}
1379 2251 1451 2275 Editt.
1474 2252 1512 2274 18.
1533 2251 1573 2273 20.
1594 2251 1624 2273 25
1646 2265 1676 2268 ἦ
1696 2252 1744 2279 27.,
1766 2252 1836 2282 corp,
1860 2254 1869 2274 1
1892 2266 1923 2270 -
1942 2254 1964 2276 S.
1985 2253 2110 2282 significa-

1225 2291 1254 2309 au

1155 2335 1183 2364 6)
1203 2335 1355 2366 significant]
1375 2335 1446 2360 Editt.
1466 2336 1506 2358 ⁶20.
1528 2335 1645 2361 257—27..
1665 2336 1735 2366 Coi-pi
1760 2337 1830 2361 1—8.
1851 2336 2024 2365 significabant

1156 2387 1182 2414 7)
1202 2385 1404 2416 amplificarent]
1422 2386 1463 2411 Ed.
1484 2387 1505 2408 1.
1525 2388 1573 2416 typ.
1592 2392 1692 2410 errore:
1717 2386 1889 2416 amplificaret,

1155 2437 1182 2464 8)
1203 2436 1316 2467 recitavi]
1355 2437 1390 2461 sic
1409 2437 1481 2461 Editt.
1502 2437 1538 2460 18.
1559 2437 1598 2461 20.
1617 2437 1656 2461 22.
1675 2437 1792 2464 24—34.,
1812 2438 1883 2468 Coi-p.
1908 2439 1989 2461 1—8..
2008 2439 2065 2468 opp.
2087 2440 2106 2460 1.

1207 2471 1246 2496 2:
1265 2472 1366 2495 ceterae
1386 2470 1471 2495 Edituz
1492 2471 1563 2495 citavi

1155 2521 1183 2551 9)
1203 2521 1280 2552 iilius]
1302 2521 1374 2546 Editt.
1396 2521 1484 2544 1-15.
1509 2521 1544 2546 19.
1563 2521 1640 2551 ipsius
