2358 2933
221 117 279 148 199

291 346 313 361 15

284 554 312 571 20

238 766 292 793 113,
314 772 334 786 a.

235 808 289 834 (5⁹.
312 810 350 831 11.)

291 1148 315 1164 10

288 1358 313 1376 13

288 1571 317 1589 ²0

242 1777 296 1802 ¹¹3.
316 1776 338 1799 b.

296 2209 320 2226 10

292 2420 317 2437 15

846 119 954 149 Pffll„
980 119 1079 150 MEL.
1101 119 1286 152 scml‘TA
1304 120 1579 153 DOGMATICA.

398 212 535 240 raesturi
567 221 631 240 non
660 212 810 249 potuerit.
868 211 959 241 113111·
984 213 1196 252 abrogandae

375 220 459 293 regis
484 263 632 282 caussam
665 252 802 291 prodidit
832 260 860 283 et
887 253 1003 283 Petrus
1036 255 1064 283 in
1091 254 1195 287 Actis.

374 301 404 324 et
427 293 604 323 Hieremias
636 304 706 323 cum
732 295 803 323 idco
829 305 948 325 novum
972 302 1101 335 pactum
1126 297 1196 326 iniri

375 337 482 367 docct,
507 337 592 375 quod
618 344 710 365 161115>
735 335 812 365 1111111
839 343 841 346 ·
866 336 1194 369 irritumfecerimus.

375 378 484 416 Atqnc
508 388 545 406 co
571 376 643 407 loco
669 376 789 408 1111113111
813 377 896 419 legis
917 386 1041 419 partem
1065 382 1196 421 excipit,

376 427 406 449 ut
443 420 523 448 satis
557 427 712 458 appareat
745 431 818 450 cum
842 422 881 451 de
906 428 971 452 tota
997 422 1070 463 lege
1095 422 1193 463 loqui.

374 460 431 490 Est
463 469 569 490 autem
600 463 629 491 in
659 463 696 491 iis
720 463 884 503 antiquata
910 470 1043 501 tantum,
1063 466 1115 505 qui
1141 476 1194 505 pa·

375 511 426 532 610
453 504 643 541 posteriori.
667 503 731 534 hoc
755 511 820 536 cst.
844 505 1024 546 Evangelio
1049 508 1195 537 credide-

376 553 460 576 runt.
495 546 644 586 adeoque.
679 547 709 576 in
741 548 858 587 quibus
897 550 1038 588 spiri'tus
1075 549 1195 580 Christi

375 595 435 616 cst.
462 586 491 617 bi
518 598 654 626 prorsus
679 590 718 618 ab
744 591 828 619 omni
854 589 927 631 lcge
950 590 1043 621 liberi
1067 598 1151 622 sunt.

419 631 514 663 Quod
551 637 658 660 autem
694 631 888 671 decalogum
924 632 1043 664 iaciunt
1079 635 1195 665 sancti.

374 671 438 702 1106
462 673 492 701 111
513 682 632 703 caussa
658 681 718 704 est.
743 682 772 704 ct
799 675 885 714 quod
911 675 1089 715 decalogus
1104 686 1195 715 prae-

374 721 423 744 ter
444 715 553 744 cordis
574 716 725 745 iustitiam
744 727 807 746 non
822 718 918 757 exigit
934 726 1021 747 certa
1036 717 1196 755 locorum,

377 761 582 796 tcm'porum,
608 768 725 788 rerum.
760 769 974 798 personarum
1009 760 1195 790 discrimina

374 807 402 828 ct
428 800 562 837 spiritus
587 800 655 839 ipsa
680 802 790 830 cordis
814 801 1000 831 institit-atio
1025 803 1075 831 sit.
1122 802 1196 831 Non

374 848 481 911 potest
519 851 582 871 non
619 844 779 881 praestari
815 842 995 883 decalogus
1036 845 1197 883 abrogata

388 892 458 922 ege.
484 890 516 913 ut
537 884 597 913 sub
623 890 770 914 exortum
795 883 875 914 solis
900 886 1011 925 nequit
1024 886 1106 922 fieri,
1120 887 1196 926 quin

376 923 569 955 illu'cescat.
593 926 637 956 ita
660 936 724 956 non
748 933 856 967 potest
880 938 945 957 non
970 929 1130 967 praestari
1144 929 1198 958 de-

375 966 513 1008 calogus
545 967 648 998 effuso
678 970 710 998 in
735 970 834 1000 corda
858 976 1047 1000 sanctorum
1071 971 1195 1010 spiritu.

376 1009 549 1040 Caeterum
585 1010 763 1050 spiritualis
798 1012 845 1041 sic
870 1012 953 1042 liber
977 1018 1042 1049 est,
1077 1018 1111 1042 ut
1134 1012 1196 1042 nisi

376 1051 519 1083 adferret
545 1053 614 1092 ipse
639 1063 752 1083 secum
776 1055 908 1094 spiritus
938 1065 998 1094 pro
1022 1064 1083 1085 sua
1106 1060 1196 1085 natu—

376 1105 413 1125 ra
437 1093 587 1134 decalogi
604 1094 835 1135 impletionem,
854 1106 895 1127 ne
914 1097 1108 1127 deberemus
1129 1097 1197 1137 qui-

377 1138 460 1167 dem.
508 1136 602 1167 Nunc.
656 1148 728 1168 611111
751 1137 857 1169 adfert
881 1139 1013 1178 spiritus
1038 1139 1198 1169 eiusmodi

377 1178 589 1216 voluntatem,
609 1190 693 1219 quae
717 1181 757 1210 sit
781 1181 851 1221 ipsa
874 1180 1023 1223 decalogi
1043 1181 1197 1221 impletio,

377 1221 409 1251 fit
434 1219 499 1254 lex,
522 1232 588 1251 non
613 1222 700 1262 quod
725 1223 884 1263 exigatur,
908 1225 968 1254 sed
991 1224 1064 1264 quia
1084 1234 1123 1254 ne
1140 1233 1198 1264 po-

376 1270 439 1294 test
465 1264 594 1303 quidem
613 1275 630 1293 a
656 1265 813 1303 spirituali
838 1266 1002 1296 diversum
1020 1266 1100 1296 fieri.

420 1305 583 1336 ludicialia
619 1313 649 1337 et
692 1308 898 1338 ceremoniae
925 1314 1057 1349 praeter
1087 1308 1197 1339 cordis

379 1349 540 1378 iustitiam
569 1355 727 1380 externae
757 1351 1010 1381 observationes
1034 1357 1125 1388 sunt,
1149 1361 1199 1381 re-

380 1390 453 1428 bus,
473 1392 637 1430 personis,
660 1390 755 1429 locis,
775 1394 977 1433 temporibus
996 1393 1200 1424 circulnscri-

378 1439 463 1472 ptae.
511 1433 601 1468 Quas
627 1435 877 1466 observationes
898 1436 973 1476 quia
995 1445 1061 1466 11011
1085 1445 1200 1466 neces-

379 1476 466 1506 san'o
492 1485 605 1506 secum
639 1477 772 1516 spiritus
807 1476 931 1516 adfert,
957 1479 1031 1508 ideo
1061 1488 1127 1509 non
1151 1483 1201 1508 est

379 1529 437 1549 cur
461 1529 479 1548 a
503 1519 599 1548 nobis
625 1518 713 1549 fiant.
758 1519 843 1551 Esse
866 1531 932 1551 non
955 1526 1065 1561 potest
1087 1521 1119 1551 in
1142 1520 1201 1551 hu-

378 1571 474 1591 mano
510 1561 632 1591 corde'
657 1562 789 1601 spiritus
825 1563 898 1600 dei,
932 1563 1009 1603 quin
1043 1563 1201 1603 exprimat

380 1602 586 1643 decalogum.
636 1603 686 1634 Fit
721 1605 817 1645 igitur
850 1605 1040 1636 necessario
1072 1604 1202 1636 decalo-

379 1656 453 1687 gus.
499 1645 584 1676 Esse
615 1652 723 1685 potest
757 1648 891 1687 spiritus
912 1649 942 1678 in
965 1647 1107 1678 humano
1131 1657 1202 1678 cor-

379 1689 431 1724 de,
455 1689 550 1718 etiam
570 1689 641 1719 sine
661 1690 806 1719 externis
824 1689 888 1720 illis
902 1691 1202 1721 observationibus.

379 1730 454 1760 Non
477 1731 576 1771 igitur
601 1731 678 1761 fiunt
701 1733 891 1762 necessario
915 1731 1077 1763 iudicialia
1101 1738 1132 1762 et
1151 1742 1203 1762 06-

381 1774 556 1803 remoniae.
625 1773 707 1804 Hinc
736 1775 905 1814 adparet,¹
931 1786 988 1805 cur
1023 1774 1204 1815 decalogus

382 1814 451 1846 fere
475 1825 515 1845 ne
542 1816 646 1846 ativas
670 1815 763 1857 leges
787 1817 964 1853 contineat,
982 1823 1017 1847 ut
1040 1817 1203 1857 significe-

382 1865 433 1888 tur
469 1857 524 1888 nul
541 1868 593 1887 um
626 1865 751 1889 certum
788 1869 887 1899 opus,
922 1859 1204 1899 circumscriptum

381 1901 545 1942 personis,
569 1899 665 1937 locis,
685 1902 899 1940 temporibus,
924 1902 983 1931 sed
1006 1902 1115 1941 potius
1132 1911 1203 1931 cor-

382 1943 431 1973 dis
456 1943 607 1973 iustitiam
632 1943 728 1983 exigi.
774 1942 933 1983 Reliquae
956 1942 1050 1985 leges
1070 1953 1123 1974 res
1138 1953 1203 1973 ¹ex-

381 1991 491 2016 ternas
512 1985 709 2015 distribuunt
729 1996 768 2015 ac
793 1985 993 2025 dispensant.
1029 1986 1094 2016 Sed
1118 1985 1203 2015 113110

380 2026 541 2058 libertatis
584 2028 742 2058 rationem
792 2027 940 2068 relinquo
985 2028 1203 2059 meditandam

380 2069 626 2101 sublimioribus
652 2070 829 2109 spiritibus.
860 2069 931 2111 Ego
944 2076 1117 2101 contentus
1131 2081 1203 2100 sum

380 2113 549 2144 monuisse
572 2111 767 2153 decalogum
791 2113 991 2152 antiquatum
1015 2123 1107 2149 esse,
1137 2123 1203 2142 non

381 2162 414 2185 ut
438 2165 479 2185 ne
503 2154 573 2192 fiat,
601 2155 661 2185 sed
688 2161 721 2185 ut
747 2165 787 2185 ne
812 2156 953 2190 damnet,
977 2156 1003 2185 si
1024 2155 1100 2195 quid
1124 2153 1202 2184 deli-

381 2198 528 2238 qui'mus,
541 2197 658 2227 deinde
673 2204 705 2227 ut
718 2204 746 2227 et
761 2198 895 2237 exprimi
909 2198 1024 2236 possit.
1044 2197 1204 2237 Adeoque

380 2240 515 2271 libertas
539 2240 621 2269 11360
646 2241 868 2270 conscientiae
889 2246 955 2276 est,
980 2240 1043 2270 fide
1063 2240 1203 2270 sentien-

385 2283 425 2313 tis
451 2283 630 2312 condonari
654 2288 836 2322 peccatum.

426 2325 638 2355 feremonias
662 2334 739 2355 csse
761 2326 940 2366 abrogatas
970 2324 1039 2354 sere
1062 2324 1134 2354 ideo
1158 2324 1203 2354 iu-

383 2368 503 2405 dicant,
527 2368 612 2408 quod
633 2368 766 2397 umbrae
788 2366 959 2408 Evangelii
982 2366 1111 2403 fuerint,
1135 2366 1202 2407 qui-

383 2410 444 2439 bus
470 2411 473 2420 ¹

384 2450 459 2481 lium
502 2462 587 2482 nunc
619 2458 724 2489 extet,
766 2451 845 2482 nilnl
870 2462 952 2491 opus
983 2452 1033 2481 sit.
1097 2450 1202 2486 Quam

386 2503 538 2524 caussam
561 2493 648 2524 haud
672 2495 742 2524 scio
769 2505 810 2524 an
832 2504 971 2534 usquam
1001 2500 1135 2525 secutus
1160 2494 1202 2523 sit

385 2534 517 2565 Paulus.
566 2536 599 2565 ln
627 2535 759 2566 Coloss.
785 2536 828 2574 12,
856 2536 917 2574 164
947 2537 1066 2577 inquit,
1099 2536 1200 2566 Nemo

499 2420 570 2440 cum
596 2419 729 2448 corpus,
751 2408 816 2439 hoc
839 2416 900 2446 est,
923 2410 1029 2449 ipsum
1052 2408 1202 2449 Evange-
1224 2429 1225 2436 1

1239 223 1301 244 vos
1335 214 1452 245 iudicet
1486 215 1517 244 111
1542 215 1616 244 cibo
1636 221 1688 245 aut
1714 222 1803 254 potu,
1826 222 1881 246 aut
1907 216 1937 246 in
1962 223 2057 256 parte

1239 256 1302 286 diei
1327 254 1413 287 festi.
1437 263 1488 287 aut
1514 257 1724 293 Neomeniae,
1747 263 1799 287 aut
1825 259 2056 296 sabbato'rum,

1239 308 1323 338 quae
1347 305 1419 328 sunt
1445 300 1579 328 umbrae.
1601 297 1792 329 futurorum.
1813 309 1935 340 corpus
1950 306 2058 332 autem

1239 339 1371 370 Clu-isti.
1397 341 1468 375 Quo
1492 342 1523 371 in
1547 339 1622 370 loco
1648 342 1715 381 typi
1741 342 1899 373 rationem
1923 352 2056 373 caussa-

1238 388 1291 412 tus
1316 383 1417 413 videri
1443 381 1587 412 fortasse
1610 389 1729 422 potest.
1782 382 1880 414 Certe
1902 385 1933 414 in
1958 384 2056 415 (tala-

1238 426 1281 454 tis
1305 425 1377 454 ideo
1402 426 1605 455 ceremonias
1625 426 1739 461 reiicit,
1766 426 1853 465 quod
1877 436 1942 456 non
1966 427 2056 457 iusti-

1239 467 1347 497 ticcnt.
1372 467 1458 497 1116111
1484 468 1515 497 111
1539 467 1700 498 Hebraeis
1726 470 1727 477 ¹
1747 469 1856 508 agitur
1874 478 1934 507 per
1957 475 2059 499 totam

1239 508 1434 548 Epistolam,
1458 519 1524 538 non
1550 511 1761 545 ceremonias
1786 511 1902 544 modo,
1926 511 1985 540 sed
2010 517 2057 541 1ο-

1239 559 1304 580 13111
1325 550 1431 592 legem
1456 552 1528 581 ideo
1551 553 1731 592 ainiquariq
1761 553 1848 592 quod
1879 552 2059 583 iustificare

1239 603 1303 623 11011
1334 594 1493 633 potuerit,
1529 604 1588 624 seu
1612 600 1643 624 ut
1669 604 1769 634 supra
1792 595 1948 631 diximus,
1971 595 2058 636 quod

1240 636 1376 675 exprimi
1406 645 1471 665 non
1501 637 1653 675 potuerit.
1699 637 1755 667 Sic
1779 638 1864 666 6111111
1896 647 1967 677 cap.
1988 637 2056 667 Vll.

1241 681 1303 714 ivs.
1327 677 1388 714 184
1414 678 1578 708 scribitur.
1603 678 1805 718 Reprobatio
1824 679 2058 719 11011161οΡ136-

1241 720 1395 749 ce'dentis
1418 720 1560 749 mandati
1590 726 1724 760 propter
1747 721 1963 751 infirmitatem
1989 721 2059 751 eius

1240 767 1269 791 61
1302 759 1517 791 1111111111316111.
1570 761 1610 790 Et
1640 763 1694 792 ubi
1726 763 1766 792 de
1792 763 1967 793 sacerdote
1994 762 2060 793 late

1241 803 1407 835 disscrnit,
1427 802 1492 832 1100
1512 804 1691 833 coustituit.
1738 804 1813 834 Ideo
1837 805 2059 835 sacerdotium

1242 845 1421 875 Leviticum
1440 845 1614 884 antiquari,
1638 846 1725 885 quod
1744 847 1971 877 remissionem
1985 856 2059 887 pec-

1241 888 1303 917 cati
1326 896 1392 916 non
1417 887 1605 925 impetrarit.
1638 887 1790 926 lmpetret
1813 894 1922 919 autem
1946 894 2061 919 noster

1240 928 1388 968 pontifex
1411 930 1413 940 ¹
1449 927 1612 959 Christus.
1650 929 1752 959 Vides
1775 940 1872 960 unam
1895 930 1981 960 113116
2003 931 2060 960 ab·

1239 977 1376 1011 rogatae
1398 969 1481 1011 legis
1505 981 1658 1001 caussam
1689 972 1720 1001 in
1751 972 1923 1011 scripturis
1946 972 2060 1012 premi,

1239 1023 1279 1044 30
1301 1013 1429 1054 urgeri,
1459 1011 1566 1054 legem
1589 1013 1663 1043 ideo
1688 1014 1861 1054 antiquari,
1884 1014 1972 1054 quod
1995 1023 2061 1044 non

1240 1055 1439 1092 iustificat-it,
1474 1065 1533 1085 seu
1557 1055 1644 1095 quod
1663 1056 1798 1096 exprimi
1818 1066 1885 1086 non
1908 1056 2060 1096 potuerit.

1241 1096 1384 1128 Scholae
1424 1098 1628 1127 ceremonias
1673 1097 1792 1129 tollunt
1821 1098 1933 1135 solas,
1973 1098 2061 1138 quod

1240 1138 1410 1180 Evangelii
1433 1141 1501 1180 typi
1525 1138 1655 1170 fuerint.
1706 1138 1897 1181 Decalogus
1925 1140 1928 1151 ¹
1951 1144 2062 1170 manet:

1241 1182 1329 1223 quod
1353 1181 1473 1217 τυπικὸς
1495 1191 1561 1212 11011
1585 1183 1744 1213 videatur.
1802 1182 1869 1212 Sed
1895 1182 1973 1223 quid
1993 1181 2061 1212 hoc

1241 1225 1283 1255 ad
1306 1225 1432 1265 gratiae
1456 1224 1791 1255 commendationem?
1814 1223 1987 1264 Scriptura
2010 1224 2061 1254 sic

1242 1268 1282 1297 de
1305 1267 1521 1307 abrogatione
1543 1265 1627 1307 legis
1652 1267 1796 1304 disserit,
1818 1272 1854 1297 ut
1871 1267 1992 1307 ubique
2003 1276 2062 1296 no-

1242 1310 1293 1340 bis
1316 1309 1349 1339 in
1369 1319 1407 1339 ea
1430 1309 1556 1349 gratiae
1579 1308 1823 1348 amplitudinem
1846 1308 2062 1339 commendet.

1243 1351 1299 1382 Sic
1325 1351 1530 1381 ceremonias
1559 1350 1645 1381 tollit
1671 1356 1705 1381 ut
1737 1351 1925 1382 universam
1954 1349 2063 1392 legem

1242 1394 1406 1433 adpareat
1431 1392 1605 1424 sublatam.
1639 1393 1695 1424 Sic
1719 1394 1922 1424 ceremonias
1945 1393 2063 1430 reiicit,

1242 1442 1276 1467 ut
1304 1436 1461 1476 adpareat
1495 1441 1631 1476 propter
1663 1435 1858 1477 decalogum
1898 1436 2062 1476 abrogan-

1243 1479 1330 1515 dum,
1353 1478 1508 1518 abrogari
1528 1478 1743 1508 ceremonias.
1789 1477 1881 1512 Quae
1900 1487 2063 1508 commen-

1244 1521 1332 1551 datio
1356 1521 1482 1561 gratiae
1504 1526 1535 1550 et
1555 1518 1627 1550 sola
1646 1525 1678 1550 et
1701 1530 1827 1550 summa
1849 1526 1911 1550 est.
1942 1519 1999 1549 Sic
2013 1528 2063 1548 61·-

1245 1573 1287 1604 go
1319 1563 1528 1592 ceremoniae
1559 1560 1710 1592 sublatae
1740 1568 1832 1599 sunt,
1859 1571 1925 1591 non
1956 1570 1998 1590 ne
2027 1559 2063 1590 fi-

1245 1611 1317 1642 ant,
1345 1605 1404 1634 sed
1427 1604 1515 1645 quod
1544 1602 1636 1635 nullo
1661 1604 1884 1634 conscientiae
1906 1601 2063 1643 periculo'

1246 1653 1299 1678 aut
1323 1647 1393 1677 fieri
1421 1652 1474 1677 3111
1500 1646 1601 1676 omitti
1624 1646 1766 1685 possint,
1797 1646 1884 1686 quod
1910 1655 1976 1675 non
2007 1645 2062 1676 da-

1245 1695 1356 1720 mnent
1374 1689 1592 1724 intermissae,
1616 1698 1677 1718 nec
1696 1687 1872 1718 iustificent
1891 1688 1918 1718 si
1932 1686 2062 1718 feceris.

1245 1732 1336 1762 Haec
1366 1732 1448 1761 satis
1477 1731 1518 1760 sit
1542 1731 1725 1767 indicasse,
1749 1739 1885 1770 quorum
1904 1730 2064 1760 rationem

1246 1784 1286 1805 ex
1308 1772 1499 1803 Galatarum
1521 1771 1683 1813 Epistola,
1714 1778 1745 1803 et
1764 1782 1804 1802 ex
1827 1771 1988 1803 Hebraeis
2006 1781 2062 1813 pe-

1245 1823 1307 1847 tas.
1353 1815 1559 1856 Augustinus
1584 1815 1587 1826 ¹
1611 1814 1730 1845 alicubi
1751 1824 1904 1844 caussam
1923 1815 2063 1855 abroga—

1246 1865 1299 1889 tae
1328 1856 1412 1899 legis
1447 1858 1632 1898 inquirens,
1666 1855 1746 1887 nihil
1775 1862 1906 1896 praeter
1939 1856 2064 1898 figuras

1247 1906 1432 1931 caussatur.
1496 1899 1667 1939 Scriptura
1688 1899 1763 1929 ideo
1786 1897 1892 1939 legem
1911 1899 2065 1940 abrogat,

1269 1943 1334 1973 uod
1368 1952 1434 1971 non
1465 1941 1618 1972 iustificet
1668 1941 1754 1976 Quid
1776 1941 1875 1981 igitur
1906 1947 1976 1971 erat
2006 1951 2065 1972 cur

1246 1953 1386 2015 lieri-etur
1403 1983 1525 2014 lex‘3ut
1545 1984 1733 2014 ostenderet
1752 1989 1935 2023 peccatum,
1954 1993 2013 2013 seu
2029 1988 2065 2013 ut

1246 2027 1373 2068 peccati
1394 2032 1600 2066 coargueret,
1615 2032 1647 2056 et
1664 2024 1773 2065 palam
1787 2025 1879 2056 fieret
1896 2027 1993 2065 opus'
2013 2035 2064 2056 es-

1247 2080 1283 2099 se
1306 2069 1402 2099 nobis
1425 2069 1649 2099 misericordia
1670 2068 1730 2097 dei.

1288 2111 1340 2142 De
1363 2110 1475 2141 formis
1498 2111 1689 2141 iudiciorum
1707 2111 1755 2140 sic
1768 2110 1884 2140 sentio.
1903 2109 1970 2140 Eas
1986 2118 2065 2150 quo-

1247 2164 1310 2194 que
1334 2154 1518 2194 antiquatas
1538 2162 1632 2190 esse,
1655 2154 1741 2192 quod
1766 2158 1921 2182 externae
1952 2152 2064 2182 obser-

1247 2196 1395 2227 vationes
1420 2196 1501 2233 sint,
1530 2205 1596 2225 11011
1620 2194 1714 2225 aliter
1737 2200 1835 2235 atque
1859 2194 2066 2225 ceremoniae

1247 2239 1365 2279 quibus
1398 2238 1482 2268 liber
1512 2238 1645 2278 spiritus
1668 2236 1721 2267 vel
1746 2238 1807 2275 uti,
1841 2236 1895 2267 vel
1924 2247 1991 2267 non
2018 2236 2064 2266 uti

1246 2282 1360 2322 possit.
1407 2280 1622 2310 Conten'dere
1645 2280 1764 2310 iudicio
1782 2278 1975 2309 Christianis
1998 2289 2064 2309 non

1246 2324 1334 2361 licet,
1347 2324 1404 2353 sed
1420 2333 1459 2353 ea
1470 2333 1534 2353 non
1549 2328 1597 2352 est
1611 2322 1822 2363 abrogandae
1834 2321 1918 2362 legis
1933 2331 2063 2352 caussa.

1246 2366 1329 2396 Nam
1358 2372 1392 2396 ut
1425 2371 1564 2406 peccent
1592 2368 1645 2405 qui
1673 2365 1816 2406 litigant,
1845 2374 1985 2394 necesse
2014 2369 2066 2394 est

1247 2415 1354 2438 tamen
1378 2407 1471 2448 leges
1496 2413 1526 2437 et
1550 2408 1667 2438 iudicia
1690 2417 1782 2445 esse,
1806 2407 1923 2448 quibus
1947 2406 2063 2437 coher—

1247 2456 1382 2481 ceantur
1406 2450 1568 2491 ssagitiosi.
1614 2450 1685 2480 Nec
1708 2454 1847 2490 peccant
1869 2449 1923 2490 qui
1945 2448 2065 2480 iudicia

1247 2498 1420 2531 exercent,
1444 2502 1504 2523 seu
1526 2494 1576 2523 ius
1598 2492 1819 2523 dicunt..Nec
1850 2493 1881 2522 in
1910 2491 1974 2522 1106
1998 2490 2065 2521 lata

1224 2565 1225 2575 ¹
1246 2535 1331 2566 Mosi
1354 2534 1407 2566 lex
1432 2540 1492 2573 est,
1516 2541 1550 2565 ut
1562 2534 1709 2577 litigandi
1728 2535 1861 2565 materia
1873 2534 1998 2565 civibus
2015 2542 2064 2563 es-

2145 125 2209 156 ‘200

2125 271 2155 289 20

2083 481 2136 506 (59.
2156 480 2194 509 b.)

2081 514 2134 540 114.
2153 519 2176 538 a.

2128 942 2154 960 10

2130 1151 2156 1170 1⁵

2125 1403 2157 1422 20

2084 1657 2138 1686 114,
2156 1656 2181 1681 b.

2133 2036 2158 2054 10

2127 2291 2155 2309 ib

2132 2492 2163 2511 20
