<?xml version="1.0" encoding="UTF-8"?>
<!DOCTYPE html PUBLIC "-//W3C//DTD XHTML 1.0 Transitional//EN"
    "http://www.w3.org/TR/xhtml1/DTD/xhtml1-transitional.dtd">
<html xmlns="http://www.w3.org/1999/xhtml" xml:lang="en" lang="en">
 <head>
  <title>
</title>
<meta http-equiv="Content-Type" content="text/html;charset=utf-8" />
  <meta name='ocr-system' content='tesseract 3.04.00' />
  <meta name='ocr-capabilities' content='ocr_page ocr_carea ocr_par ocr_line ocrx_word'/>
</head>
<body>
  <div class='ocr_page' id='page_1' title='image "./operaquaesupersu21melauoft_0059.png"; bbox 0 0 2358 2933; ppageno 0'>
   <div class='ocr_carea' id='block_1_1' title="bbox 65 161 111 194">
    <p class='ocr_par' dir='ltr' id='par_1_1' title="bbox 65 161 111 194">
     <span class='ocr_line' id='line_1_1' title="bbox 65 161 111 194; baseline 0.022 -1"><span class='ocrx_word' id='word_1_1' title='bbox 65 161 111 194; x_wconf 83' lang='lat'><strong>89</strong></span> 
     </span>
    </p>
   </div>
   <div class='ocr_carea' id='block_1_2' title="bbox 134 255 160 273">
    <p class='ocr_par' dir='ltr' id='par_1_2' title="bbox 134 255 160 273">
     <span class='ocr_line' id='line_1_2' title="bbox 134 255 160 273; baseline 0 0"><span class='ocrx_word' id='word_1_2' title='bbox 134 255 160 273; x_wconf 71' lang='lat'><strong>15</strong></span> 
     </span>
    </p>
   </div>
   <div class='ocr_carea' id='block_1_3' title="bbox 136 479 166 497">
    <p class='ocr_par' dir='ltr' id='par_1_3' title="bbox 136 479 166 497">
     <span class='ocr_line' id='line_1_3' title="bbox 136 479 166 497; baseline 0 0"><span class='ocrx_word' id='word_1_3' title='bbox 136 479 166 497; x_wconf 83' lang='lat'><strong>20</strong></span> 
     </span>
    </p>
   </div>
   <div class='ocr_carea' id='block_1_4' title="bbox 112 681 172 710">
    <p class='ocr_par' dir='ltr' id='par_1_4' title="bbox 112 681 172 710">
     <span class='ocr_line' id='line_1_4' title="bbox 112 681 172 710; baseline -0.033 -6"><span class='ocrx_word' id='word_1_4' title='bbox 112 681 135 710; x_wconf 65' lang='lat'><strong>8,</strong></span> <span class='ocrx_word' id='word_1_5' title='bbox 149 681 172 704; x_wconf 85' lang='lat' dir='ltr'><strong>b.</strong></span> 
     </span>
    </p>
   </div>
   <div class='ocr_carea' id='block_1_5' title="bbox 140 1101 168 1118">
    <p class='ocr_par' dir='ltr' id='par_1_5' title="bbox 140 1101 168 1118">
     <span class='ocr_line' id='line_1_5' title="bbox 140 1101 168 1118; baseline 0 0"><span class='ocrx_word' id='word_1_6' title='bbox 140 1101 168 1118; x_wconf 82' lang='lat'><strong>10</strong></span> 
     </span>
    </p>
   </div>
   <div class='ocr_carea' id='block_1_6' title="bbox 142 1300 169 1319">
    <p class='ocr_par' dir='ltr' id='par_1_6' title="bbox 142 1300 169 1319">
     <span class='ocr_line' id='line_1_6' title="bbox 142 1300 169 1319; baseline -0.037 0"><span class='ocrx_word' id='word_1_7' title='bbox 142 1300 169 1319; x_wconf 79' lang='lat'><strong>15</strong></span> 
     </span>
    </p>
   </div>
   <div class='ocr_carea' id='block_1_7' title="bbox 137 1518 170 1536">
    <p class='ocr_par' dir='ltr' id='par_1_7' title="bbox 137 1518 170 1536">
     <span class='ocr_line' id='line_1_7' title="bbox 137 1518 170 1536; baseline -0.03 0"><span class='ocrx_word' id='word_1_8' title='bbox 137 1518 170 1536; x_wconf 69' lang='lat'><strong>¹20</strong></span> 
     </span>
    </p>
   </div>
   <div class='ocr_carea' id='block_1_8' title="bbox 104 1854 189 1883">
    <p class='ocr_par' dir='ltr' id='par_1_8' title="bbox 104 1854 189 1883">
     <span class='ocr_line' id='line_1_8' title="bbox 104 1854 189 1883; baseline -0.012 -4"><span class='ocrx_word' id='word_1_9' title='bbox 104 1855 143 1883; x_wconf 85' lang='lat'><strong>(5,</strong></span> <span class='ocrx_word' id='word_1_10' title='bbox 154 1854 189 1882; x_wconf 73' lang='lat' dir='ltr'><strong>b.)</strong></span> 
     </span>
    </p>
   </div>
   <div class='ocr_carea' id='block_1_9' title="bbox 143 2100 168 2116">
    <p class='ocr_par' dir='ltr' id='par_1_9' title="bbox 143 2100 168 2116">
     <span class='ocr_line' id='line_1_9' title="bbox 143 2100 168 2116; baseline 0 0"><span class='ocrx_word' id='word_1_11' title='bbox 143 2100 168 2116; x_wconf 91' lang='lat'><strong>10</strong></span> 
     </span>
    </p>
   </div>
   <div class='ocr_carea' id='block_1_10' title="bbox 142 2311 168 2328">
    <p class='ocr_par' dir='ltr' id='par_1_10' title="bbox 142 2311 168 2328">
     <span class='ocr_line' id='line_1_10' title="bbox 142 2311 168 2328; baseline 0 0"><span class='ocrx_word' id='word_1_12' title='bbox 142 2311 168 2328; x_wconf 77' lang='lat'><strong>15</strong></span> 
     </span>
    </p>
   </div>
   <div class='ocr_carea' id='block_1_11' title="bbox 555 149 1057 187">
    <p class='ocr_par' dir='ltr' id='par_1_11' title="bbox 555 149 1057 187">
     <span class='ocr_line' id='line_1_11' title="bbox 555 149 1057 187; baseline 0.016 -8"><span class='ocrx_word' id='word_1_13' title='bbox 555 150 578 180; x_wconf 91' lang='lat'><strong>1.</strong></span> <span class='ocrx_word' id='word_1_14' title='bbox 602 149 702 181; x_wconf 92' lang='lat' dir='ltr'><strong>LOCI</strong></span> <span class='ocrx_word' id='word_1_15' title='bbox 724 150 996 186; x_wconf 75' lang='lat' dir='ltr'>THEOLOGICI:</span> <span class='ocrx_word' id='word_1_16' title='bbox 1019 157 1057 187; x_wconf 88' lang='lat' dir='ltr'><strong>B.</strong></span> 
     </span>
    </p>
   </div>
   <div class='ocr_carea' id='block_1_12' title="bbox 219 251 1043 711">
    <p class='ocr_par' dir='ltr' id='par_1_12' title="bbox 219 251 1043 711">
     <span class='ocr_line' id='line_1_12' title="bbox 219 251 1042 292; baseline -0.005 -9"><span class='ocrx_word' id='word_1_17' title='bbox 219 253 381 284; x_wconf 87' lang='lat' dir='ltr'><strong>humanae</strong></span> <span class='ocrx_word' id='word_1_18' title='bbox 412 251 639 283; x_wconf 79' lang='lat' dir='ltr'><strong>rationisltum</strong></span> <span class='ocrx_word' id='word_1_19' title='bbox 663 252 856 292; x_wconf 90' lang='lat' dir='ltr'><strong>sapientiam</strong></span> <span class='ocrx_word' id='word_1_20' title='bbox 878 256 943 282; x_wconf 88' lang='lat' dir='ltr'><strong>tum</strong></span> <span class='ocrx_word' id='word_1_21' title='bbox 969 260 1042 289; x_wconf 90' lang='lat' dir='ltr'><strong>pru-</strong></span> 
     </span>
     <span class='ocr_line' id='line_1_13' title="bbox 223 290 1043 333; baseline -0.005 -8"><span class='ocrx_word' id='word_1_22' title='bbox 223 295 374 331; x_wconf 82' lang='lat' dir='ltr'><strong>dentiam,</strong></span> <span class='ocrx_word' id='word_1_23' title='bbox 388 299 578 324; x_wconf 81' lang='lat' dir='ltr'><strong>constanter</strong></span> <span class='ocrx_word' id='word_1_24' title='bbox 591 295 738 330; x_wconf 88' lang='lat' dir='ltr'><strong>credere,</strong></span> <span class='ocrx_word' id='word_1_25' title='bbox 753 294 841 333; x_wconf 91' lang='lat' dir='ltr'><strong>quod</strong></span> <span class='ocrx_word' id='word_1_26' title='bbox 857 303 875 322; x_wconf 85' lang='lat' dir='ltr'><strong>a</strong></span> <span class='ocrx_word' id='word_1_27' title='bbox 889 293 951 322; x_wconf 92' lang='lat' dir='ltr'><strong>deo</strong></span> <span class='ocrx_word' id='word_1_28' title='bbox 963 290 1043 321; x_wconf 87' lang='lat' dir='ltr'><strong>fiant</strong></span> 
     </span>
     <span class='ocr_line' id='line_1_14' title="bbox 223 337 339 366; baseline -0.009 0"><span class='ocrx_word' id='word_1_29' title='bbox 223 337 339 366; x_wconf 90' lang='lat' dir='ltr'><strong>omnia.</strong></span> 
     </span>
     <span class='ocr_line' id='line_1_15' title="bbox 222 376 1041 417; baseline -0.002 -10"><span class='ocrx_word' id='word_1_30' title='bbox 222 377 413 408; x_wconf 84' lang='lat' dir='ltr'><strong>consolatur</strong></span> <span class='ocrx_word' id='word_1_31' title='bbox 436 377 615 417; x_wconf 88' lang='lat' dir='ltr'><strong>discipulos</strong></span> <span class='ocrx_word' id='word_1_32' title='bbox 639 377 809 413; x_wconf 85' lang='lat' dir='ltr'><strong>Christus,</strong></span> <span class='ocrx_word' id='word_1_33' title='bbox 833 387 907 406; x_wconf 86' lang='lat' dir='ltr'><strong>cum</strong></span> <span class='ocrx_word' id='word_1_34' title='bbox 928 376 1041 416; x_wconf 84' lang='lat' dir='ltr'><strong>inquit,</strong></span> 
     </span>
     <span class='ocr_line' id='line_1_16' title="bbox 223 418 1042 458; baseline -0.002 -9"><span class='ocrx_word' id='word_1_35' title='bbox 223 419 315 457; x_wconf 91' lang='lat' dir='ltr'><strong>[Luc.</strong></span> <span class='ocrx_word' id='word_1_36' title='bbox 344 419 402 456; x_wconf 75' lang='lat'><strong>12,</strong></span> <span class='ocrx_word' id='word_1_37' title='bbox 426 420 488 457; x_wconf 79' lang='lat'><strong>7.:]</strong></span> <span class='ocrx_word' id='word_1_38' title='bbox 512 419 634 449; x_wconf 84' lang='lat' dir='ltr'><strong>Omnes</strong></span> <span class='ocrx_word' id='word_1_39' title='bbox 665 418 774 458; x_wconf 86' lang='lat' dir='ltr'><strong>capilli</strong></span> <span class='ocrx_word' id='word_1_40' title='bbox 800 419 916 457; x_wconf 87' lang='lat' dir='ltr'><strong>capitis</strong></span> <span class='ocrx_word' id='word_1_41' title='bbox 940 418 1042 447; x_wconf 89' lang='lat' dir='ltr'><strong>vestri</strong></span> 
     </span>
     <span class='ocr_line' id='line_1_17' title="bbox 221 458 1041 501; baseline -0.004 -10"><span class='ocrx_word' id='word_1_42' title='bbox 221 462 381 492; x_wconf 88' lang='lat' dir='ltr'><strong>numerati</strong></span> <span class='ocrx_word' id='word_1_43' title='bbox 404 468 490 491; x_wconf 72' lang='lat' dir='ltr'><strong>stult.</strong></span> <span class='ocrx_word' id='word_1_44' title='bbox 515 459 725 501; x_wconf 64' lang='lat' dir='ltr'><strong>Quidligitur</strong></span> <span class='ocrx_word' id='word_1_45' title='bbox 747 461 874 500; x_wconf 86' lang='lat' dir='ltr'><strong>inquies</strong></span> <span class='ocrx_word' id='word_1_46' title='bbox 890 458 981 489; x_wconf 92' lang='lat' dir='ltr'><strong>nulla</strong></span> <span class='ocrx_word' id='word_1_47' title='bbox 1000 469 1041 489; x_wconf 90' lang='lat' dir='ltr'><strong>ne</strong></span> 
     </span>
     <span class='ocr_line' id='line_1_18' title="bbox 223 501 1042 540; baseline -0.006 -5"><span class='ocrx_word' id='word_1_48' title='bbox 223 511 274 535; x_wconf 85' lang='lat' dir='ltr'><strong>est</strong></span> <span class='ocrx_word' id='word_1_49' title='bbox 296 506 328 534; x_wconf 92' lang='lat' dir='ltr'><strong>in</strong></span> <span class='ocrx_word' id='word_1_50' title='bbox 351 505 462 540; x_wconf 85' lang='lat' dir='ltr'><strong>rebus,</strong></span> <span class='ocrx_word' id='word_1_51' title='bbox 485 509 520 533; x_wconf 88' lang='lat' dir='ltr'><strong>ut</strong></span> <span class='ocrx_word' id='word_1_52' title='bbox 531 503 668 532; x_wconf 78' lang='lat' dir='ltr'><strong>istonnn</strong></span> <span class='ocrx_word' id='word_1_53' title='bbox 680 501 844 532; x_wconf 69' lang='lat' dir='ltr'><strong>vocabulo</strong></span> <span class='ocrx_word' id='word_1_54' title='bbox 857 508 941 538; x_wconf 89' lang='lat' dir='ltr'><strong>utar,</strong></span> <span class='ocrx_word' id='word_1_55' title='bbox 965 511 1042 531; x_wconf 89' lang='lat' dir='ltr'><strong>con-</strong></span> 
     </span>
     <span class='ocr_line' id='line_1_19' title="bbox 223 542 1041 587; baseline -0.005 -10"><span class='ocrx_word' id='word_1_56' title='bbox 223 547 391 587; x_wconf 86' lang='lat' dir='ltr'><strong>tingentia,</strong></span> <span class='ocrx_word' id='word_1_57' title='bbox 414 544 494 575; x_wconf 88' lang='lat' dir='ltr'><strong>nihil</strong></span> <span class='ocrx_word' id='word_1_58' title='bbox 517 554 627 581; x_wconf 87' lang='lat' dir='ltr'><strong>casus,</strong></span> <span class='ocrx_word' id='word_1_59' title='bbox 650 543 730 574; x_wconf 85' lang='lat' dir='ltr'><strong>nihil</strong></span> <span class='ocrx_word' id='word_1_60' title='bbox 749 542 902 573; x_wconf 67' lang='lat' dir='ltr'><strong>fortmia?</strong></span> <span class='ocrx_word' id='word_1_61' title='bbox 925 542 1041 573; x_wconf 85' lang='lat' dir='ltr'><strong>Omnia</strong></span> 
     </span>
     <span class='ocr_line' id='line_1_20' title="bbox 222 584 1041 625; baseline -0.005 -7"><span class='ocrx_word' id='word_1_62' title='bbox 222 588 412 618; x_wconf 84' lang='lat' dir='ltr'><strong>necessario</strong></span> <span class='ocrx_word' id='word_1_63' title='bbox 437 587 568 617; x_wconf 79' lang='lat' dir='ltr'><strong>evenire</strong></span> <span class='ocrx_word' id='word_1_64' title='bbox 591 587 774 625; x_wconf 79' lang='lat' dir='ltr'><strong>scripturae</strong></span> <span class='ocrx_word' id='word_1_65' title='bbox 795 586 924 615; x_wconf 80' lang='lat' dir='ltr'><strong>docent.</strong></span> <span class='ocrx_word' id='word_1_66' title='bbox 948 584 1041 620; x_wconf 84' lang='lat' dir='ltr'><strong>Esto,</strong></span> 
     </span>
     <span class='ocr_line' id='line_1_21' title="bbox 223 627 1041 659; baseline -0.005 0"><span class='ocrx_word' id='word_1_67' title='bbox 223 630 372 659; x_wconf 62' lang='lat' dir='ltr'><strong>xideatur</strong></span> <span class='ocrx_word' id='word_1_68' title='bbox 395 629 451 658; x_wconf 90' lang='lat' dir='ltr'><strong>tibi</strong></span> <span class='ocrx_word' id='word_1_69' title='bbox 475 638 550 658; x_wconf 90' lang='lat' dir='ltr'><strong>esse</strong></span> <span class='ocrx_word' id='word_1_70' title='bbox 573 628 606 657; x_wconf 90' lang='lat' dir='ltr'><strong>in</strong></span> <span class='ocrx_word' id='word_1_71' title='bbox 629 628 729 657; x_wconf 86' lang='lat' dir='ltr'><strong>rebus</strong></span> <span class='ocrx_word' id='word_1_72' title='bbox 744 627 893 656; x_wconf 88' lang='lat' dir='ltr'><strong>humanis</strong></span> <span class='ocrx_word' id='word_1_73' title='bbox 917 627 1041 656; x_wconf 89' lang='lat' dir='ltr'><strong>contin-</strong></span> 
     </span>
     <span class='ocr_line' id='line_1_22' title="bbox 223 668 1041 711; baseline -0.004 -11"><span class='ocrx_word' id='word_1_74' title='bbox 223 671 344 711; x_wconf 86' lang='lat' dir='ltr'><strong>gentia,</strong></span> <span class='ocrx_word' id='word_1_75' title='bbox 366 670 485 700; x_wconf 89' lang='lat' dir='ltr'><strong>iudicio</strong></span> <span class='ocrx_word' id='word_1_76' title='bbox 498 669 632 699; x_wconf 82' lang='lat' dir='ltr'><strong>rationis</strong></span> <span class='ocrx_word' id='word_1_77' title='bbox 663 668 717 698; x_wconf 89' lang='lat' dir='ltr'><strong>hic</strong></span> <span class='ocrx_word' id='word_1_78' title='bbox 732 668 957 708; x_wconf 87' lang='lat' dir='ltr'><strong>imperandum</strong></span> <span class='ocrx_word' id='word_1_79' title='bbox 981 674 1041 698; x_wconf 90' lang='lat' dir='ltr'><strong>est.</strong></span> 
     </span>
    </p>
   </div>
   <div class='ocr_carea' id='block_1_13' title="bbox 224 710 1066 752">
    <p class='ocr_par' dir='ltr' id='par_1_13' title="bbox 224 710 1066 752">
     <span class='ocr_line' id='line_1_23' title="bbox 224 710 1066 752; baseline -0.004 -10"><span class='ocrx_word' id='word_1_80' title='bbox 224 712 279 742; x_wconf 91' lang='lat' dir='ltr'><strong>Sic</strong></span> <span class='ocrx_word' id='word_1_81' title='bbox 304 711 473 748; x_wconf 83' lang='lat' dir='ltr'><strong>Solomon,</strong></span> <span class='ocrx_word' id='word_1_82' title='bbox 498 721 571 752; x_wconf 83' lang='lat' dir='ltr'><strong>cum</strong></span> <span class='ocrx_word' id='word_1_83' title='bbox 601 712 632 740; x_wconf 92' lang='lat' dir='ltr'><strong>in</strong></span> <span class='ocrx_word' id='word_1_84' title='bbox 655 710 964 750; x_wconf 86' lang='lat' dir='ltr'><strong>praedestinationis</strong></span> <span class='ocrx_word' id='word_1_85' title='bbox 988 720 1042 739; x_wconf 91' lang='lat' dir='ltr'><strong>co·</strong></span> <span class='ocrx_word' id='word_1_86' title='bbox 1065 717 1066 723; x_wconf 63' lang='lat'>¹</span> 
     </span>
    </p>
   </div>
   <div class='ocr_carea' id='block_1_14' title="bbox 222 751 1045 1047">
    <p class='ocr_par' dir='ltr' id='par_1_14' title="bbox 222 751 1045 1047">
     <span class='ocr_line' id='line_1_24' title="bbox 222 751 1043 794; baseline -0.001 -12"><span class='ocrx_word' id='word_1_87' title='bbox 222 754 378 794; x_wconf 68' lang='lat' dir='ltr'><strong>gitatione</strong></span> <span class='ocrx_word' id='word_1_88' title='bbox 391 759 543 783; x_wconf 81' lang='lat' dir='ltr'><strong>versatus</strong></span> <span class='ocrx_word' id='word_1_89' title='bbox 557 758 658 790; x_wconf 88' lang='lat' dir='ltr'><strong>esset,</strong></span> <span class='ocrx_word' id='word_1_90' title='bbox 670 753 784 793; x_wconf 87' lang='lat' dir='ltr'><strong>inquit,</strong></span> <span class='ocrx_word' id='word_1_91' title='bbox 797 751 902 790; x_wconf 82' lang='lat' dir='ltr'><strong>[Eccl.</strong></span> <span class='ocrx_word' id='word_1_92' title='bbox 916 751 947 789; x_wconf 72' lang='lat' dir='ltr'><strong>S,</strong></span> <span class='ocrx_word' id='word_1_93' title='bbox 963 752 1012 781; x_wconf 79' lang='lat'><strong>17.</strong></span> <span class='ocrx_word' id='word_1_94' title='bbox 1021 754 1043 789; x_wconf 86' lang='lat'><strong>:]</strong></span> 
     </span>
     <span class='ocr_line' id='line_1_25' title="bbox 222 792 1044 835; baseline -0.002 -10"><span class='ocrx_word' id='word_1_95' title='bbox 222 795 265 825; x_wconf 89' lang='lat' dir='ltr'><strong>Et</strong></span> <span class='ocrx_word' id='word_1_96' title='bbox 287 793 444 832; x_wconf 78' lang='lat' dir='ltr'><strong>intellexi,</strong></span> <span class='ocrx_word' id='word_1_97' title='bbox 468 795 556 835; x_wconf 86' lang='lat' dir='ltr'><strong>quod</strong></span> <span class='ocrx_word' id='word_1_98' title='bbox 580 795 721 824; x_wconf 84' lang='lat' dir='ltr'><strong>onmium</strong></span> <span class='ocrx_word' id='word_1_99' title='bbox 745 804 880 834; x_wconf 86' lang='lat' dir='ltr'><strong>operum</strong></span> <span class='ocrx_word' id='word_1_100' title='bbox 899 794 951 824; x_wconf 91' lang='lat' dir='ltr'><strong>dei</strong></span> <span class='ocrx_word' id='word_1_101' title='bbox 973 792 1044 824; x_wconf 87' lang='lat' dir='ltr'><strong>nul-</strong></span> 
     </span>
     <span class='ocr_line' id='line_1_26' title="bbox 222 836 1045 877; baseline -0.002 -10"><span class='ocrx_word' id='word_1_102' title='bbox 222 836 289 867; x_wconf 89' lang='lat' dir='ltr'><strong>lam</strong></span> <span class='ocrx_word' id='word_1_103' title='bbox 318 837 423 877; x_wconf 89' lang='lat' dir='ltr'><strong>possit</strong></span> <span class='ocrx_word' id='word_1_104' title='bbox 449 836 547 866; x_wconf 91' lang='lat' dir='ltr'><strong>homo</strong></span> <span class='ocrx_word' id='word_1_105' title='bbox 576 837 722 866; x_wconf 78' lang='lat' dir='ltr'><strong>invenire</strong></span> <span class='ocrx_word' id='word_1_106' title='bbox 751 837 910 866; x_wconf 80' lang='lat' dir='ltr'><strong>rationein</strong></span> <span class='ocrx_word' id='word_1_107' title='bbox 932 846 1045 866; x_wconf 87' lang='lat' dir='ltr'><strong>eorum</strong></span> 
     </span>
     <span class='ocr_line' id='line_1_27' title="bbox 226 877 1044 919; baseline 0.001 -12"><span class='ocrx_word' id='word_1_108' title='bbox 226 881 319 919; x_wconf 68' lang='grc'><strong>((1030</strong></span> <span class='ocrx_word' id='word_1_109' title='bbox 348 880 409 909; x_wconf 88' lang='lat' dir='ltr'><strong>sub</strong></span> <span class='ocrx_word' id='word_1_110' title='bbox 440 878 512 908; x_wconf 88' lang='lat' dir='ltr'><strong>sole</strong></span> <span class='ocrx_word' id='word_1_111' title='bbox 536 877 626 908; x_wconf 82' lang='lat' dir='ltr'><strong>fiunt.</strong></span> <span class='ocrx_word' id='word_1_112' title='bbox 673 878 739 908; x_wconf 83' lang='lat' dir='ltr'><strong>Sed</strong></span> <span class='ocrx_word' id='word_1_113' title='bbox 768 879 897 918; x_wconf 80' lang='lat' dir='ltr'><strong>ineptus</strong></span> <span class='ocrx_word' id='word_1_114' title='bbox 920 878 1044 909; x_wconf 72' lang='lat' dir='ltr'><strong>videar.</strong></span> 
     </span>
     <span class='ocr_line' id='line_1_28' title="bbox 225 919 1044 960; baseline -0.002 -9"><span class='ocrx_word' id='word_1_115' title='bbox 225 921 279 960; x_wconf 81' lang='lat' dir='ltr'><strong>qui</strong></span> <span class='ocrx_word' id='word_1_116' title='bbox 302 921 409 951; x_wconf 87' lang='lat' dir='ltr'><strong>statim</strong></span> <span class='ocrx_word' id='word_1_117' title='bbox 432 921 521 950; x_wconf 87' lang='lat' dir='ltr'><strong>initio</strong></span> <span class='ocrx_word' id='word_1_118' title='bbox 545 921 655 960; x_wconf 86' lang='lat' dir='ltr'><strong>operis</strong></span> <span class='ocrx_word' id='word_1_119' title='bbox 689 921 729 950; x_wconf 89' lang='lat' dir='ltr'><strong>de</strong></span> <span class='ocrx_word' id='word_1_120' title='bbox 752 920 932 960; x_wconf 83' lang='lat' dir='ltr'><strong>asperrimo</strong></span> <span class='ocrx_word' id='word_1_121' title='bbox 955 919 1044 955; x_wconf 85' lang='grc'><strong>1000,</strong></span> 
     </span>
     <span class='ocr_line' id='line_1_29' title="bbox 223 963 794 1004; baseline -0.002 -11"><span class='ocrx_word' id='word_1_122' title='bbox 223 963 265 992; x_wconf 88' lang='lat' dir='ltr'><strong>de</strong></span> <span class='ocrx_word' id='word_1_123' title='bbox 298 963 597 1004; x_wconf 80' lang='lat' dir='ltr'><strong>praedestinatione</strong></span> <span class='ocrx_word' id='word_1_124' title='bbox 627 963 794 992; x_wconf 86' lang='lat' dir='ltr'><strong>disseram.</strong></span> 
     </span>
     <span class='ocr_line' id='line_1_30' title="bbox 225 1003 1043 1047; baseline -0.005 -10"><span class='ocrx_word' id='word_1_125' title='bbox 225 1007 303 1047; x_wconf 91' lang='lat' dir='ltr'><strong>quid</strong></span> <span class='ocrx_word' id='word_1_126' title='bbox 331 1007 445 1036; x_wconf 78' lang='lat' dir='ltr'><strong>attinet</strong></span> <span class='ocrx_word' id='word_1_127' title='bbox 474 1006 507 1035; x_wconf 90' lang='lat' dir='ltr'><strong>in</strong></span> <span class='ocrx_word' id='word_1_128' title='bbox 537 1003 738 1043; x_wconf 87' lang='lat' dir='ltr'><strong>Compendio</strong></span> <span class='ocrx_word' id='word_1_129' title='bbox 761 1004 884 1044; x_wconf 75' lang='lat' dir='ltr'><strong>primo,</strong></span> <span class='ocrx_word' id='word_1_130' title='bbox 915 1014 957 1033; x_wconf 88' lang='lat' dir='ltr'><strong>an</strong></span> <span class='ocrx_word' id='word_1_131' title='bbox 987 1013 1043 1043; x_wconf 87' lang='lat' dir='ltr'><strong>po-</strong></span> 
     </span>
    </p>
   </div>
   <div class='ocr_carea' id='block_1_15' title="bbox 225 1045 1068 1117">
    <p class='ocr_par' dir='ltr' id='par_1_15' title="bbox 225 1045 1068 1117">
     <span class='ocr_line' id='line_1_31' title="bbox 225 1045 1068 1117; baseline -0.005 -39"><span class='ocrx_word' id='word_1_132' title='bbox 225 1054 349 1078; x_wconf 88' lang='lat' dir='ltr'><strong>stremo</strong></span> <span class='ocrx_word' id='word_1_133' title='bbox 372 1047 448 1077; x_wconf 91' lang='grc'><strong>1000</strong></span> <span class='ocrx_word' id='word_1_134' title='bbox 471 1048 504 1077; x_wconf 92' lang='lat' dir='ltr'><strong>id</strong></span> <span class='ocrx_word' id='word_1_135' title='bbox 526 1057 640 1087; x_wconf 87' lang='lat' dir='ltr'><strong>agam,</strong></span> <span class='ocrx_word' id='word_1_136' title='bbox 672 1046 759 1086; x_wconf 88' lang='lat' dir='ltr'><strong>quod</strong></span> <span class='ocrx_word' id='word_1_137' title='bbox 786 1047 819 1075; x_wconf 92' lang='lat' dir='ltr'><strong>in</strong></span> <span class='ocrx_word' id='word_1_138' title='bbox 843 1055 956 1117; x_wconf 73' lang='lat' dir='ltr'><strong>omnFes</strong></span> <span class='ocrx_word' id='word_1_139' title='bbox 980 1045 1044 1075; x_wconf 85' lang='lat' dir='ltr'><strong>dis-</strong></span> <span class='ocrx_word' id='word_1_140' title='bbox 1066 1070 1068 1083; x_wconf 68' lang='lat'><em>÷</em></span> 
     </span>
     <span class='ocr_line' id='line_1_32' title="bbox 932 1093 1067 1117; baseline 0.007 -1"><span class='ocrx_word' id='word_1_141' title='bbox 932 1093 943 1116; x_wconf 84' lang='lat' dir='ltr'><strong>t</strong></span> <span class='ocrx_word' id='word_1_142' title='bbox 971 1097 1044 1117; x_wconf 87' lang='lat' dir='ltr'><strong>cum</strong></span> <span class='ocrx_word' id='word_1_143' title='bbox 1066 1093 1067 1097; x_wconf 77' lang='grc'>’</span> 
     </span>
    </p>
   </div>
   <div class='ocr_carea' id='block_1_16' title="bbox 225 1088 1044 1255">
    <p class='ocr_par' dir='ltr' id='par_1_16' title="bbox 225 1088 1044 1255">
     <span class='ocr_line' id='line_1_33' title="bbox 225 1088 857 1129; baseline -0.005 -9"><span class='ocrx_word' id='word_1_144' title='bbox 225 1089 401 1129; x_wconf 85' lang='lat' dir='ltr'><strong>putationis</strong></span> <span class='ocrx_word' id='word_1_145' title='bbox 417 1092 420 1122; x_wconf 86' lang='grc' dir='ltr'>Ι</span> <span class='ocrx_word' id='word_1_146' title='bbox 436 1095 569 1118; x_wconf 90' lang='lat' dir='ltr'><strong>nostrae</strong></span> <span class='ocrx_word' id='word_1_147' title='bbox 592 1094 705 1128; x_wconf 88' lang='lat' dir='ltr'><strong>partes</strong></span> <span class='ocrx_word' id='word_1_148' title='bbox 727 1088 857 1118; x_wconf 88' lang='lat' dir='ltr'><strong>incidet.</strong></span> 
     </span>
     <span class='ocr_line' id='line_1_34' title="bbox 226 1128 1043 1170; baseline -0.004 -9"><span class='ocrx_word' id='word_1_149' title='bbox 226 1132 267 1161; x_wconf 90' lang='lat' dir='ltr'><strong>de</strong></span> <span class='ocrx_word' id='word_1_150' title='bbox 289 1130 393 1161; x_wconf 89' lang='lat' dir='ltr'><strong>libero</strong></span> <span class='ocrx_word' id='word_1_151' title='bbox 417 1131 550 1160; x_wconf 86' lang='lat' dir='ltr'><strong>arbitrio</strong></span> <span class='ocrx_word' id='word_1_152' title='bbox 574 1131 704 1160; x_wconf 88' lang='lat' dir='ltr'><strong>omnino</strong></span> <span class='ocrx_word' id='word_1_153' title='bbox 727 1128 921 1170; x_wconf 80' lang='grc' dir='ltr'><strong>111110010οο</strong></span> <span class='ocrx_word' id='word_1_154' title='bbox 945 1139 1043 1170; x_wconf 85' lang='lat' dir='ltr'><strong>agen-</strong></span> 
     </span>
     <span class='ocr_line' id='line_1_35' title="bbox 225 1171 1044 1213; baseline -0.002 -10"><span class='ocrx_word' id='word_1_155' title='bbox 225 1173 301 1203; x_wconf 87' lang='lat' dir='ltr'><strong>dum</strong></span> <span class='ocrx_word' id='word_1_156' title='bbox 324 1178 425 1210; x_wconf 88' lang='lat' dir='ltr'><strong>esset,</strong></span> <span class='ocrx_word' id='word_1_157' title='bbox 449 1173 503 1213; x_wconf 91' lang='lat' dir='ltr'><strong>qui</strong></span> <span class='ocrx_word' id='word_1_158' title='bbox 514 1173 605 1213; x_wconf 90' lang='lat' dir='ltr'><strong>potui</strong></span> <span class='ocrx_word' id='word_1_159' title='bbox 621 1171 826 1202; x_wconf 86' lang='lat' dir='ltr'><strong>dissimulare</strong></span> <span class='ocrx_word' id='word_1_160' title='bbox 849 1172 1044 1201; x_wconf 86' lang='lat' dir='ltr'><strong>sententiam</strong></span> 
     </span>
     <span class='ocr_line' id='line_1_36' title="bbox 225 1215 1043 1255; baseline -0.001 -11"><span class='ocrx_word' id='word_1_161' title='bbox 225 1215 409 1254; x_wconf 85' lang='lat' dir='ltr'><strong>scripturae</strong></span> <span class='ocrx_word' id='word_1_162' title='bbox 433 1215 474 1244; x_wconf 92' lang='lat' dir='ltr'><strong>de</strong></span> <span class='ocrx_word' id='word_1_163' title='bbox 497 1215 814 1254; x_wconf 83' lang='lat' dir='ltr'><strong>praedestinatione,</strong></span> <span class='ocrx_word' id='word_1_164' title='bbox 834 1215 964 1255; x_wconf 85' lang='lat' dir='ltr'><strong>quando</strong></span> <span class='ocrx_word' id='word_1_165' title='bbox 988 1223 1043 1243; x_wconf 86' lang='lat' dir='ltr'><strong>vo-</strong></span> 
     </span>
    </p>
   </div>
   <div class='ocr_carea' id='block_1_17' title="bbox 225 1255 1067 1297">
    <p class='ocr_par' dir='ltr' id='par_1_17' title="bbox 225 1255 1067 1297">
     <span class='ocr_line' id='line_1_37' title="bbox 225 1255 1067 1297; baseline 0.001 -12"><span class='ocrx_word' id='word_1_166' title='bbox 225 1255 342 1287; x_wconf 90' lang='lat' dir='ltr'><strong>luntati</strong></span> <span class='ocrx_word' id='word_1_167' title='bbox 364 1263 498 1286; x_wconf 88' lang='lat' dir='ltr'><strong>nostrae</strong></span> <span class='ocrx_word' id='word_1_168' title='bbox 521 1255 717 1292; x_wconf 80' lang='lat' dir='ltr'><strong>libertatem,</strong></span> <span class='ocrx_word' id='word_1_169' title='bbox 740 1266 800 1297; x_wconf 87' lang='lat' dir='ltr'><strong>per</strong></span> <span class='ocrx_word' id='word_1_170' title='bbox 822 1256 1044 1297; x_wconf 83' lang='lat' dir='ltr'><strong>praedestina·</strong></span> <span class='ocrx_word' id='word_1_171' title='bbox 1066 1265 1067 1284; x_wconf 56' lang='grc' dir='ltr'>ι</span> 
     </span>
    </p>
   </div>
   <div class='ocr_carea' id='block_1_18' title="bbox 223 1297 1043 1338">
    <p class='ocr_par' dir='ltr' id='par_1_18' title="bbox 223 1297 1043 1338">
     <span class='ocr_line' id='line_1_38' title="bbox 223 1297 1043 1338; baseline 0.001 -10"><span class='ocrx_word' id='word_1_172' title='bbox 223 1299 321 1328; x_wconf 89' lang='lat' dir='ltr'><strong>tionis</strong></span> <span class='ocrx_word' id='word_1_173' title='bbox 335 1297 582 1333; x_wconf 63' lang='lat' dir='ltr'><strong>necessitatem(</strong></span> <span class='ocrx_word' id='word_1_174' title='bbox 595 1299 704 1329; x_wconf 88' lang='lat' dir='ltr'><strong>adimit</strong></span> <span class='ocrx_word' id='word_1_175' title='bbox 718 1299 888 1338; x_wconf 89' lang='lat' dir='ltr'><strong>scriptura.</strong></span> <span class='ocrx_word' id='word_1_176' title='bbox 934 1298 1043 1334; x_wconf 90' lang='lat' dir='ltr'><strong>Quan-</strong></span> 
     </span>
    </p>
   </div>
   <div class='ocr_carea' id='block_1_19' title="bbox 225 1339 1067 1381">
    <p class='ocr_par' dir='ltr' id='par_1_19' title="bbox 225 1339 1067 1381">
     <span class='ocr_line' id='line_1_39' title="bbox 225 1339 1067 1381; baseline 0.002 -11"><span class='ocrx_word' id='word_1_177' title='bbox 225 1350 322 1381; x_wconf 88' lang='lat' dir='ltr'><strong>quam</strong></span> <span class='ocrx_word' id='word_1_178' title='bbox 345 1351 410 1371; x_wconf 91' lang='lat' dir='ltr'><strong>non</strong></span> <span class='ocrx_word' id='word_1_179' title='bbox 433 1341 562 1371; x_wconf 91' lang='lat' dir='ltr'><strong>omnino</strong></span> <span class='ocrx_word' id='word_1_180' title='bbox 586 1340 666 1370; x_wconf 90' lang='lat' dir='ltr'><strong>nihil</strong></span> <span class='ocrx_word' id='word_1_181' title='bbox 684 1348 762 1381; x_wconf 87' lang='lat' dir='ltr'><strong>puto</strong></span> <span class='ocrx_word' id='word_1_182' title='bbox 776 1339 912 1379; x_wconf 84' lang='lat' dir='ltr'><strong>referre,</strong></span> <span class='ocrx_word' id='word_1_183' title='bbox 936 1342 1044 1372; x_wconf 86' lang='lat' dir='ltr'><strong>statim</strong></span> <span class='ocrx_word' id='word_1_184' title='bbox 1066 1351 1067 1358; x_wconf 64' lang='lat'>¹</span> 
     </span>
    </p>
   </div>
   <div class='ocr_carea' id='block_1_20' title="bbox 224 1381 1044 1503">
    <p class='ocr_par' dir='ltr' id='par_1_20' title="bbox 224 1381 1044 1503">
     <span class='ocr_line' id='line_1_40' title="bbox 224 1381 1043 1424; baseline 0.001 -12"><span class='ocrx_word' id='word_1_185' title='bbox 224 1381 369 1422; x_wconf 90' lang='lat' dir='ltr'><strong>pueriles</strong></span> <span class='ocrx_word' id='word_1_186' title='bbox 392 1388 518 1413; x_wconf 86' lang='lat' dir='ltr'><strong>mentes</strong></span> <span class='ocrx_word' id='word_1_187' title='bbox 540 1382 604 1413; x_wconf 87' lang='lat' dir='ltr'><strong>hac</strong></span> <span class='ocrx_word' id='word_1_188' title='bbox 627 1384 787 1414; x_wconf 88' lang='lat' dir='ltr'><strong>sententia</strong></span> <span class='ocrx_word' id='word_1_189' title='bbox 809 1385 927 1420; x_wconf 86' lang='lat' dir='ltr'><strong>imbui,</strong></span> <span class='ocrx_word' id='word_1_190' title='bbox 956 1384 1043 1424; x_wconf 90' lang='lat' dir='ltr'><strong>quod</strong></span> 
     </span>
     <span class='ocr_line' id='line_1_41' title="bbox 224 1425 1044 1462; baseline 0.002 -8"><span class='ocrx_word' id='word_1_191' title='bbox 224 1425 333 1454; x_wconf 88' lang='lat' dir='ltr'><strong>omnia</strong></span> <span class='ocrx_word' id='word_1_192' title='bbox 355 1425 518 1462; x_wconf 86' lang='lat' dir='ltr'><strong>eveniant,</strong></span> <span class='ocrx_word' id='word_1_193' title='bbox 540 1434 606 1455; x_wconf 89' lang='lat' dir='ltr'><strong>non</strong></span> <span class='ocrx_word' id='word_1_194' title='bbox 629 1426 718 1455; x_wconf 61' lang='lat' dir='ltr'><strong>iuxta</strong></span> <span class='ocrx_word' id='word_1_195' title='bbox 728 1425 895 1456; x_wconf 88' lang='lat' dir='ltr'><strong>hominum</strong></span> <span class='ocrx_word' id='word_1_196' title='bbox 906 1425 1044 1456; x_wconf 84' lang='lat' dir='ltr'><strong>consilia</strong></span> 
     </span>
     <span class='ocr_line' id='line_1_42' title="bbox 226 1467 1044 1503; baseline 0.002 -7"><span class='ocrx_word' id='word_1_197' title='bbox 226 1471 259 1496; x_wconf 91' lang='lat' dir='ltr'><strong>et</strong></span> <span class='ocrx_word' id='word_1_198' title='bbox 281 1472 431 1503; x_wconf 83' lang='lat' dir='ltr'><strong>conatus,</strong></span> <span class='ocrx_word' id='word_1_199' title='bbox 454 1467 515 1497; x_wconf 87' lang='lat' dir='ltr'><strong>sed</strong></span> <span class='ocrx_word' id='word_1_200' title='bbox 536 1467 626 1497; x_wconf 81' lang='lat' dir='ltr'><strong>iuxta</strong></span> <span class='ocrx_word' id='word_1_201' title='bbox 649 1468 701 1497; x_wconf 90' lang='lat' dir='ltr'><strong>dei</strong></span> <span class='ocrx_word' id='word_1_202' title='bbox 732 1467 945 1498; x_wconf 86' lang='lat' dir='ltr'><strong>voluntatem.</strong></span> <span class='ocrx_word' id='word_1_203' title='bbox 990 1468 1044 1498; x_wconf 88' lang='lat' dir='ltr'><strong>An</strong></span> 
     </span>
    </p>
   </div>
   <div class='ocr_carea' id='block_1_21' title="bbox 225 1507 1067 1550">
    <p class='ocr_par' dir='ltr' id='par_1_21' title="bbox 225 1507 1067 1550">
     <span class='ocr_line' id='line_1_43' title="bbox 225 1507 1067 1550; baseline 0.004 -13"><span class='ocrx_word' id='word_1_204' title='bbox 225 1517 291 1538; x_wconf 90' lang='lat' dir='ltr'><strong>non</strong></span> <span class='ocrx_word' id='word_1_205' title='bbox 313 1507 378 1538; x_wconf 90' lang='lat' dir='ltr'><strong>hoc</strong></span> <span class='ocrx_word' id='word_1_206' title='bbox 390 1507 603 1539; x_wconf 76' lang='lat' dir='ltr'><strong>Solomomin</strong></span> <span class='ocrx_word' id='word_1_207' title='bbox 618 1508 682 1539; x_wconf 90' lang='lat' dir='ltr'><strong>illis</strong></span> <span class='ocrx_word' id='word_1_208' title='bbox 706 1510 834 1550; x_wconf 82' lang='lat' dir='ltr'><strong>gnomis</strong></span> <span class='ocrx_word' id='word_1_209' title='bbox 858 1511 938 1547; x_wconf 88' lang='lat' dir='ltr'><strong>suis,</strong></span> <span class='ocrx_word' id='word_1_210' title='bbox 961 1520 1043 1550; x_wconf 87' lang='lat' dir='ltr'><strong>quas</strong></span> <span class='ocrx_word' id='word_1_211' title='bbox 1066 1531 1067 1535; x_wconf 64' lang='lat'><strong>,</strong></span> 
     </span>
    </p>
   </div>
   <div class='ocr_carea' id='block_1_22' title="bbox 224 1551 1045 1718">
    <p class='ocr_par' dir='ltr' id='par_1_22' title="bbox 224 1551 1045 1718">
     <span class='ocr_line' id='line_1_44' title="bbox 225 1551 1043 1592; baseline 0.002 -12"><span class='ocrx_word' id='word_1_212' title='bbox 225 1551 384 1589; x_wconf 87' lang='lat' dir='ltr'><strong>pueritiae</strong></span> <span class='ocrx_word' id='word_1_213' title='bbox 413 1551 556 1590; x_wconf 79' lang='lat' dir='ltr'><strong>scripsit,</strong></span> <span class='ocrx_word' id='word_1_214' title='bbox 579 1552 688 1581; x_wconf 88' lang='lat' dir='ltr'><strong>statim</strong></span> <span class='ocrx_word' id='word_1_215' title='bbox 711 1562 729 1582; x_wconf 90' lang='lat' dir='ltr'><strong>a</strong></span> <span class='ocrx_word' id='word_1_216' title='bbox 753 1552 911 1592; x_wconf 88' lang='lat' dir='ltr'><strong>principio</strong></span> <span class='ocrx_word' id='word_1_217' title='bbox 924 1558 1043 1582; x_wconf 89' lang='lat' dir='ltr'><strong>monet.</strong></span> 
     </span>
     <span class='ocr_line' id='line_1_45' title="bbox 225 1590 1044 1634; baseline 0.002 -12"><span class='ocrx_word' id='word_1_218' title='bbox 225 1590 268 1621; x_wconf 90' lang='lat' dir='ltr'><strong>Et</strong></span> <span class='ocrx_word' id='word_1_219' title='bbox 291 1593 377 1632; x_wconf 89' lang='lat' dir='ltr'><strong>quod</strong></span> <span class='ocrx_word' id='word_1_220' title='bbox 400 1594 547 1633; x_wconf 83' lang='lat' dir='ltr'><strong>asperior</strong></span> <span class='ocrx_word' id='word_1_221' title='bbox 570 1593 668 1633; x_wconf 90' lang='lat' dir='ltr'><strong>paulo</strong></span> <span class='ocrx_word' id='word_1_222' title='bbox 691 1595 851 1624; x_wconf 87' lang='lat' dir='ltr'><strong>sententia</strong></span> <span class='ocrx_word' id='word_1_223' title='bbox 882 1595 922 1624; x_wconf 88' lang='lat' dir='ltr'><strong>de</strong></span> <span class='ocrx_word' id='word_1_224' title='bbox 951 1605 1044 1634; x_wconf 89' lang='lat' dir='ltr'><strong>prae-</strong></span> 
     </span>
     <span class='ocr_line' id='line_1_46' title="bbox 225 1634 1044 1675; baseline 0.002 -11"><span class='ocrx_word' id='word_1_225' title='bbox 225 1635 442 1665; x_wconf 87' lang='lat' dir='ltr'><strong>destinatione</strong></span> <span class='ocrx_word' id='word_1_226' title='bbox 465 1634 566 1675; x_wconf 82' lang='lat' dir='ltr'><strong>vulgo</strong></span> <span class='ocrx_word' id='word_1_227' title='bbox 590 1635 729 1671; x_wconf 68' lang='lat' dir='ltr'><strong>videtur,</strong></span> <span class='ocrx_word' id='word_1_228' title='bbox 753 1636 909 1666; x_wconf 88' lang='lat' dir='ltr'><strong>debemus</strong></span> <span class='ocrx_word' id='word_1_229' title='bbox 923 1635 970 1666; x_wconf 86' lang='lat' dir='ltr'><strong>illi</strong></span> <span class='ocrx_word' id='word_1_230' title='bbox 988 1636 1044 1666; x_wconf 89' lang='grc'><strong>110-</strong></span> 
     </span>
     <span class='ocr_line' id='line_1_47' title="bbox 224 1676 1045 1718; baseline 0.002 -12"><span class='ocrx_word' id='word_1_231' title='bbox 224 1677 298 1717; x_wconf 88' lang='lat' dir='ltr'><strong>piae</strong></span> <span class='ocrx_word' id='word_1_232' title='bbox 322 1676 552 1717; x_wconf 80' lang='lat' dir='ltr'><strong>Sophistarum</strong></span> <span class='ocrx_word' id='word_1_233' title='bbox 575 1676 779 1717; x_wconf 73' lang='lat' dir='ltr'><strong>theologiae,</strong></span> <span class='ocrx_word' id='word_1_234' title='bbox 810 1688 894 1718; x_wconf 90' lang='lat' dir='ltr'><strong>quae</strong></span> <span class='ocrx_word' id='word_1_235' title='bbox 927 1679 975 1708; x_wconf 85' lang='grc'><strong>510</strong></span> <span class='ocrx_word' id='word_1_236' title='bbox 999 1679 1045 1707; x_wconf 87' lang='grc'><strong>111-</strong></span> 
     </span>
    </p>
   </div>
   <div class='ocr_carea' id='block_1_23' title="bbox 225 1718 1068 1759">
    <p class='ocr_par' dir='ltr' id='par_1_23' title="bbox 225 1718 1068 1759">
     <span class='ocr_line' id='line_1_48' title="bbox 225 1718 1068 1759; baseline -0.001 -11"><span class='ocrx_word' id='word_1_237' title='bbox 225 1718 367 1749; x_wconf 85' lang='lat' dir='ltr'><strong>culcavit</strong></span> <span class='ocrx_word' id='word_1_238' title='bbox 396 1719 490 1748; x_wconf 90' lang='lat' dir='ltr'><strong>nobis</strong></span> <span class='ocrx_word' id='word_1_239' title='bbox 506 1723 508 1736; x_wconf 73' lang='lat'><em>&#39;</em></span> <span class='ocrx_word' id='word_1_240' title='bbox 524 1729 633 1749; x_wconf 87' lang='lat' dir='ltr'><strong>rerum</strong></span> <span class='ocrx_word' id='word_1_241' title='bbox 663 1720 918 1759; x_wconf 82' lang='lat' dir='ltr'><strong>contingentiam</strong></span> <span class='ocrx_word' id='word_1_242' title='bbox 948 1725 980 1750; x_wconf 91' lang='lat' dir='ltr'><strong>et</strong></span> <span class='ocrx_word' id='word_1_243' title='bbox 1009 1719 1068 1749; x_wconf 70' lang='lat' dir='ltr'><strong>li-⁴</strong></span> 
     </span>
    </p>
   </div>
   <div class='ocr_carea' id='block_1_24' title="bbox 223 1759 1046 2426">
    <p class='ocr_par' dir='ltr' id='par_1_24' title="bbox 223 1759 1046 2426">
     <span class='ocr_line' id='line_1_49' title="bbox 224 1759 1045 1796; baseline 0.002 -6"><span class='ocrx_word' id='word_1_244' title='bbox 224 1761 386 1791; x_wconf 78' lang='lat' dir='ltr'><strong>bei-tatem</strong></span> <span class='ocrx_word' id='word_1_245' title='bbox 414 1759 592 1791; x_wconf 85' lang='lat' dir='ltr'><strong>voluntatis</strong></span> <span class='ocrx_word' id='word_1_246' title='bbox 622 1767 776 1796; x_wconf 86' lang='lat' dir='ltr'><strong>nostrae,</strong></span> <span class='ocrx_word' id='word_1_247' title='bbox 806 1768 842 1791; x_wconf 92' lang='lat' dir='ltr'><strong>ut</strong></span> <span class='ocrx_word' id='word_1_248' title='bbox 864 1772 885 1792; x_wconf 89' lang='lat' dir='ltr'><strong>a</strong></span> <span class='ocrx_word' id='word_1_249' title='bbox 907 1763 1045 1792; x_wconf 89' lang='lat' dir='ltr'><strong>veritate</strong></span> 
     </span>
     <span class='ocr_line' id='line_1_50' title="bbox 225 1802 1046 1843; baseline 0.002 -11"><span class='ocrx_word' id='word_1_250' title='bbox 225 1803 409 1843; x_wconf 89' lang='lat' dir='ltr'><strong>scripturae</strong></span> <span class='ocrx_word' id='word_1_251' title='bbox 419 1802 608 1833; x_wconf 89' lang='lat' dir='ltr'><strong>molliculae</strong></span> <span class='ocrx_word' id='word_1_252' title='bbox 621 1813 718 1833; x_wconf 83' lang='lat' dir='ltr'><strong>aures</strong></span> <span class='ocrx_word' id='word_1_253' title='bbox 731 1803 941 1834; x_wconf 84' lang='lat' dir='ltr'><strong>abhorreant.</strong></span> <span class='ocrx_word' id='word_1_254' title='bbox 965 1804 1046 1834; x_wconf 87' lang='lat' dir='ltr'><strong>Pro-</strong></span> 
     </span>
     <span class='ocr_line' id='line_1_51' title="bbox 225 1844 1046 1886; baseline 0.002 -12"><span class='ocrx_word' id='word_1_255' title='bbox 225 1845 302 1875; x_wconf 91' lang='lat' dir='ltr'><strong>inde</strong></span> <span class='ocrx_word' id='word_1_256' title='bbox 324 1850 360 1875; x_wconf 89' lang='lat' dir='ltr'><strong>ut</strong></span> <span class='ocrx_word' id='word_1_257' title='bbox 381 1845 420 1875; x_wconf 89' lang='lat' dir='ltr'><strong>iis</strong></span> <span class='ocrx_word' id='word_1_258' title='bbox 445 1845 541 1875; x_wconf 88' lang='lat' dir='ltr'><strong>etiam</strong></span> <span class='ocrx_word' id='word_1_259' title='bbox 564 1844 792 1883; x_wconf 84' lang='lat' dir='ltr'><strong>consulamus,</strong></span> <span class='ocrx_word' id='word_1_260' title='bbox 821 1846 938 1886; x_wconf 88' lang='lat' dir='ltr'><strong>quibus</strong></span> <span class='ocrx_word' id='word_1_261' title='bbox 961 1846 1046 1876; x_wconf 89' lang='lat' dir='ltr'><strong>haec</strong></span> 
     </span>
     <span class='ocr_line' id='line_1_52' title="bbox 223 1887 1045 1928; baseline 0.002 -12"><span class='ocrx_word' id='word_1_262' title='bbox 223 1887 354 1917; x_wconf 87' lang='lat' dir='ltr'><strong>duriora</strong></span> <span class='ocrx_word' id='word_1_263' title='bbox 376 1887 544 1924; x_wconf 83' lang='lat' dir='ltr'><strong>videntur,</strong></span> <span class='ocrx_word' id='word_1_264' title='bbox 567 1894 664 1927; x_wconf 55' lang='lat' dir='ltr'><strong>quaet</strong></span> <span class='ocrx_word' id='word_1_265' title='bbox 678 1888 718 1917; x_wconf 91' lang='lat' dir='ltr'><strong>de</strong></span> <span class='ocrx_word' id='word_1_266' title='bbox 748 1888 1045 1928; x_wconf 83' lang='lat' dir='ltr'><strong>praedestinatione</strong></span> 
     </span>
     <span class='ocr_line' id='line_1_53' title="bbox 225 1929 1045 1969; baseline 0.004 -11"><span class='ocrx_word' id='word_1_267' title='bbox 225 1929 375 1965; x_wconf 84' lang='lat' dir='ltr'><strong>diximus,</strong></span> <span class='ocrx_word' id='word_1_268' title='bbox 398 1930 502 1969; x_wconf 91' lang='lat' dir='ltr'><strong>ipsam</strong></span> <span class='ocrx_word' id='word_1_269' title='bbox 515 1929 692 1960; x_wconf 88' lang='lat' dir='ltr'><strong>voluntatis</strong></span> <span class='ocrx_word' id='word_1_270' title='bbox 716 1930 877 1960; x_wconf 87' lang='lat' dir='ltr'><strong>humanae</strong></span> <span class='ocrx_word' id='word_1_271' title='bbox 896 1936 1045 1961; x_wconf 84' lang='lat' dir='ltr'><strong>naturam</strong></span> 
     </span>
     <span class='ocr_line' id='line_1_54' title="bbox 223 1970 1044 2013; baseline 0.004 -13"><span class='ocrx_word' id='word_1_272' title='bbox 223 1971 358 2012; x_wconf 87' lang='lat' dir='ltr'><strong>propius</strong></span> <span class='ocrx_word' id='word_1_273' title='bbox 389 1970 700 2011; x_wconf 83' lang='lat' dir='ltr'><strong>contemplabimur,</strong></span> <span class='ocrx_word' id='word_1_274' title='bbox 734 1977 770 2002; x_wconf 89' lang='lat' dir='ltr'><strong>ut</strong></span> <span class='ocrx_word' id='word_1_275' title='bbox 805 1971 987 2013; x_wconf 85' lang='lat' dir='ltr'><strong>intelligant</strong></span> <span class='ocrx_word' id='word_1_276' title='bbox 1004 1974 1044 2013; x_wconf 76' lang='grc'><strong>15)</strong></span> 
     </span>
     <span class='ocr_line' id='line_1_55' title="bbox 224 2013 1043 2055; baseline 0.004 -13"><span class='ocrx_word' id='word_1_277' title='bbox 224 2013 374 2049; x_wconf 72' lang='lat' dir='ltr'><strong>studiosi,</strong></span> <span class='ocrx_word' id='word_1_278' title='bbox 398 2023 464 2043; x_wconf 92' lang='lat' dir='ltr'><strong>non</strong></span> <span class='ocrx_word' id='word_1_279' title='bbox 487 2014 583 2044; x_wconf 90' lang='lat' dir='ltr'><strong>modo</strong></span> <span class='ocrx_word' id='word_1_280' title='bbox 607 2014 640 2044; x_wconf 90' lang='lat' dir='ltr'><strong>in</strong></span> <span class='ocrx_word' id='word_1_281' title='bbox 664 2024 699 2044; x_wconf 90' lang='lat' dir='ltr'><strong>re</strong></span> <span class='ocrx_word' id='word_1_282' title='bbox 722 2013 910 2055; x_wconf 88' lang='lat' dir='ltr'><strong>theologica</strong></span> <span class='ocrx_word' id='word_1_283' title='bbox 939 2013 1043 2045; x_wconf 88' lang='lat' dir='ltr'><strong>falsos</strong></span> 
     </span>
     <span class='ocr_line' id='line_1_56' title="bbox 225 2055 1044 2095; baseline 0.004 -10"><span class='ocrx_word' id='word_1_284' title='bbox 225 2055 410 2095; x_wconf 82' lang='lat' dir='ltr'><strong>Sophistas,</strong></span> <span class='ocrx_word' id='word_1_285' title='bbox 434 2056 494 2085; x_wconf 90' lang='lat' dir='ltr'><strong>sed</strong></span> <span class='ocrx_word' id='word_1_286' title='bbox 518 2061 549 2086; x_wconf 92' lang='lat' dir='ltr'><strong>et</strong></span> <span class='ocrx_word' id='word_1_287' title='bbox 572 2057 603 2086; x_wconf 90' lang='lat' dir='ltr'><strong>in</strong></span> <span class='ocrx_word' id='word_1_288' title='bbox 627 2062 763 2087; x_wconf 87' lang='lat' dir='ltr'><strong>naturae</strong></span> <span class='ocrx_word' id='word_1_289' title='bbox 786 2057 915 2087; x_wconf 89' lang='lat' dir='ltr'><strong>iudicio.</strong></span> <span class='ocrx_word' id='word_1_290' title='bbox 946 2057 1044 2088; x_wconf 92' lang='lat' dir='ltr'><strong>Dice-</strong></span> 
     </span>
     <span class='ocr_line' id='line_1_57' title="bbox 224 2098 1044 2140; baseline 0.004 -13"><span class='ocrx_word' id='word_1_291' title='bbox 224 2107 297 2128; x_wconf 91' lang='lat' dir='ltr'><strong>mus</strong></span> <span class='ocrx_word' id='word_1_292' title='bbox 327 2102 435 2128; x_wconf 89' lang='lat' dir='ltr'><strong>autem</strong></span> <span class='ocrx_word' id='word_1_293' title='bbox 460 2098 500 2128; x_wconf 90' lang='lat' dir='ltr'><strong>de</strong></span> <span class='ocrx_word' id='word_1_294' title='bbox 519 2099 817 2138; x_wconf 83' lang='lat' dir='ltr'><strong>praedestinatione</strong></span> <span class='ocrx_word' id='word_1_295' title='bbox 832 2098 945 2139; x_wconf 71' lang='lat' dir='ltr'><strong>lpaulo</strong></span> <span class='ocrx_word' id='word_1_296' title='bbox 968 2105 1044 2140; x_wconf 82' lang='lat' dir='ltr'><strong>post</strong></span> 
     </span>
     <span class='ocr_line' id='line_1_58' title="bbox 225 2138 1043 2182; baseline 0.004 -13"><span class='ocrx_word' id='word_1_297' title='bbox 225 2149 286 2170; x_wconf 90' lang='lat' dir='ltr'><strong>suo</strong></span> <span class='ocrx_word' id='word_1_298' title='bbox 308 2138 396 2176; x_wconf 86' lang='lat' dir='ltr'><strong>loco,</strong></span> <span class='ocrx_word' id='word_1_299' title='bbox 419 2139 683 2181; x_wconf 90' lang='lat' dir='ltr'><strong>revellemusque</strong></span> <span class='ocrx_word' id='word_1_300' title='bbox 713 2151 809 2182; x_wconf 90' lang='lat' dir='ltr'><strong>quam</strong></span> <span class='ocrx_word' id='word_1_301' title='bbox 832 2140 941 2172; x_wconf 90' lang='lat' dir='ltr'><strong>licebit</strong></span> <span class='ocrx_word' id='word_1_302' title='bbox 972 2143 1043 2172; x_wconf 91' lang='lat' dir='ltr'><strong>bre-</strong></span> 
     </span>
     <span class='ocr_line' id='line_1_59' title="bbox 224 2181 1044 2224; baseline 0.004 -13"><span class='ocrx_word' id='word_1_303' title='bbox 224 2182 357 2212; x_wconf 86' lang='lat' dir='ltr'><strong>vissime</strong></span> <span class='ocrx_word' id='word_1_304' title='bbox 373 2192 457 2222; x_wconf 88' lang='lat' dir='ltr'><strong>quae</strong></span> <span class='ocrx_word' id='word_1_305' title='bbox 470 2181 534 2212; x_wconf 91' lang='lat' dir='ltr'><strong>hac</strong></span> <span class='ocrx_word' id='word_1_306' title='bbox 557 2183 598 2213; x_wconf 91' lang='lat' dir='ltr'><strong>de</strong></span> <span class='ocrx_word' id='word_1_307' title='bbox 613 2193 647 2213; x_wconf 90' lang='lat' dir='ltr'><strong>re</strong></span> <span class='ocrx_word' id='word_1_308' title='bbox 661 2184 758 2224; x_wconf 89' lang='lat' dir='ltr'><strong>impie</strong></span> <span class='ocrx_word' id='word_1_309' title='bbox 775 2185 948 2214; x_wconf 85' lang='lat' dir='ltr'><strong>commenti</strong></span> <span class='ocrx_word' id='word_1_310' title='bbox 968 2190 1044 2215; x_wconf 90' lang='lat' dir='ltr'><strong>sunt</strong></span> 
     </span>
     <span class='ocr_line' id='line_1_60' title="bbox 225 2223 1043 2268; baseline 0.004 -15"><span class='ocrx_word' id='word_1_311' title='bbox 225 2224 412 2264; x_wconf 84' lang='lat' dir='ltr'><strong>Sophistae.</strong></span> <span class='ocrx_word' id='word_1_312' title='bbox 478 2223 609 2255; x_wconf 90' lang='lat' dir='ltr'><strong>Vallam</strong></span> <span class='ocrx_word' id='word_1_313' title='bbox 643 2225 685 2255; x_wconf 87' lang='lat' dir='ltr'><strong>ait</strong></span> <span class='ocrx_word' id='word_1_314' title='bbox 719 2225 840 2256; x_wconf 84' lang='lat' dir='ltr'><strong>Eccius</strong></span> <span class='ocrx_word' id='word_1_315' title='bbox 861 2227 921 2263; x_wconf 74' lang='lat'><strong>¹⁹),</strong></span> <span class='ocrx_word' id='word_1_316' title='bbox 956 2227 1043 2268; x_wconf 89' lang='lat' dir='ltr'><strong>quod</strong></span> 
     </span>
     <span class='ocr_line' id='line_1_61' title="bbox 225 2265 1043 2299; baseline 0.005 -4"><span class='ocrx_word' id='word_1_317' title='bbox 225 2265 414 2296; x_wconf 83' lang='lat' dir='ltr'><strong>scholarum</strong></span> <span class='ocrx_word' id='word_1_318' title='bbox 429 2268 623 2297; x_wconf 87' lang='lat' dir='ltr'><strong>sententiam</strong></span> <span class='ocrx_word' id='word_1_319' title='bbox 642 2268 683 2298; x_wconf 89' lang='lat' dir='ltr'><strong>de</strong></span> <span class='ocrx_word' id='word_1_320' title='bbox 697 2267 802 2298; x_wconf 89' lang='lat' dir='ltr'><strong>libero</strong></span> <span class='ocrx_word' id='word_1_321' title='bbox 817 2269 950 2299; x_wconf 84' lang='lat' dir='ltr'><strong>arbitrio</strong></span> <span class='ocrx_word' id='word_1_322' title='bbox 968 2279 1043 2299; x_wconf 88' lang='lat' dir='ltr'><strong>con-</strong></span> 
     </span>
     <span class='ocr_line' id='line_1_62' title="bbox 225 2307 1045 2351; baseline 0.005 -13"><span class='ocrx_word' id='word_1_323' title='bbox 225 2307 348 2345; x_wconf 84' lang='lat' dir='ltr'><strong>futarit,</strong></span> <span class='ocrx_word' id='word_1_324' title='bbox 369 2307 465 2349; x_wconf 87' lang='lat' dir='ltr'><strong>plura</strong></span> <span class='ocrx_word' id='word_1_325' title='bbox 476 2307 623 2339; x_wconf 84' lang='lat' dir='ltr'><strong>voluisse</strong></span> <span class='ocrx_word' id='word_1_326' title='bbox 646 2310 732 2340; x_wconf 88' lang='lat' dir='ltr'><strong>scire</strong></span> <span class='ocrx_word' id='word_1_327' title='bbox 744 2321 841 2351; x_wconf 91' lang='lat' dir='ltr'><strong>quam</strong></span> <span class='ocrx_word' id='word_1_328' title='bbox 852 2310 856 2338; x_wconf 84' lang='grc' dir='ltr'>Ι</span> <span class='ocrx_word' id='word_1_329' title='bbox 866 2311 1045 2348; x_wconf 81' lang='lat' dir='ltr'><strong>didicisset,</strong></span> 
     </span>
     <span class='ocr_line' id='line_1_63' title="bbox 225 2349 1045 2393; baseline 0.005 -13"><span class='ocrx_word' id='word_1_330' title='bbox 225 2349 352 2380; x_wconf 85' lang='lat' dir='ltr'><strong>scilicet</strong></span> <span class='ocrx_word' id='word_1_331' title='bbox 376 2351 508 2391; x_wconf 82' lang='lat' dir='ltr'><strong>egregie</strong></span> <span class='ocrx_word' id='word_1_332' title='bbox 531 2350 669 2381; x_wconf 78' lang='lat' dir='ltr'><strong>festivus</strong></span> <span class='ocrx_word' id='word_1_333' title='bbox 700 2359 850 2393; x_wconf 87' lang='lat' dir='ltr'><strong>nugator.</strong></span> <span class='ocrx_word' id='word_1_334' title='bbox 897 2352 994 2388; x_wconf 90' lang='lat' dir='ltr'><strong>Quod</strong></span> <span class='ocrx_word' id='word_1_335' title='bbox 1017 2355 1045 2385; x_wconf 85' lang='lat' dir='ltr'><strong>si</strong></span> 
     </span>
     <span class='ocr_line' id='line_1_64' title="bbox 225 2392 1043 2426; baseline 0.005 -4"><span class='ocrx_word' id='word_1_336' title='bbox 225 2392 309 2423; x_wconf 89' lang='lat' dir='ltr'><strong>idem</strong></span> <span class='ocrx_word' id='word_1_337' title='bbox 330 2393 425 2423; x_wconf 88' lang='lat' dir='ltr'><strong>nobis</strong></span> <span class='ocrx_word' id='word_1_338' title='bbox 455 2394 635 2424; x_wconf 89' lang='lat' dir='ltr'><strong>obiecerint</strong></span> <span class='ocrx_word' id='word_1_339' title='bbox 663 2395 745 2425; x_wconf 87' lang='lat' dir='ltr'><strong>istae</strong></span> <span class='ocrx_word' id='word_1_340' title='bbox 774 2395 889 2426; x_wconf 88' lang='lat' dir='ltr'><strong>lamiae</strong></span> <span class='ocrx_word' id='word_1_341' title='bbox 917 2395 1043 2426; x_wconf 80' lang='lat' dir='ltr'><strong>versari</strong></span> 
     </span>
    </p>
   </div>
   <div class='ocr_carea' id='block_1_25' title="bbox 74 2518 970 2598">
    <p class='ocr_par' dir='ltr' id='par_1_25' title="bbox 74 2518 970 2598">
     <span class='ocr_line' id='line_1_65' title="bbox 75 2518 579 2550; baseline 0.004 -7"><span class='ocrx_word' id='word_1_342' title='bbox 75 2518 120 2548; x_wconf 86' lang='grc'><strong>18)</strong></span> <span class='ocrx_word' id='word_1_343' title='bbox 145 2518 298 2550; x_wconf 84' lang='lat' dir='ltr'><strong>intelligant]</strong></span> <span class='ocrx_word' id='word_1_344' title='bbox 317 2520 359 2544; x_wconf 87' lang='lat' dir='ltr'><strong>Ed.</strong></span> <span class='ocrx_word' id='word_1_345' title='bbox 379 2521 402 2544; x_wconf 80' lang='grc'><strong>2.</strong></span> <span class='ocrx_word' id='word_1_346' title='bbox 423 2520 579 2549; x_wconf 82' lang='lat' dir='ltr'><strong>intellegant.</strong></span> 
     </span>
     <span class='ocr_line' id='line_1_66' title="bbox 74 2568 970 2598; baseline 0.004 -5"><span class='ocrx_word' id='word_1_347' title='bbox 74 2568 119 2598; x_wconf 81' lang='lat'><strong>19)</strong></span> <span class='ocrx_word' id='word_1_348' title='bbox 142 2568 171 2594; x_wconf 89' lang='lat' dir='ltr'><strong>ln</strong></span> <span class='ocrx_word' id='word_1_349' title='bbox 188 2574 269 2598; x_wconf 74' lang='lat' dir='ltr'><strong>marg.</strong></span> <span class='ocrx_word' id='word_1_350' title='bbox 288 2570 358 2595; x_wconf 86' lang='lat' dir='ltr'><strong>Editt.</strong></span> <span class='ocrx_word' id='word_1_351' title='bbox 380 2571 400 2594; x_wconf 92' lang='lat' dir='ltr'><strong>l.</strong></span> <span class='ocrx_word' id='word_1_352' title='bbox 419 2571 453 2594; x_wconf 81' lang='lat'><strong>2.:</strong></span> <span class='ocrx_word' id='word_1_353' title='bbox 471 2570 611 2595; x_wconf 81' lang='lat' dir='ltr'><strong>Ridiculum</strong></span> <span class='ocrx_word' id='word_1_354' title='bbox 630 2577 743 2596; x_wconf 75' lang='lat' dir='ltr'><strong>scomma</strong></span> <span class='ocrx_word' id='word_1_355' title='bbox 762 2572 823 2596; x_wconf 85' lang='lat' dir='ltr'><strong>Eccii</strong></span> <span class='ocrx_word' id='word_1_356' title='bbox 843 2572 874 2596; x_wconf 87' lang='lat' dir='ltr'><strong>de</strong></span> <span class='ocrx_word' id='word_1_357' title='bbox 892 2573 970 2597; x_wconf 77' lang='lat' dir='ltr'><strong>Valla.</strong></span> 
     </span>
    </p>
   </div>
   <div class='ocr_carea' id='block_1_26' title="bbox 384 331 1065 366">
    <p class='ocr_par' dir='ltr' id='par_1_26' title="bbox 384 331 1065 366">
     <span class='ocr_line' id='line_1_67' title="bbox 384 331 1065 366; baseline -0.004 0"><span class='ocrx_word' id='word_1_358' title='bbox 384 336 437 366; x_wconf 93' lang='lat' dir='ltr'><strong>An</strong></span> <span class='ocrx_word' id='word_1_359' title='bbox 460 346 526 366; x_wconf 90' lang='lat' dir='ltr'><strong>non</strong></span> <span class='ocrx_word' id='word_1_360' title='bbox 549 336 613 366; x_wconf 91' lang='lat' dir='ltr'><strong>hoc</strong></span> <span class='ocrx_word' id='word_1_361' title='bbox 635 346 701 366; x_wconf 90' lang='lat' dir='ltr'><strong>uno</strong></span> <span class='ocrx_word' id='word_1_362' title='bbox 724 335 800 365; x_wconf 92' lang='grc'><strong>1000</strong></span> <span class='ocrx_word' id='word_1_363' title='bbox 813 334 1042 364; x_wconf 77' lang='lat' dir='ltr'><strong>efficacissime</strong></span> <span class='ocrx_word' id='word_1_364' title='bbox 1064 331 1065 353; x_wconf 45' lang='grc' dir='ltr'><strong>ἶ</strong></span> 
     </span>
    </p>
   </div>
   <div class='ocr_carea' id='block_1_27' title="bbox 851 962 1068 1002">
    <p class='ocr_par' dir='ltr' id='par_1_27' title="bbox 851 962 1068 1002">
     <span class='ocr_line' id='line_1_68' title="bbox 851 962 1068 1002; baseline -0.009 -10"><span class='ocrx_word' id='word_1_365' title='bbox 851 962 1045 1002; x_wconf 87' lang='lat' dir='ltr'><strong>Quanquam</strong></span> <span class='ocrx_word' id='word_1_366' title='bbox 1066 987 1068 990; x_wconf 78' lang='grc'><strong>,</strong></span> 
     </span>
    </p>
   </div>
   <div class='ocr_carea' id='block_1_28' title="bbox 1081 140 1591 188">
    <p class='ocr_par' dir='ltr' id='par_1_28' title="bbox 1081 140 1591 188">
     <span class='ocr_line' id='line_1_69' title="bbox 1081 140 1591 188; baseline -0.01 0"><span class='ocrx_word' id='word_1_367' title='bbox 1081 152 1219 188; x_wconf 74' lang='grc' dir='ltr'><strong>ΡΒιΜΑ</strong></span> <span class='ocrx_word' id='word_1_368' title='bbox 1243 155 1400 187; x_wconf 82' lang='lat' dir='ltr'><strong>EORUM</strong></span> <span class='ocrx_word' id='word_1_369' title='bbox 1422 140 1591 187; x_wconf 66' lang='lat' dir='ltr'><strong>AE’ETAS·</strong></span> 
     </span>
    </p>
   </div>
   <div class='ocr_carea' id='block_1_29' title="bbox 1064 248 1847 415">
    <p class='ocr_par' dir='ltr' id='par_1_29' title="bbox 1064 248 1847 415">
     <span class='ocr_line' id='line_1_70' title="bbox 1064 248 1601 294; baseline -0.002 -14"><span class='ocrx_word' id='word_1_370' title='bbox 1064 249 1250 294; x_wconf 54' lang='lat' dir='ltr'><strong>{hominem</strong></span> <span class='ocrx_word' id='word_1_371' title='bbox 1284 250 1538 290; x_wconf 82' lang='lat' dir='ltr'><strong>grammatistam</strong></span> <span class='ocrx_word' id='word_1_372' title='bbox 1569 248 1601 279; x_wconf 87' lang='lat' dir='ltr'><strong>in</strong></span> 
     </span>
     <span class='ocr_line' id='line_1_71' title="bbox 1064 291 1685 331; baseline -0.003 -9"><span class='ocrx_word' id='word_1_373' title='bbox 1064 295 1067 329; x_wconf 62' lang='grc' dir='ltr'>ξ</span> <span class='ocrx_word' id='word_1_374' title='bbox 1088 291 1173 326; x_wconf 84' lang='lat' dir='ltr'><strong>Quid</strong></span> <span class='ocrx_word' id='word_1_375' title='bbox 1197 292 1476 331; x_wconf 81' lang='lat' dir='ltr'><strong>responderimus,</strong></span> <span class='ocrx_word' id='word_1_376' title='bbox 1500 292 1573 328; x_wconf 88' lang='lat' dir='ltr'><strong>nisi,</strong></span> <span class='ocrx_word' id='word_1_377' title='bbox 1595 297 1631 321; x_wconf 92' lang='lat' dir='ltr'><strong>ut</strong></span> <span class='ocrx_word' id='word_1_378' title='bbox 1653 300 1685 321; x_wconf 73' lang='grc'><strong>11.</strong></span> 
     </span>
     <span class='ocr_line' id='line_1_72' title="bbox 1088 333 1729 364; baseline 0 -2"><span class='ocrx_word' id='word_1_379' title='bbox 1088 343 1156 363; x_wconf 90' lang='lat' dir='ltr'><strong>rem</strong></span> <span class='ocrx_word' id='word_1_380' title='bbox 1179 335 1361 364; x_wconf 85' lang='lat' dir='ltr'><strong>aestiment.</strong></span> <span class='ocrx_word' id='word_1_381' title='bbox 1386 333 1482 362; x_wconf 78' lang='lat' dir='ltr'><strong>Nunc</strong></span> <span class='ocrx_word' id='word_1_382' title='bbox 1505 334 1590 363; x_wconf 92' lang='lat' dir='ltr'><strong>enim</strong></span> <span class='ocrx_word' id='word_1_383' title='bbox 1601 343 1667 362; x_wconf 90' lang='lat' dir='ltr'><strong>non</strong></span> <span class='ocrx_word' id='word_1_384' title='bbox 1681 342 1729 363; x_wconf 55' lang='lat' dir='ltr'><strong>ret</strong></span> 
     </span>
     <span class='ocr_line' id='line_1_73' title="bbox 1086 375 1847 415; baseline -0.003 -11"><span class='ocrx_word' id='word_1_385' title='bbox 1086 375 1310 415; x_wconf 84' lang='lat' dir='ltr'><strong>profiteamur,</strong></span> <span class='ocrx_word' id='word_1_386' title='bbox 1333 375 1394 404; x_wconf 89' lang='lat' dir='ltr'><strong>sed</strong></span> <span class='ocrx_word' id='word_1_387' title='bbox 1417 381 1524 404; x_wconf 93' lang='lat' dir='ltr'><strong>utrum</strong></span> <span class='ocrx_word' id='word_1_388' title='bbox 1547 385 1627 405; x_wconf 71' lang='lat' dir='ltr'><strong>vera</strong></span> <span class='ocrx_word' id='word_1_389' title='bbox 1656 375 1722 404; x_wconf 88' lang='lat' dir='ltr'><strong>sint</strong></span> <span class='ocrx_word' id='word_1_390' title='bbox 1745 384 1796 415; x_wconf 71' lang='lat' dir='ltr'><strong>qu.</strong></span> <span class='ocrx_word' id='word_1_391' title='bbox 1838 394 1847 402; x_wconf 82' lang='grc'><strong>.</strong></span> 
     </span>
    </p>
   </div>
   <div class='ocr_carea' id='block_1_30' title="bbox 1063 401 1857 471">
    <p class='ocr_par' dir='ltr' id='par_1_30' title="bbox 1063 401 1857 471">
     <span class='ocr_line' id='line_1_74' title="bbox 1063 401 1857 456; baseline 0.001 -10"><span class='ocrx_word' id='word_1_392' title='bbox 1063 401 1065 447; x_wconf 66' lang='lat' dir='ltr'><strong>i</strong></span> <span class='ocrx_word' id='word_1_393' title='bbox 1087 426 1200 446; x_wconf 88' lang='lat' dir='ltr'><strong>cemus</strong></span> <span class='ocrx_word' id='word_1_394' title='bbox 1223 427 1265 446; x_wconf 89' lang='lat' dir='ltr'><strong>an</strong></span> <span class='ocrx_word' id='word_1_395' title='bbox 1289 422 1413 446; x_wconf 89' lang='lat' dir='ltr'><strong>contra.</strong></span> <span class='ocrx_word' id='word_1_396' title='bbox 1438 416 1554 456; x_wconf 88' lang='lat' dir='ltr'><strong>Neque</strong></span> <span class='ocrx_word' id='word_1_397' title='bbox 1566 417 1787 446; x_wconf 78' lang='lat' dir='ltr'><strong>veroanobis</strong></span> <span class='ocrx_word' id='word_1_398' title='bbox 1801 423 1857 447; x_wconf 49' lang='lat' dir='ltr'><strong>an,</strong></span> 
     </span>
     <span class='ocr_line' id='line_1_75' title="bbox 1063 457 1065 471; baseline 0 0"><span class='ocrx_word' id='word_1_399' title='bbox 1063 457 1065 471; x_wconf 63' lang='lat'>4</span> 
     </span>
    </p>
   </div>
   <div class='ocr_carea' id='block_1_31' title="bbox 1064 448 1923 498">
    <p class='ocr_par' dir='ltr' id='par_1_31' title="bbox 1064 448 1923 498">
     <span class='ocr_line' id='line_1_76' title="bbox 1064 448 1923 498; baseline 0.002 -10"><span class='ocrx_word' id='word_1_400' title='bbox 1064 479 1065 482; x_wconf 64' lang='lat'><strong>,</strong></span> <span class='ocrx_word' id='word_1_401' title='bbox 1087 459 1215 488; x_wconf 83' lang='lat' dir='ltr'><strong>censeri</strong></span> <span class='ocrx_word' id='word_1_402' title='bbox 1229 459 1328 488; x_wconf 87' lang='lat' dir='ltr'><strong>debet</strong></span> <span class='ocrx_word' id='word_1_403' title='bbox 1347 468 1455 488; x_wconf 86' lang='lat' dir='ltr'><strong>rerum</strong></span> <span class='ocrx_word' id='word_1_404' title='bbox 1474 468 1644 488; x_wconf 88' lang='lat' dir='ltr'><strong>sacrarum</strong></span> <span class='ocrx_word' id='word_1_405' title='bbox 1659 457 1834 498; x_wconf 69' lang='lat' dir='ltr'><strong>professio,</strong></span> <span class='ocrx_word' id='word_1_406' title='bbox 1847 448 1923 490; x_wconf 42' lang='lat' dir='ltr'><strong>niss</strong></span> 
     </span>
    </p>
   </div>
   <div class='ocr_carea' id='block_1_32' title="bbox 1063 499 1911 1270">
    <p class='ocr_par' dir='ltr' id='par_1_32' title="bbox 1063 499 1909 624">
     <span class='ocr_line' id='line_1_77' title="bbox 1064 499 1909 546; baseline 0 -16"><span class='ocrx_word' id='word_1_407' title='bbox 1064 526 1065 546; x_wconf 30' lang='lat'>¹</span> <span class='ocrx_word' id='word_1_408' title='bbox 1085 510 1151 530; x_wconf 89' lang='lat' dir='ltr'><strong>non</strong></span> <span class='ocrx_word' id='word_1_409' title='bbox 1175 509 1287 530; x_wconf 88' lang='lat' dir='ltr'><strong>sumus</strong></span> <span class='ocrx_word' id='word_1_410' title='bbox 1312 499 1499 536; x_wconf 75' lang='lat' dir='ltr'><strong>Christiani,</strong></span> <span class='ocrx_word' id='word_1_411' title='bbox 1529 500 1791 540; x_wconf 85' lang='lat' dir='ltr'><strong>quandoquidem</strong></span> <span class='ocrx_word' id='word_1_412' title='bbox 1822 511 1909 531; x_wconf 86' lang='lat' dir='ltr'><strong>com-</strong></span> 
     </span>
     <span class='ocr_line' id='line_1_78' title="bbox 1063 542 1908 572; baseline 0 0"><span class='ocrx_word' id='word_1_413' title='bbox 1063 556 1065 567; x_wconf 78' lang='grc' dir='ltr'><em>ι</em></span> <span class='ocrx_word' id='word_1_414' title='bbox 1085 542 1191 572; x_wconf 86' lang='lat' dir='ltr'><strong>munis</strong></span> <span class='ocrx_word' id='word_1_415' title='bbox 1216 542 1356 571; x_wconf 89' lang='lat' dir='ltr'><strong>omnium</strong></span> <span class='ocrx_word' id='word_1_416' title='bbox 1381 551 1457 571; x_wconf 89' lang='lat' dir='ltr'><strong>esse</strong></span> <span class='ocrx_word' id='word_1_417' title='bbox 1482 542 1580 571; x_wconf 90' lang='lat' dir='ltr'><strong>debet</strong></span> <span class='ocrx_word' id='word_1_418' title='bbox 1604 542 1790 572; x_wconf 77' lang='lat' dir='ltr'><strong>Christiana</strong></span> <span class='ocrx_word' id='word_1_419' title='bbox 1813 543 1908 572; x_wconf 85' lang='lat' dir='ltr'><strong>disci-</strong></span> 
     </span>
     <span class='ocr_line' id='line_1_79' title="bbox 1063 575 1186 624; baseline 0 -11"><span class='ocrx_word' id='word_1_420' title='bbox 1063 575 1065 623; x_wconf 64' lang='lat'>}</span> <span class='ocrx_word' id='word_1_421' title='bbox 1086 583 1186 624; x_wconf 85' lang='lat' dir='ltr'><strong>plina.</strong></span> 
     </span>
    </p>

    <p class='ocr_par' dir='ltr' id='par_1_33' title="bbox 1063 635 1911 1270">
     <span class='ocr_line' id='line_1_80' title="bbox 1063 635 1909 689; baseline 0.001 -17"><span class='ocrx_word' id='word_1_422' title='bbox 1063 635 1065 689; x_wconf 39' lang='grc' dir='ltr'>ᾗ</span> <span class='ocrx_word' id='word_1_423' title='bbox 1133 640 1238 676; x_wconf 78' lang='lat' dir='ltr'><strong>¹Quod</strong></span> <span class='ocrx_word' id='word_1_424' title='bbox 1262 642 1290 671; x_wconf 85' lang='grc'><strong>51</strong></span> <span class='ocrx_word' id='word_1_425' title='bbox 1304 641 1480 671; x_wconf 84' lang='lat' dir='ltr'><strong>voluntatis</strong></span> <span class='ocrx_word' id='word_1_426' title='bbox 1492 640 1654 672; x_wconf 86' lang='lat' dir='ltr'><strong>humanae</strong></span> <span class='ocrx_word' id='word_1_427' title='bbox 1676 644 1751 679; x_wconf 77' lang='lat' dir='ltr'><strong>vim,</strong></span> <span class='ocrx_word' id='word_1_428' title='bbox 1774 653 1834 682; x_wconf 89' lang='lat' dir='ltr'><strong>pro</strong></span> <span class='ocrx_word' id='word_1_429' title='bbox 1853 653 1909 673; x_wconf 92' lang='lat' dir='ltr'><strong>na-</strong></span> 
     </span>
     <span class='ocr_line' id='line_1_81' title="bbox 1064 684 1910 724; baseline 0.002 -11"><span class='ocrx_word' id='word_1_430' title='bbox 1064 706 1066 709; x_wconf 89' lang='grc'><strong>.</strong></span> <span class='ocrx_word' id='word_1_431' title='bbox 1089 690 1181 714; x_wconf 87' lang='lat' dir='ltr'><strong>turae</strong></span> <span class='ocrx_word' id='word_1_432' title='bbox 1195 690 1295 724; x_wconf 87' lang='lat' dir='ltr'><strong>captu</strong></span> <span class='ocrx_word' id='word_1_433' title='bbox 1306 684 1472 720; x_wconf 72' lang='lat' dir='ltr'><strong>aestimes,</strong></span> <span class='ocrx_word' id='word_1_434' title='bbox 1495 684 1609 723; x_wconf 88' lang='lat' dir='ltr'><strong>negari</strong></span> <span class='ocrx_word' id='word_1_435' title='bbox 1621 694 1686 714; x_wconf 90' lang='lat' dir='ltr'><strong>non</strong></span> <span class='ocrx_word' id='word_1_436' title='bbox 1699 690 1809 724; x_wconf 88' lang='lat' dir='ltr'><strong>potest</strong></span> <span class='ocrx_word' id='word_1_437' title='bbox 1821 685 1910 715; x_wconf 74' lang='lat' dir='ltr'><strong>iuxta</strong></span> 
     </span>
     <span class='ocr_line' id='line_1_82' title="bbox 1065 725 1909 765; baseline 0 -10"><span class='ocrx_word' id='word_1_438' title='bbox 1065 727 1066 747; x_wconf 51' lang='lat' dir='ltr'><strong>l</strong></span> <span class='ocrx_word' id='word_1_439' title='bbox 1089 726 1247 756; x_wconf 88' lang='lat' dir='ltr'><strong>rationem</strong></span> <span class='ocrx_word' id='word_1_440' title='bbox 1272 725 1462 762; x_wconf 49' lang='lat' dir='ltr'><strong>humanam,</strong></span> <span class='ocrx_word' id='word_1_441' title='bbox 1492 726 1568 765; x_wconf 87' lang='lat' dir='ltr'><strong>quin</strong></span> <span class='ocrx_word' id='word_1_442' title='bbox 1592 726 1633 755; x_wconf 90' lang='lat' dir='ltr'><strong>sit</strong></span> <span class='ocrx_word' id='word_1_443' title='bbox 1656 727 1688 756; x_wconf 90' lang='lat' dir='ltr'><strong>in</strong></span> <span class='ocrx_word' id='word_1_444' title='bbox 1713 736 1750 756; x_wconf 92' lang='lat' dir='ltr'><strong>ea</strong></span> <span class='ocrx_word' id='word_1_445' title='bbox 1773 725 1909 757; x_wconf 82' lang='lat' dir='ltr'><strong>libertas</strong></span> 
     </span>
     <span class='ocr_line' id='line_1_83' title="bbox 1066 766 1909 808; baseline 0.001 -11"><span class='ocrx_word' id='word_1_446' title='bbox 1066 766 1067 799; x_wconf 64' lang='lat' dir='ltr'><strong>i</strong></span> <span class='ocrx_word' id='word_1_447' title='bbox 1090 768 1251 808; x_wconf 87' lang='lat' dir='ltr'><strong>quaedam</strong></span> <span class='ocrx_word' id='word_1_448' title='bbox 1275 774 1483 797; x_wconf 79' lang='lat' dir='ltr'><strong>externorum</strong></span> <span class='ocrx_word' id='word_1_449' title='bbox 1513 777 1667 808; x_wconf 78' lang='lat' dir='ltr'><strong>operum.</strong></span> <span class='ocrx_word' id='word_1_450' title='bbox 1700 773 1735 798; x_wconf 89' lang='lat' dir='ltr'><strong>ut</strong></span> <span class='ocrx_word' id='word_1_451' title='bbox 1761 769 1831 808; x_wconf 80' lang='lat' dir='ltr'><strong>ipse</strong></span> <span class='ocrx_word' id='word_1_452' title='bbox 1855 778 1909 798; x_wconf 86' lang='lat' dir='ltr'><strong>ex-</strong></span> 
     </span>
     <span class='ocr_line' id='line_1_84' title="bbox 1066 809 1911 850; baseline 0.001 -11"><span class='ocrx_word' id='word_1_453' title='bbox 1066 831 1068 847; x_wconf 70' lang='lat'><strong>,</strong></span> <span class='ocrx_word' id='word_1_454' title='bbox 1089 810 1265 850; x_wconf 62' lang='lat' dir='ltr'><strong>peririsqin</strong></span> <span class='ocrx_word' id='word_1_455' title='bbox 1288 816 1452 850; x_wconf 85' lang='lat' dir='ltr'><strong>potestate</strong></span> <span class='ocrx_word' id='word_1_456' title='bbox 1475 816 1532 840; x_wconf 87' lang='lat' dir='ltr'><strong>tua</strong></span> <span class='ocrx_word' id='word_1_457' title='bbox 1555 819 1648 846; x_wconf 88' lang='lat' dir='ltr'><strong>esse,</strong></span> <span class='ocrx_word' id='word_1_458' title='bbox 1678 809 1823 840; x_wconf 90' lang='lat' dir='ltr'><strong>salutare</strong></span> <span class='ocrx_word' id='word_1_459' title='bbox 1854 810 1911 840; x_wconf 91' lang='lat' dir='ltr'><strong>ho-</strong></span> 
     </span>
     <span class='ocr_line' id='line_1_85' title="bbox 1089 851 1910 890; baseline 0.001 -9"><span class='ocrx_word' id='word_1_460' title='bbox 1089 852 1219 888; x_wconf 88' lang='lat' dir='ltr'><strong>minem,</strong></span> <span class='ocrx_word' id='word_1_461' title='bbox 1242 858 1298 882; x_wconf 89' lang='lat' dir='ltr'><strong>aut</strong></span> <span class='ocrx_word' id='word_1_462' title='bbox 1322 862 1387 882; x_wconf 90' lang='lat' dir='ltr'><strong>non</strong></span> <span class='ocrx_word' id='word_1_463' title='bbox 1411 851 1575 888; x_wconf 85' lang='lat' dir='ltr'><strong>salutare,</strong></span> <span class='ocrx_word' id='word_1_464' title='bbox 1608 853 1696 882; x_wconf 91' lang='lat' dir='ltr'><strong>indui</strong></span> <span class='ocrx_word' id='word_1_465' title='bbox 1719 851 1782 882; x_wconf 91' lang='lat' dir='ltr'><strong>hac</strong></span> <span class='ocrx_word' id='word_1_466' title='bbox 1804 858 1910 890; x_wconf 81' lang='lat' dir='ltr'><strong>veste,</strong></span> 
     </span>
     <span class='ocr_line' id='line_1_86' title="bbox 1066 893 1909 924; baseline 0.002 -2"><span class='ocrx_word' id='word_1_467' title='bbox 1066 907 1068 921; x_wconf 60' lang='grc'><strong>1</strong></span> <span class='ocrx_word' id='word_1_468' title='bbox 1090 893 1146 923; x_wconf 82' lang='lat' dir='ltr'><strong>vel</strong></span> <span class='ocrx_word' id='word_1_469' title='bbox 1169 904 1233 923; x_wconf 93' lang='lat' dir='ltr'><strong>non</strong></span> <span class='ocrx_word' id='word_1_470' title='bbox 1257 894 1355 923; x_wconf 87' lang='lat' dir='ltr'><strong>indui.</strong></span> <span class='ocrx_word' id='word_1_471' title='bbox 1379 894 1470 923; x_wconf 79' lang='lat' dir='ltr'><strong>vesci</strong></span> <span class='ocrx_word' id='word_1_472' title='bbox 1484 895 1636 924; x_wconf 86' lang='lat' dir='ltr'><strong>carnibus</strong></span> <span class='ocrx_word' id='word_1_473' title='bbox 1649 900 1703 924; x_wconf 91' lang='lat' dir='ltr'><strong>aut</strong></span> <span class='ocrx_word' id='word_1_474' title='bbox 1726 904 1792 924; x_wconf 90' lang='lat' dir='ltr'><strong>non</strong></span> <span class='ocrx_word' id='word_1_475' title='bbox 1807 895 1909 924; x_wconf 77' lang='lat' dir='ltr'><strong>vesci.</strong></span> 
     </span>
     <span class='ocr_line' id='line_1_87' title="bbox 1089 935 1910 976; baseline 0.001 -11"><span class='ocrx_word' id='word_1_476' title='bbox 1089 935 1131 965; x_wconf 83' lang='lat' dir='ltr'><strong>Et</strong></span> <span class='ocrx_word' id='word_1_477' title='bbox 1154 937 1186 965; x_wconf 91' lang='lat' dir='ltr'><strong>in</strong></span> <span class='ocrx_word' id='word_1_478' title='bbox 1208 935 1294 965; x_wconf 82' lang='lat' dir='ltr'><strong>hanc</strong></span> <span class='ocrx_word' id='word_1_479' title='bbox 1318 942 1526 966; x_wconf 83' lang='lat' dir='ltr'><strong>externorum</strong></span> <span class='ocrx_word' id='word_1_480' title='bbox 1554 946 1691 975; x_wconf 86' lang='lat' dir='ltr'><strong>opermn</strong></span> <span class='ocrx_word' id='word_1_481' title='bbox 1720 937 1910 976; x_wconf 84' lang='lat' dir='ltr'><strong>contingen-</strong></span> 
     </span>
     <span class='ocr_line' id='line_1_88' title="bbox 1090 976 1911 1018; baseline 0.001 -11"><span class='ocrx_word' id='word_1_482' title='bbox 1090 978 1166 1007; x_wconf 85' lang='lat' dir='ltr'><strong>tiam</strong></span> <span class='ocrx_word' id='word_1_483' title='bbox 1197 977 1379 1007; x_wconf 69' lang='lat' dir='ltr'><strong>deffflerunt</strong></span> <span class='ocrx_word' id='word_1_484' title='bbox 1409 976 1524 1007; x_wconf 87' lang='lat' dir='ltr'><strong>oculos</strong></span> <span class='ocrx_word' id='word_1_485' title='bbox 1554 976 1828 1017; x_wconf 86' lang='lat' dir='ltr'><strong>philosophastri,</strong></span> <span class='ocrx_word' id='word_1_486' title='bbox 1857 979 1911 1018; x_wconf 86' lang='lat' dir='ltr'><strong>qui</strong></span> 
     </span>
     <span class='ocr_line' id='line_1_89' title="bbox 1090 1018 1911 1060; baseline 0.002 -12"><span class='ocrx_word' id='word_1_487' title='bbox 1090 1018 1275 1049; x_wconf 87' lang='lat' dir='ltr'><strong>libertatem</strong></span> <span class='ocrx_word' id='word_1_488' title='bbox 1298 1018 1636 1049; x_wconf 71' lang='lat' dir='ltr'><strong>voluntatiitribuere.</strong></span> <span class='ocrx_word' id='word_1_489' title='bbox 1682 1019 1804 1050; x_wconf 90' lang='lat' dir='ltr'><strong>Verum</strong></span> <span class='ocrx_word' id='word_1_490' title='bbox 1835 1021 1911 1060; x_wconf 90' lang='lat' dir='ltr'><strong>quia</strong></span> 
     </span>
     <span class='ocr_line' id='line_1_90' title="bbox 1091 1061 1910 1101; baseline 0.002 -11"><span class='ocrx_word' id='word_1_491' title='bbox 1091 1061 1172 1091; x_wconf 85' lang='lat' dir='ltr'><strong>deus</strong></span> <span class='ocrx_word' id='word_1_492' title='bbox 1184 1071 1249 1091; x_wconf 90' lang='lat' dir='ltr'><strong>non</strong></span> <span class='ocrx_word' id='word_1_493' title='bbox 1263 1061 1395 1101; x_wconf 83' lang='lat' dir='ltr'><strong>respicit</strong></span> <span class='ocrx_word' id='word_1_494' title='bbox 1410 1071 1511 1101; x_wconf 88' lang='lat' dir='ltr'><strong>opera</strong></span> <span class='ocrx_word' id='word_1_495' title='bbox 1524 1067 1670 1098; x_wconf 77' lang='lat' dir='ltr'><strong>externa,</strong></span> <span class='ocrx_word' id='word_1_496' title='bbox 1689 1062 1748 1092; x_wconf 87' lang='lat' dir='ltr'><strong>sed</strong></span> <span class='ocrx_word' id='word_1_497' title='bbox 1763 1063 1910 1092; x_wconf 85' lang='lat' dir='ltr'><strong>internos</strong></span> 
     </span>
     <span class='ocr_line' id='line_1_91' title="bbox 1091 1103 1911 1144; baseline 0.001 -11"><span class='ocrx_word' id='word_1_498' title='bbox 1091 1104 1201 1133; x_wconf 86' lang='lat' dir='ltr'><strong>cordis</strong></span> <span class='ocrx_word' id='word_1_499' title='bbox 1225 1108 1345 1140; x_wconf 88' lang='lat' dir='ltr'><strong>motus,</strong></span> <span class='ocrx_word' id='word_1_500' title='bbox 1369 1103 1442 1132; x_wconf 91' lang='lat' dir='ltr'><strong>ideo</strong></span> <span class='ocrx_word' id='word_1_501' title='bbox 1467 1104 1629 1143; x_wconf 85' lang='lat' dir='ltr'><strong>scriptura</strong></span> <span class='ocrx_word' id='word_1_502' title='bbox 1660 1103 1739 1134; x_wconf 82' lang='lat' dir='ltr'><strong>nihil</strong></span> <span class='ocrx_word' id='word_1_503' title='bbox 1770 1105 1911 1144; x_wconf 90' lang='lat' dir='ltr'><strong>prodidit</strong></span> 
     </span>
     <span class='ocr_line' id='line_1_92' title="bbox 1066 1143 1911 1186; baseline 0.001 -11"><span class='ocrx_word' id='word_1_504' title='bbox 1066 1170 1067 1184; x_wconf 29' lang='lat'>¹</span> <span class='ocrx_word' id='word_1_505' title='bbox 1091 1145 1131 1175; x_wconf 90' lang='lat' dir='ltr'><strong>de</strong></span> <span class='ocrx_word' id='word_1_506' title='bbox 1154 1145 1216 1175; x_wconf 91' lang='lat' dir='ltr'><strong>ista</strong></span> <span class='ocrx_word' id='word_1_507' title='bbox 1239 1143 1401 1175; x_wconf 84' lang='lat' dir='ltr'><strong>libertate.</strong></span> <span class='ocrx_word' id='word_1_508' title='bbox 1432 1144 1496 1179; x_wconf 87' lang='lat' dir='ltr'><strong>Qui</strong></span> <span class='ocrx_word' id='word_1_509' title='bbox 1520 1151 1656 1176; x_wconf 75' lang='lat' dir='ltr'><strong>externa</strong></span> <span class='ocrx_word' id='word_1_510' title='bbox 1679 1151 1709 1175; x_wconf 87' lang='lat' dir='ltr'><strong>et</strong></span> <span class='ocrx_word' id='word_1_511' title='bbox 1733 1152 1911 1186; x_wconf 87' lang='lat' dir='ltr'><strong>personata</strong></span> 
     </span>
     <span class='ocr_line' id='line_1_93' title="bbox 1090 1186 1911 1228; baseline 0.001 -11"><span class='ocrx_word' id='word_1_512' title='bbox 1090 1188 1229 1227; x_wconf 89' lang='lat' dir='ltr'><strong>quadam</strong></span> <span class='ocrx_word' id='word_1_513' title='bbox 1253 1186 1408 1217; x_wconf 30' lang='lat' dir='ltr'><strong>civilttate</strong></span> <span class='ocrx_word' id='word_1_514' title='bbox 1432 1197 1541 1217; x_wconf 85' lang='lat' dir='ltr'><strong>mores</strong></span> <span class='ocrx_word' id='word_1_515' title='bbox 1559 1187 1697 1228; x_wconf 84' lang='lat' dir='ltr'><strong>fingunt,</strong></span> <span class='ocrx_word' id='word_1_516' title='bbox 1726 1188 1911 1218; x_wconf 88' lang='lat' dir='ltr'><strong>huiusmodi</strong></span> 
     </span>
     <span class='ocr_line' id='line_1_94' title="bbox 1089 1229 1911 1270; baseline 0.002 -11"><span class='ocrx_word' id='word_1_517' title='bbox 1089 1229 1274 1260; x_wconf 91' lang='lat' dir='ltr'><strong>libertatem</strong></span> <span class='ocrx_word' id='word_1_518' title='bbox 1298 1229 1571 1270; x_wconf 67' lang='grc' dir='ltr'><strong>(100001,ἕο010110</strong></span> <span class='ocrx_word' id='word_1_519' title='bbox 1586 1229 1775 1270; x_wconf 89' lang='lat' dir='ltr'><strong>philosophi</strong></span> <span class='ocrx_word' id='word_1_520' title='bbox 1798 1241 1838 1260; x_wconf 87' lang='grc'><strong>30</strong></span> <span class='ocrx_word' id='word_1_521' title='bbox 1862 1240 1911 1261; x_wconf 89' lang='lat' dir='ltr'><strong>re-</strong></span> 
     </span>
    </p>
   </div>
   <div class='ocr_carea' id='block_1_33' title="bbox 1090 1270 1510 1312">
    <p class='ocr_par' dir='ltr' id='par_1_34' title="bbox 1090 1270 1510 1312">
     <span class='ocr_line' id='line_1_95' title="bbox 1090 1270 1510 1312; baseline 0 -10"><span class='ocrx_word' id='word_1_522' title='bbox 1090 1272 1254 1302; x_wconf 88' lang='lat' dir='ltr'><strong>centiores</strong></span> <span class='ocrx_word' id='word_1_523' title='bbox 1278 1270 1510 1312; x_wconf 84' lang='lat' dir='ltr'><strong>theologistae.</strong></span> 
     </span>
    </p>
   </div>
   <div class='ocr_carea' id='block_1_34' title="bbox 1066 995 1068 1048">
    <p class='ocr_par' dir='ltr' id='par_1_35' title="bbox 1066 995 1068 1048">
     <span class='ocr_line' id='line_1_96' title="bbox 1066 995 1068 1003; baseline 0 0"><span class='ocrx_word' id='word_1_524' title='bbox 1066 995 1068 1003; x_wconf 58' lang='lat' dir='ltr'><em>r</em></span> 
     </span>
     <span class='ocr_line' id='line_1_97' title="bbox 1066 1030 1067 1037; baseline 0 0"><span class='ocrx_word' id='word_1_525' title='bbox 1066 1030 1067 1037; x_wconf 63' lang='lat' dir='ltr'><strong>t</strong></span> 
     </span>
     <span class='ocr_line' id='line_1_98' title="bbox 1066 1039 1068 1048; baseline 0 0"><span class='ocrx_word' id='word_1_526' title='bbox 1066 1039 1068 1048; x_wconf 68' lang='lat'>&gt;</span> 
     </span>
    </p>
   </div>
   <div class='ocr_carea' id='block_1_35' title="bbox 1065 1215 1067 1230">
    <p class='ocr_par' dir='ltr' id='par_1_36' title="bbox 1065 1215 1067 1230">
     <span class='ocr_line' id='line_1_99' title="bbox 1065 1215 1067 1230; baseline 0 0"><span class='ocrx_word' id='word_1_527' title='bbox 1065 1215 1067 1230; x_wconf 67' lang='lat' dir='ltr'><strong>i</strong></span> 
     </span>
    </p>
   </div>
   <div class='ocr_carea' id='block_1_36' title="bbox 1065 1331 1913 2206">
    <p class='ocr_par' dir='ltr' id='par_1_37' title="bbox 1065 1331 1913 2206">
     <span class='ocr_line' id='line_1_100' title="bbox 1134 1331 1912 1373; baseline 0.001 -11"><span class='ocrx_word' id='word_1_528' title='bbox 1134 1332 1266 1370; x_wconf 76' lang='lat' dir='ltr'><strong>Contra,</strong></span> <span class='ocrx_word' id='word_1_529' title='bbox 1290 1332 1407 1363; x_wconf 89' lang='lat' dir='ltr'><strong>interni</strong></span> <span class='ocrx_word' id='word_1_530' title='bbox 1431 1331 1592 1370; x_wconf 82' lang='lat' dir='ltr'><strong>adfectus,</strong></span> <span class='ocrx_word' id='word_1_531' title='bbox 1615 1343 1682 1362; x_wconf 89' lang='lat' dir='ltr'><strong>non</strong></span> <span class='ocrx_word' id='word_1_532' title='bbox 1701 1338 1776 1363; x_wconf 82' lang='lat' dir='ltr'><strong>sunt</strong></span> <span class='ocrx_word' id='word_1_533' title='bbox 1799 1334 1831 1363; x_wconf 92' lang='lat' dir='ltr'><strong>in</strong></span> <span class='ocrx_word' id='word_1_534' title='bbox 1853 1343 1912 1373; x_wconf 91' lang='lat' dir='ltr'><strong>po-</strong></span> 
     </span>
     <span class='ocr_line' id='line_1_101' title="bbox 1089 1375 1912 1416; baseline 0.004 -13"><span class='ocrx_word' id='word_1_535' title='bbox 1089 1380 1209 1405; x_wconf 82' lang='lat' dir='ltr'><strong>testate</strong></span> <span class='ocrx_word' id='word_1_536' title='bbox 1228 1381 1352 1412; x_wconf 74' lang='lat' dir='ltr'><strong>nostra,</strong></span> <span class='ocrx_word' id='word_1_537' title='bbox 1364 1375 1574 1415; x_wconf 81' lang='lat' dir='ltr'><strong>Experientia</strong></span> <span class='ocrx_word' id='word_1_538' title='bbox 1587 1375 1671 1405; x_wconf 91' lang='lat' dir='ltr'><strong>enim</strong></span> <span class='ocrx_word' id='word_1_539' title='bbox 1683 1385 1812 1416; x_wconf 89' lang='lat' dir='ltr'><strong>usuque</strong></span> <span class='ocrx_word' id='word_1_540' title='bbox 1825 1386 1912 1406; x_wconf 89' lang='lat' dir='ltr'><strong>com-</strong></span> 
     </span>
     <span class='ocr_line' id='line_1_102' title="bbox 1089 1416 1912 1458; baseline 0.002 -12"><span class='ocrx_word' id='word_1_541' title='bbox 1089 1418 1232 1457; x_wconf 81' lang='lat' dir='ltr'><strong>perimus</strong></span> <span class='ocrx_word' id='word_1_542' title='bbox 1256 1427 1321 1447; x_wconf 90' lang='lat' dir='ltr'><strong>non</strong></span> <span class='ocrx_word' id='word_1_543' title='bbox 1344 1427 1445 1457; x_wconf 85' lang='lat' dir='ltr'><strong>posse</strong></span> <span class='ocrx_word' id='word_1_544' title='bbox 1468 1416 1671 1447; x_wconf 88' lang='lat' dir='ltr'><strong>voluntatem</strong></span> <span class='ocrx_word' id='word_1_545' title='bbox 1702 1427 1763 1448; x_wconf 84' lang='lat' dir='ltr'><strong>sua</strong></span> <span class='ocrx_word' id='word_1_546' title='bbox 1793 1423 1912 1458; x_wconf 87' lang='lat' dir='ltr'><strong>sponte</strong></span> 
     </span>
     <span class='ocr_line' id='line_1_103' title="bbox 1089 1458 1912 1499; baseline 0.001 -10"><span class='ocrx_word' id='word_1_547' title='bbox 1089 1469 1212 1499; x_wconf 87' lang='lat' dir='ltr'><strong>ponere</strong></span> <span class='ocrx_word' id='word_1_548' title='bbox 1231 1469 1386 1496; x_wconf 80' lang='lat' dir='ltr'><strong>amorem,</strong></span> <span class='ocrx_word' id='word_1_549' title='bbox 1400 1460 1519 1496; x_wconf 86' lang='lat' dir='ltr'><strong>odium,</strong></span> <span class='ocrx_word' id='word_1_550' title='bbox 1539 1465 1594 1489; x_wconf 92' lang='lat' dir='ltr'><strong>aut</strong></span> <span class='ocrx_word' id='word_1_551' title='bbox 1607 1459 1730 1490; x_wconf 89' lang='lat' dir='ltr'><strong>similes</strong></span> <span class='ocrx_word' id='word_1_552' title='bbox 1751 1458 1912 1498; x_wconf 87' lang='lat' dir='ltr'><strong>adfectus,</strong></span> 
     </span>
     <span class='ocr_line' id='line_1_104' title="bbox 1065 1500 1913 1543; baseline 0.001 -12"><span class='ocrx_word' id='word_1_553' title='bbox 1065 1509 1067 1524; x_wconf 48' lang='grc'><strong>1</strong></span> <span class='ocrx_word' id='word_1_554' title='bbox 1090 1500 1324 1539; x_wconf 69' lang='grc' dir='ltr'><strong>5οᾱ]3(11’00105</strong></span> <span class='ocrx_word' id='word_1_555' title='bbox 1337 1501 1470 1532; x_wconf 87' lang='lat' dir='ltr'><strong>adfectu</strong></span> <span class='ocrx_word' id='word_1_556' title='bbox 1482 1501 1633 1538; x_wconf 69' lang='lat' dir='ltr'><strong>w‘ncitur,</strong></span> <span class='ocrx_word' id='word_1_557' title='bbox 1656 1508 1691 1532; x_wconf 91' lang='lat' dir='ltr'><strong>ut</strong></span> <span class='ocrx_word' id='word_1_558' title='bbox 1704 1502 1778 1543; x_wconf 85' lang='lat' dir='ltr'><strong>quia</strong></span> <span class='ocrx_word' id='word_1_559' title='bbox 1800 1501 1913 1532; x_wconf 89' lang='lat' dir='ltr'><strong>laesus</strong></span> 
     </span>
     <span class='ocr_line' id='line_1_105' title="bbox 1065 1538 1913 1584; baseline 0.002 -11"><span class='ocrx_word' id='word_1_560' title='bbox 1065 1538 1068 1583; x_wconf 66' lang='grc' dir='ltr'>ξ</span> <span class='ocrx_word' id='word_1_561' title='bbox 1091 1553 1127 1573; x_wconf 89' lang='grc'><strong>05</strong></span> <span class='ocrx_word' id='word_1_562' title='bbox 1150 1544 1191 1573; x_wconf 90' lang='lat' dir='ltr'><strong>ab</strong></span> <span class='ocrx_word' id='word_1_563' title='bbox 1205 1553 1244 1573; x_wconf 91' lang='lat' dir='ltr'><strong>eo</strong></span> <span class='ocrx_word' id='word_1_564' title='bbox 1258 1554 1356 1584; x_wconf 93' lang='lat' dir='ltr'><strong>quem</strong></span> <span class='ocrx_word' id='word_1_565' title='bbox 1367 1544 1513 1580; x_wconf 82' lang='lat' dir='ltr'><strong>amabas,</strong></span> <span class='ocrx_word' id='word_1_566' title='bbox 1537 1554 1646 1574; x_wconf 88' lang='lat' dir='ltr'><strong>amare</strong></span> <span class='ocrx_word' id='word_1_567' title='bbox 1671 1545 1804 1575; x_wconf 88' lang='lat' dir='ltr'><strong>desinis.</strong></span> <span class='ocrx_word' id='word_1_568' title='bbox 1828 1544 1913 1575; x_wconf 82' lang='lat' dir='ltr'><strong>Nam</strong></span> 
     </span>
     <span class='ocr_line' id='line_1_106' title="bbox 1089 1586 1912 1627; baseline 0.002 -12"><span class='ocrx_word' id='word_1_569' title='bbox 1089 1591 1121 1615; x_wconf 86' lang='lat' dir='ltr'><strong>te</strong></span> <span class='ocrx_word' id='word_1_570' title='bbox 1152 1586 1337 1623; x_wconf 75' lang='lat' dir='ltr'><strong>ardentius,</strong></span> <span class='ocrx_word' id='word_1_571' title='bbox 1368 1596 1464 1627; x_wconf 89' lang='lat' dir='ltr'><strong>quam</strong></span> <span class='ocrx_word' id='word_1_572' title='bbox 1488 1587 1635 1626; x_wconf 79' lang='grc'><strong>(10010115</strong></span> <span class='ocrx_word' id='word_1_573' title='bbox 1666 1586 1781 1623; x_wconf 87' lang='grc'><strong>311010,</strong></span> <span class='ocrx_word' id='word_1_574' title='bbox 1810 1596 1912 1617; x_wconf 82' lang='grc'><strong>31035.</strong></span> 
     </span>
     <span class='ocr_line' id='line_1_107' title="bbox 1089 1627 1912 1670; baseline 0.002 -13"><span class='ocrx_word' id='word_1_575' title='bbox 1089 1627 1161 1657; x_wconf 78' lang='lat' dir='ltr'><strong>Nec</strong></span> <span class='ocrx_word' id='word_1_576' title='bbox 1184 1628 1313 1658; x_wconf 88' lang='lat' dir='ltr'><strong>audiam</strong></span> <span class='ocrx_word' id='word_1_577' title='bbox 1338 1628 1527 1669; x_wconf 83' lang='lat' dir='ltr'><strong>Sophistas,</strong></span> <span class='ocrx_word' id='word_1_578' title='bbox 1552 1629 1579 1658; x_wconf 91' lang='lat' dir='ltr'><strong>si</strong></span> <span class='ocrx_word' id='word_1_579' title='bbox 1602 1635 1724 1669; x_wconf 81' lang='lat' dir='ltr'><strong>negent</strong></span> <span class='ocrx_word' id='word_1_580' title='bbox 1746 1630 1912 1670; x_wconf 86' lang='lat' dir='ltr'><strong>pertinere</strong></span> 
     </span>
     <span class='ocr_line' id='line_1_108' title="bbox 1090 1669 1911 1708; baseline 0.002 -9"><span class='ocrx_word' id='word_1_581' title='bbox 1090 1670 1132 1699; x_wconf 92' lang='lat' dir='ltr'><strong>ad</strong></span> <span class='ocrx_word' id='word_1_582' title='bbox 1155 1669 1357 1700; x_wconf 85' lang='lat' dir='ltr'><strong>voluntatem</strong></span> <span class='ocrx_word' id='word_1_583' title='bbox 1380 1669 1530 1701; x_wconf 84' lang='lat' dir='ltr'><strong>adfectus</strong></span> <span class='ocrx_word' id='word_1_584' title='bbox 1553 1670 1732 1708; x_wconf 82' lang='lat' dir='ltr'><strong>humanos,</strong></span> <span class='ocrx_word' id='word_1_585' title='bbox 1756 1681 1911 1708; x_wconf 86' lang='lat' dir='ltr'><strong>amorem,</strong></span> 
     </span>
     <span class='ocr_line' id='line_1_109' title="bbox 1091 1711 1913 1752; baseline 0.005 -12"><span class='ocrx_word' id='word_1_586' title='bbox 1091 1711 1210 1748; x_wconf 87' lang='lat' dir='ltr'><strong>odium,</strong></span> <span class='ocrx_word' id='word_1_587' title='bbox 1223 1712 1387 1752; x_wconf 87' lang='lat' dir='ltr'><strong>gaudium,</strong></span> <span class='ocrx_word' id='word_1_588' title='bbox 1397 1716 1400 1746; x_wconf 63' lang='lat' dir='ltr'><strong>i</strong></span> <span class='ocrx_word' id='word_1_589' title='bbox 1413 1722 1608 1750; x_wconf 84' lang='lat' dir='ltr'><strong>moerorem,</strong></span> <span class='ocrx_word' id='word_1_590' title='bbox 1618 1713 1838 1751; x_wconf 75' lang='lat' dir='ltr'><strong>invidentiam,</strong></span> <span class='ocrx_word' id='word_1_591' title='bbox 1848 1723 1913 1744; x_wconf 88' lang='lat' dir='ltr'><strong>am·</strong></span> 
     </span>
     <span class='ocr_line' id='line_1_110' title="bbox 1066 1754 1913 1791; baseline 0.004 -8"><span class='ocrx_word' id='word_1_592' title='bbox 1066 1754 1264 1790; x_wconf 63' lang='lat' dir='ltr'><strong>{bitionem,</strong></span> <span class='ocrx_word' id='word_1_593' title='bbox 1298 1759 1330 1784; x_wconf 89' lang='lat' dir='ltr'><strong>et</strong></span> <span class='ocrx_word' id='word_1_594' title='bbox 1359 1754 1499 1791; x_wconf 86' lang='lat' dir='ltr'><strong>similes,</strong></span> <span class='ocrx_word' id='word_1_595' title='bbox 1528 1754 1609 1785; x_wconf 90' lang='lat' dir='ltr'><strong>nihil</strong></span> <span class='ocrx_word' id='word_1_596' title='bbox 1637 1756 1723 1786; x_wconf 91' lang='lat' dir='ltr'><strong>enim</strong></span> <span class='ocrx_word' id='word_1_597' title='bbox 1754 1766 1841 1786; x_wconf 88' lang='grc'><strong>00110</strong></span> <span class='ocrx_word' id='word_1_598' title='bbox 1872 1756 1913 1786; x_wconf 86' lang='grc'><strong>(10</strong></span> 
     </span>
     <span class='ocr_line' id='line_1_111' title="bbox 1091 1793 1912 1832; baseline 0.004 -7"><span class='ocrx_word' id='word_1_599' title='bbox 1091 1793 1187 1832; x_wconf 85' lang='lat' dir='ltr'><strong>fame,</strong></span> <span class='ocrx_word' id='word_1_600' title='bbox 1211 1801 1267 1826; x_wconf 90' lang='lat' dir='ltr'><strong>aut</strong></span> <span class='ocrx_word' id='word_1_601' title='bbox 1289 1796 1340 1826; x_wconf 87' lang='lat' dir='ltr'><strong>siti</strong></span> <span class='ocrx_word' id='word_1_602' title='bbox 1372 1797 1498 1827; x_wconf 86' lang='lat' dir='ltr'><strong>dicitur.</strong></span> <span class='ocrx_word' id='word_1_603' title='bbox 1545 1796 1631 1832; x_wconf 85' lang='lat' dir='ltr'><strong>Quid</strong></span> <span class='ocrx_word' id='word_1_604' title='bbox 1660 1798 1744 1828; x_wconf 92' lang='lat' dir='ltr'><strong>enim</strong></span> <span class='ocrx_word' id='word_1_605' title='bbox 1775 1804 1825 1827; x_wconf 86' lang='lat' dir='ltr'><strong>est</strong></span> <span class='ocrx_word' id='word_1_606' title='bbox 1855 1808 1912 1828; x_wconf 85' lang='lat' dir='ltr'><strong>vo-</strong></span> 
     </span>
     <span class='ocr_line' id='line_1_112' title="bbox 1090 1836 1913 1875; baseline 0.004 -8"><span class='ocrx_word' id='word_1_607' title='bbox 1090 1836 1213 1875; x_wconf 85' lang='lat' dir='ltr'><strong>luntas,</strong></span> <span class='ocrx_word' id='word_1_608' title='bbox 1237 1839 1265 1868; x_wconf 89' lang='lat' dir='ltr'><strong>si</strong></span> <span class='ocrx_word' id='word_1_609' title='bbox 1288 1848 1353 1868; x_wconf 90' lang='lat' dir='ltr'><strong>non</strong></span> <span class='ocrx_word' id='word_1_610' title='bbox 1377 1837 1565 1869; x_wconf 86' lang='lat' dir='ltr'><strong>adfectuum</strong></span> <span class='ocrx_word' id='word_1_611' title='bbox 1588 1838 1662 1869; x_wconf 89' lang='lat' dir='ltr'><strong>fons</strong></span> <span class='ocrx_word' id='word_1_612' title='bbox 1687 1839 1760 1869; x_wconf 77' lang='lat' dir='ltr'><strong>est?</strong></span> <span class='ocrx_word' id='word_1_613' title='bbox 1788 1839 1829 1870; x_wconf 90' lang='lat' dir='ltr'><strong>Et</strong></span> <span class='ocrx_word' id='word_1_614' title='bbox 1854 1850 1913 1870; x_wconf 90' lang='lat' dir='ltr'><strong>cur</strong></span> 
     </span>
     <span class='ocr_line' id='line_1_113' title="bbox 1090 1879 1913 1919; baseline 0.006 -11"><span class='ocrx_word' id='word_1_615' title='bbox 1090 1889 1156 1909; x_wconf 90' lang='grc'><strong>0011</strong></span> <span class='ocrx_word' id='word_1_616' title='bbox 1179 1890 1239 1919; x_wconf 86' lang='lat' dir='ltr'><strong>pro</strong></span> <span class='ocrx_word' id='word_1_617' title='bbox 1262 1879 1440 1911; x_wconf 77' lang='lat' dir='ltr'><strong>voluntatis</strong></span> <span class='ocrx_word' id='word_1_618' title='bbox 1464 1881 1628 1911; x_wconf 86' lang='lat' dir='ltr'><strong>vocabulo</strong></span> <span class='ocrx_word' id='word_1_619' title='bbox 1652 1882 1763 1912; x_wconf 87' lang='lat' dir='ltr'><strong>cordis</strong></span> <span class='ocrx_word' id='word_1_620' title='bbox 1793 1893 1913 1913; x_wconf 90' lang='lat' dir='ltr'><strong>nomen</strong></span> 
     </span>
     <span class='ocr_line' id='line_1_114' title="bbox 1090 1922 1911 1965; baseline 0.005 -14"><span class='ocrx_word' id='word_1_621' title='bbox 1090 1922 1363 1962; x_wconf 70' lang='lat' dir='ltr'><strong>usmpamus220)</strong></span> <span class='ocrx_word' id='word_1_622' title='bbox 1409 1922 1576 1964; x_wconf 89' lang='lat' dir='ltr'><strong>Siquidem</strong></span> <span class='ocrx_word' id='word_1_623' title='bbox 1597 1924 1759 1964; x_wconf 87' lang='lat' dir='ltr'><strong>scriptura</strong></span> <span class='ocrx_word' id='word_1_624' title='bbox 1781 1926 1911 1965; x_wconf 90' lang='lat' dir='ltr'><strong>potissi-</strong></span> 
     </span>
     <span class='ocr_line' id='line_1_115' title="bbox 1090 1963 1912 2008; baseline 0.004 -14"><span class='ocrx_word' id='word_1_625' title='bbox 1090 1974 1175 1994; x_wconf 93' lang='lat' dir='ltr'><strong>mam</strong></span> <span class='ocrx_word' id='word_1_626' title='bbox 1197 1963 1338 1995; x_wconf 90' lang='lat' dir='ltr'><strong>hominis</strong></span> <span class='ocrx_word' id='word_1_627' title='bbox 1366 1971 1495 2005; x_wconf 89' lang='lat' dir='ltr'><strong>partem</strong></span> <span class='ocrx_word' id='word_1_628' title='bbox 1524 1976 1582 1996; x_wconf 88' lang='lat' dir='ltr'><strong>cor</strong></span> <span class='ocrx_word' id='word_1_629' title='bbox 1611 1972 1726 2003; x_wconf 85' lang='lat' dir='ltr'><strong>vocat,</strong></span> <span class='ocrx_word' id='word_1_630' title='bbox 1761 1967 1912 2008; x_wconf 87' lang='lat' dir='ltr'><strong>adeoque</strong></span> 
     </span>
     <span class='ocr_line' id='line_1_116' title="bbox 1091 2006 1911 2047; baseline 0.005 -11"><span class='ocrx_word' id='word_1_631' title='bbox 1091 2015 1163 2036; x_wconf 88' lang='lat' dir='ltr'><strong>eam</strong></span> <span class='ocrx_word' id='word_1_632' title='bbox 1185 2007 1218 2036; x_wconf 90' lang='lat' dir='ltr'><strong>in</strong></span> <span class='ocrx_word' id='word_1_633' title='bbox 1242 2017 1306 2047; x_wconf 90' lang='lat' dir='ltr'><strong>qua</strong></span> <span class='ocrx_word' id='word_1_634' title='bbox 1329 2013 1510 2038; x_wconf 89' lang='lat' dir='ltr'><strong>nascuntur</strong></span> <span class='ocrx_word' id='word_1_635' title='bbox 1525 2006 1686 2038; x_wconf 85' lang='lat' dir='ltr'><strong>adfectus.</strong></span> <span class='ocrx_word' id='word_1_636' title='bbox 1711 2008 1842 2039; x_wconf 89' lang='lat' dir='ltr'><strong>Fallunt</strong></span> <span class='ocrx_word' id='word_1_637' title='bbox 1855 2020 1911 2040; x_wconf 90' lang='lat' dir='ltr'><strong>au-</strong></span> 
     </span>
     <span class='ocr_line' id='line_1_117' title="bbox 1090 2048 1912 2092; baseline 0.005 -14"><span class='ocrx_word' id='word_1_638' title='bbox 1090 2054 1155 2078; x_wconf 92' lang='lat' dir='ltr'><strong>tem</strong></span> <span class='ocrx_word' id='word_1_639' title='bbox 1189 2048 1326 2079; x_wconf 88' lang='lat' dir='ltr'><strong>scholae</strong></span> <span class='ocrx_word' id='word_1_640' title='bbox 1361 2060 1434 2080; x_wconf 88' lang='lat' dir='ltr'><strong>cum</strong></span> <span class='ocrx_word' id='word_1_641' title='bbox 1468 2049 1593 2091; x_wconf 88' lang='lat' dir='ltr'><strong>fingunt</strong></span> <span class='ocrx_word' id='word_1_642' title='bbox 1626 2050 1828 2082; x_wconf 86' lang='lat' dir='ltr'><strong>voluntatem</strong></span> <span class='ocrx_word' id='word_1_643' title='bbox 1851 2061 1912 2092; x_wconf 88' lang='lat' dir='ltr'><strong>per</strong></span> 
     </span>
     <span class='ocr_line' id='line_1_118' title="bbox 1089 2091 1910 2134; baseline 0.005 -14"><span class='ocrx_word' id='word_1_644' title='bbox 1089 2097 1239 2121; x_wconf 90' lang='lat' dir='ltr'><strong>naturam</strong></span> <span class='ocrx_word' id='word_1_645' title='bbox 1245 2101 1338 2121; x_wconf 89' lang='lat' dir='ltr'><strong>suam</strong></span> <span class='ocrx_word' id='word_1_646' title='bbox 1345 2092 1515 2123; x_wconf 89' lang='lat' dir='ltr'><strong>adversari</strong></span> <span class='ocrx_word' id='word_1_647' title='bbox 1526 2097 1529 2115; x_wconf 69' lang='lat'><em>³</em></span> <span class='ocrx_word' id='word_1_648' title='bbox 1539 2091 1735 2131; x_wconf 85' lang='lat' dir='ltr'><strong>adfectibus,</strong></span> <span class='ocrx_word' id='word_1_649' title='bbox 1746 2099 1800 2124; x_wconf 90' lang='lat' dir='ltr'><strong>aut</strong></span> <span class='ocrx_word' id='word_1_650' title='bbox 1808 2103 1910 2134; x_wconf 88' lang='lat' dir='ltr'><strong>posse</strong></span> 
     </span>
     <span class='ocr_line' id='line_1_119' title="bbox 1089 2132 1910 2176; baseline 0.006 -14"><span class='ocrx_word' id='word_1_651' title='bbox 1089 2143 1213 2173; x_wconf 89' lang='lat' dir='ltr'><strong>ponere</strong></span> <span class='ocrx_word' id='word_1_652' title='bbox 1235 2132 1411 2172; x_wconf 89' lang='lat' dir='ltr'><strong>adfectum,</strong></span> <span class='ocrx_word' id='word_1_653' title='bbox 1435 2136 1564 2176; x_wconf 90' lang='lat' dir='ltr'><strong>quoties</strong></span> <span class='ocrx_word' id='word_1_654' title='bbox 1582 2135 1647 2166; x_wconf 87' lang='lat' dir='ltr'><strong>hoc</strong></span> <span class='ocrx_word' id='word_1_655' title='bbox 1664 2142 1774 2166; x_wconf 88' lang='lat' dir='ltr'><strong>monet</strong></span> <span class='ocrx_word' id='word_1_656' title='bbox 1791 2145 1910 2167; x_wconf 88' lang='lat' dir='ltr'><strong>consu·</strong></span> 
     </span>
     <span class='ocr_line' id='line_1_120' title="bbox 1088 2175 1391 2206; baseline 0.003 -1"><span class='ocrx_word' id='word_1_657' title='bbox 1088 2175 1169 2205; x_wconf 89' lang='lat' dir='ltr'><strong>litve</strong></span> <span class='ocrx_word' id='word_1_658' title='bbox 1190 2175 1391 2206; x_wconf 86' lang='lat' dir='ltr'><strong>intellectus.</strong></span> 
     </span>
    </p>
   </div>
   <div class='ocr_carea' id='block_1_37' title="bbox 1089 2233 1911 2444">
    <p class='ocr_par' dir='ltr' id='par_1_38' title="bbox 1089 2233 1911 2444">
     <span class='ocr_line' id='line_1_121' title="bbox 1133 2233 1910 2277; baseline 0.008 -13"><span class='ocrx_word' id='word_1_659' title='bbox 1133 2233 1196 2269; x_wconf 87' lang='lat' dir='ltr'><strong>Qui</strong></span> <span class='ocrx_word' id='word_1_660' title='bbox 1220 2233 1254 2264; x_wconf 89' lang='lat' dir='ltr'><strong>fit</strong></span> <span class='ocrx_word' id='word_1_661' title='bbox 1276 2235 1384 2276; x_wconf 87' lang='lat' dir='ltr'><strong>igitur,</strong></span> <span class='ocrx_word' id='word_1_662' title='bbox 1409 2246 1468 2266; x_wconf 86' lang='lat' dir='ltr'><strong>cur</strong></span> <span class='ocrx_word' id='word_1_663' title='bbox 1491 2246 1592 2277; x_wconf 87' lang='lat' dir='ltr'><strong>saepe</strong></span> <span class='ocrx_word' id='word_1_664' title='bbox 1612 2237 1778 2269; x_wconf 87' lang='lat' dir='ltr'><strong>diversum</strong></span> <span class='ocrx_word' id='word_1_665' title='bbox 1800 2239 1841 2269; x_wconf 90' lang='lat' dir='ltr'><strong>ab</strong></span> <span class='ocrx_word' id='word_1_666' title='bbox 1854 2240 1910 2270; x_wconf 88' lang='lat' dir='ltr'><strong>ad-</strong></span> 
     </span>
     <span class='ocr_line' id='line_1_122' title="bbox 1089 2274 1911 2322; baseline 0.007 -16"><span class='ocrx_word' id='word_1_667' title='bbox 1089 2274 1179 2307; x_wconf 88' lang='lat' dir='ltr'><strong>fectu</strong></span> <span class='ocrx_word' id='word_1_668' title='bbox 1208 2276 1356 2308; x_wconf 84' lang='lat' dir='ltr'><strong>homines</strong></span> <span class='ocrx_word' id='word_1_669' title='bbox 1391 2276 1572 2319; x_wconf 73' lang='lat' dir='ltr'><strong>eligamus?</strong></span> <span class='ocrx_word' id='word_1_670' title='bbox 1605 2279 1788 2321; x_wconf 86' lang='lat' dir='ltr'><strong>Principio,</strong></span> <span class='ocrx_word' id='word_1_671' title='bbox 1822 2282 1911 2322; x_wconf 90' lang='lat' dir='ltr'><strong>quod</strong></span> 
     </span>
     <span class='ocr_line' id='line_1_123' title="bbox 1089 2319 1910 2365; baseline 0.005 -16"><span class='ocrx_word' id='word_1_672' title='bbox 1089 2329 1322 2360; x_wconf 89' lang='lat' dir='ltr'><strong>nonnunquam</strong></span> <span class='ocrx_word' id='word_1_673' title='bbox 1351 2319 1438 2350; x_wconf 88' lang='lat' dir='ltr'><strong>aliud</strong></span> <span class='ocrx_word' id='word_1_674' title='bbox 1468 2322 1500 2351; x_wconf 88' lang='lat' dir='ltr'><strong>in</strong></span> <span class='ocrx_word' id='word_1_675' title='bbox 1530 2331 1630 2362; x_wconf 89' lang='lat' dir='ltr'><strong>opere</strong></span> <span class='ocrx_word' id='word_1_676' title='bbox 1654 2328 1790 2353; x_wconf 76' lang='lat' dir='ltr'><strong>externo</strong></span> <span class='ocrx_word' id='word_1_677' title='bbox 1820 2323 1910 2365; x_wconf 89' lang='lat' dir='ltr'><strong>eligi-</strong></span> 
     </span>
     <span class='ocr_line' id='line_1_124' title="bbox 1090 2363 1910 2404; baseline 0.006 -13"><span class='ocrx_word' id='word_1_678' title='bbox 1090 2372 1179 2400; x_wconf 88' lang='lat' dir='ltr'><strong>mus,</strong></span> <span class='ocrx_word' id='word_1_679' title='bbox 1204 2372 1301 2402; x_wconf 92' lang='lat' dir='ltr'><strong>quam</strong></span> <span class='ocrx_word' id='word_1_680' title='bbox 1330 2363 1417 2403; x_wconf 90' lang='lat' dir='ltr'><strong>quod</strong></span> <span class='ocrx_word' id='word_1_681' title='bbox 1457 2364 1545 2404; x_wconf 88' lang='lat' dir='ltr'><strong>cupit</strong></span> <span class='ocrx_word' id='word_1_682' title='bbox 1575 2373 1633 2394; x_wconf 91' lang='lat' dir='ltr'><strong>cor</strong></span> <span class='ocrx_word' id='word_1_683' title='bbox 1662 2374 1723 2395; x_wconf 89' lang='lat' dir='ltr'><strong>seu</strong></span> <span class='ocrx_word' id='word_1_684' title='bbox 1745 2364 1910 2403; x_wconf 79' lang='lat' dir='ltr'><strong>voluntas,</strong></span> 
     </span>
     <span class='ocr_line' id='line_1_125' title="bbox 1090 2403 1906 2444; baseline 0.005 -11"><span class='ocrx_word' id='word_1_685' title='bbox 1090 2403 1159 2434; x_wconf 87' lang='lat' dir='ltr'><strong>fieri</strong></span> <span class='ocrx_word' id='word_1_686' title='bbox 1190 2410 1299 2444; x_wconf 89' lang='lat' dir='ltr'><strong>potest</strong></span> <span class='ocrx_word' id='word_1_687' title='bbox 1328 2411 1363 2434; x_wconf 92' lang='lat' dir='ltr'><strong>ut</strong></span> <span class='ocrx_word' id='word_1_688' title='bbox 1393 2403 1526 2436; x_wconf 86' lang='lat' dir='ltr'><strong>adfectu</strong></span> <span class='ocrx_word' id='word_1_689' title='bbox 1561 2407 1711 2437; x_wconf 68' lang='lat' dir='ltr'><strong>vincatur</strong></span> <span class='ocrx_word' id='word_1_690' title='bbox 1747 2406 1906 2439; x_wconf 90' lang='lat' dir='ltr'><strong>adfectus.</strong></span> 
     </span>
    </p>
   </div>
   <div class='ocr_carea' id='block_1_38' title="bbox 1065 804 1071 2551">
    <p class='ocr_par' dir='ltr' id='par_1_39' title="bbox 1065 804 1071 2551">
     <span class='ocr_line' id='line_1_126' title="bbox 1065 804 1071 2551; baseline 0 0"><span class='ocrx_word' id='word_1_691' title='bbox 1065 804 1071 2551; x_wconf 95' lang='lat' dir='ltr'><strong> </strong></span> 
     </span>
    </p>
   </div>
   <div class='ocr_carea' id='block_1_39' title="bbox 1066 2540 1225 2598">
    <p class='ocr_par' dir='ltr' id='par_1_40' title="bbox 1066 2540 1225 2598">
     <span class='ocr_line' id='line_1_127' title="bbox 1066 2540 1136 2588; baseline 0 -24"><span class='ocrx_word' id='word_1_692' title='bbox 1066 2553 1069 2588; x_wconf 56' lang='grc' dir='ltr'>ι</span> <span class='ocrx_word' id='word_1_693' title='bbox 1090 2540 1136 2569; x_wconf 79' lang='grc'><strong>20)</strong></span> 
     </span>
     <span class='ocr_line' id='line_1_128' title="bbox 1159 2573 1225 2598; baseline 0.015 -1"><span class='ocrx_word' id='word_1_694' title='bbox 1159 2573 1225 2598; x_wconf 86' lang='lat' dir='ltr'><strong>dum.</strong></span> 
     </span>
    </p>
   </div>
   <div class='ocr_carea' id='block_1_40' title="bbox 1652 228 1925 426">
    <p class='ocr_par' dir='ltr' id='par_1_41' title="bbox 1652 228 1923 352">
     <span class='ocr_line' id='line_1_129' title="bbox 1652 228 1923 268; baseline -0.007 -8"><span class='ocrx_word' id='word_1_695' title='bbox 1652 240 1687 260; x_wconf 89' lang='lat' dir='ltr'><strong>re</strong></span> <span class='ocrx_word' id='word_1_696' title='bbox 1723 228 1923 268; x_wconf 85' lang='lat' dir='ltr'><strong>theologica,</strong></span> 
     </span>
     <span class='ocr_line' id='line_1_130' title="bbox 1683 272 1923 301; baseline -0.008 0"><span class='ocrx_word' id='word_1_697' title='bbox 1683 281 1711 301; x_wconf 62' lang='grc'><strong>’0</strong></span> <span class='ocrx_word' id='word_1_698' title='bbox 1734 272 1774 300; x_wconf 84' lang='grc'><strong>311</strong></span> <span class='ocrx_word' id='word_1_699' title='bbox 1788 276 1923 300; x_wconf 90' lang='lat' dir='ltr'><strong>auctore</strong></span> 
     </span>
     <span class='ocr_line' id='line_1_131' title="bbox 1735 311 1923 352; baseline -0.005 -10"><span class='ocrx_word' id='word_1_700' title='bbox 1735 311 1820 342; x_wconf 74' lang='lat' dir='ltr'><strong>‘&#39;erre</strong></span> <span class='ocrx_word' id='word_1_701' title='bbox 1832 312 1835 340; x_wconf 67' lang='lat' dir='ltr'><strong>l</strong></span> <span class='ocrx_word' id='word_1_702' title='bbox 1846 312 1923 352; x_wconf 91' lang='lat' dir='ltr'><strong>quid</strong></span> 
     </span>
    </p>

    <p class='ocr_par' dir='ltr' id='par_1_42' title="bbox 1794 354 1925 426">
     <span class='ocr_line' id='line_1_132' title="bbox 1794 354 1924 383; baseline 0 0"><span class='ocrx_word' id='word_1_703' title='bbox 1794 363 1844 383; x_wconf 64' lang='lat' dir='ltr'><strong>*ae</strong></span> <span class='ocrx_word' id='word_1_704' title='bbox 1868 354 1924 383; x_wconf 92' lang='lat' dir='ltr'><strong>do-</strong></span> 
     </span>
     <span class='ocr_line' id='line_1_133' title="bbox 1851 396 1925 426; baseline 0.041 -3"><span class='ocrx_word' id='word_1_705' title='bbox 1851 396 1925 426; x_wconf 66' lang='lat' dir='ltr'><strong>‘ena</strong></span> 
     </span>
    </p>
   </div>
   <div class='ocr_carea' id='block_1_41' title="bbox 1991 314 2020 331">
    <p class='ocr_par' dir='ltr' id='par_1_43' title="bbox 1991 314 2020 331">
     <span class='ocr_line' id='line_1_134' title="bbox 1991 314 2020 331; baseline 0 0"><span class='ocrx_word' id='word_1_706' title='bbox 1991 314 2020 331; x_wconf 76' lang='lat'><strong>20</strong></span> 
     </span>
    </p>
   </div>
   <div class='ocr_carea' id='block_1_42' title="bbox 1953 645 2016 673">
    <p class='ocr_par' dir='ltr' id='par_1_44' title="bbox 1953 645 2016 673">
     <span class='ocr_line' id='line_1_135' title="bbox 1953 645 2016 673; baseline 0.016 -5"><span class='ocrx_word' id='word_1_707' title='bbox 1953 646 1975 673; x_wconf 82' lang='lat'><strong>9,</strong></span> <span class='ocrx_word' id='word_1_708' title='bbox 1995 645 2016 669; x_wconf 68' lang='lat' dir='ltr'><strong>b.</strong></span> 
     </span>
    </p>
   </div>
   <div class='ocr_carea' id='block_1_43' title="bbox 1984 1024 2008 1041">
    <p class='ocr_par' dir='ltr' id='par_1_45' title="bbox 1984 1024 2008 1041">
     <span class='ocr_line' id='line_1_136' title="bbox 1984 1024 2008 1041; baseline 0 0"><span class='ocrx_word' id='word_1_709' title='bbox 1984 1024 2008 1041; x_wconf 84' lang='lat'><strong>10</strong></span> 
     </span>
    </p>
   </div>
   <div class='ocr_carea' id='block_1_44' title="bbox 1985 1235 2010 1253">
    <p class='ocr_par' dir='ltr' id='par_1_46' title="bbox 1985 1235 2010 1253">
     <span class='ocr_line' id='line_1_137' title="bbox 1985 1235 2010 1253; baseline 0.04 -1"><span class='ocrx_word' id='word_1_710' title='bbox 1985 1235 2010 1253; x_wconf 81' lang='lat'><strong>15</strong></span> 
     </span>
    </p>
   </div>
   <div class='ocr_carea' id='block_1_45' title="bbox 1979 1336 1997 1359">
    <p class='ocr_par' dir='ltr' id='par_1_47' title="bbox 1979 1336 1997 1359">
     <span class='ocr_line' id='line_1_138' title="bbox 1979 1336 1997 1359; baseline 0 0"><span class='ocrx_word' id='word_1_711' title='bbox 1979 1336 1997 1359; x_wconf 93' lang='grc'><strong>11</strong></span> 
     </span>
    </p>
   </div>
   <div class='ocr_carea' id='block_1_46' title="bbox 1981 1500 2011 1518">
    <p class='ocr_par' dir='ltr' id='par_1_48' title="bbox 1981 1500 2011 1518">
     <span class='ocr_line' id='line_1_139' title="bbox 1981 1500 2011 1518; baseline -0.033 0"><span class='ocrx_word' id='word_1_712' title='bbox 1981 1500 2011 1518; x_wconf 73' lang='lat'><strong>&#39;20</strong></span> 
     </span>
    </p>
   </div>
   <div class='ocr_carea' id='block_1_47' title="bbox 1949 1677 2031 1737">
    <p class='ocr_par' dir='ltr' id='par_1_49' title="bbox 1949 1677 2031 1737">
     <span class='ocr_line' id='line_1_140' title="bbox 1949 1677 2031 1706; baseline -0.012 -6"><span class='ocrx_word' id='word_1_713' title='bbox 1949 1677 2031 1706; x_wconf 50' lang='lat' dir='ltr'><strong>(tha.)</strong></span> 
     </span>
     <span class='ocr_line' id='line_1_141' title="bbox 1958 1712 2022 1737; baseline -0.016 -2"><span class='ocrx_word' id='word_1_714' title='bbox 1958 1712 1994 1737; x_wconf 73' lang='lat'><strong>10,</strong></span> <span class='ocrx_word' id='word_1_715' title='bbox 2007 1717 2022 1734; x_wconf 89' lang='lat' dir='ltr'><strong>a</strong></span> 
     </span>
    </p>
   </div>
   <div class='ocr_carea' id='block_1_48' title="bbox 1984 2094 2008 2112">
    <p class='ocr_par' dir='ltr' id='par_1_50' title="bbox 1984 2094 2008 2112">
     <span class='ocr_line' id='line_1_142' title="bbox 1984 2094 2008 2112; baseline -0.042 0"><span class='ocrx_word' id='word_1_716' title='bbox 1984 2094 2008 2112; x_wconf 77' lang='lat' dir='ltr'><strong>to</strong></span> 
     </span>
    </p>
   </div>
   <div class='ocr_carea' id='block_1_49' title="bbox 1982 2368 2008 2386">
    <p class='ocr_par' dir='ltr' id='par_1_51' title="bbox 1982 2368 2008 2386">
     <span class='ocr_line' id='line_1_143' title="bbox 1982 2368 2008 2386; baseline 0 0"><span class='ocrx_word' id='word_1_717' title='bbox 1982 2368 2008 2386; x_wconf 77' lang='lat'><strong>15</strong></span> 
     </span>
    </p>
   </div>
   <div class='ocr_carea' id='block_1_50' title="bbox 1160 2540 2062 2572">
    <p class='ocr_par' dir='ltr' id='par_1_52' title="bbox 1160 2540 2062 2572">
     <span class='ocr_line' id='line_1_144' title="bbox 1160 2540 2062 2572; baseline 0.004 -8"><span class='ocrx_word' id='word_1_718' title='bbox 1160 2540 1186 2564; x_wconf 87' lang='lat' dir='ltr'><strong>ln</strong></span> <span class='ocrx_word' id='word_1_719' title='bbox 1210 2545 1289 2569; x_wconf 79' lang='lat' dir='ltr'><strong>marg.</strong></span> <span class='ocrx_word' id='word_1_720' title='bbox 1308 2540 1380 2565; x_wconf 87' lang='lat' dir='ltr'><strong>Editt.</strong></span> <span class='ocrx_word' id='word_1_721' title='bbox 1403 2542 1422 2565; x_wconf 89' lang='lat'><strong>1.</strong></span> <span class='ocrx_word' id='word_1_722' title='bbox 1442 2542 1480 2565; x_wconf 63' lang='lat'><strong>2:</strong></span> <span class='ocrx_word' id='word_1_723' title='bbox 1506 2542 1593 2567; x_wconf 85' lang='lat' dir='ltr'><strong>Cordis</strong></span> <span class='ocrx_word' id='word_1_724' title='bbox 1617 2543 1740 2568; x_wconf 74' lang='lat' dir='ltr'><strong>vocabulo</strong></span> <span class='ocrx_word' id='word_1_725' title='bbox 1765 2549 1809 2572; x_wconf 86' lang='lat' dir='ltr'><strong>pro</strong></span> <span class='ocrx_word' id='word_1_726' title='bbox 1835 2544 1965 2568; x_wconf 80' lang='lat' dir='ltr'><strong>voluntate</strong></span> <span class='ocrx_word' id='word_1_727' title='bbox 1991 2545 2062 2568; x_wconf 81' lang='lat' dir='ltr'><strong>uten-</strong></span> 
     </span>
    </p>
   </div>
  </div>
 </body>
</html>
