2358 2933
110 113 173 144 893

110 204 350 246 professionem
362 204 536 234 admodum
547 210 822 235 veteremmorem
835 211 920 233 esse.
934 202 1001 233 Sed
1013 213 1086 233 cum

112 247 221 278 David
240 247 343 287 inquit
356 245 424 284 [Ps.
439 246 563 283 31,5.1:
594 246 683 284 Dixi,
706 246 888 276 confitebor
910 245 1086 275 adversum

112 300 163 320 me
185 289 373 320 iniustitiam
394 298 499 318 meam
512 288 670 324 Domino3
694 288 754 318 Hic
766 286 943 318 Confessio
966 286 1087 328 signiti-

112 337 165 362 cat
199 340 351 361 arcanam
377 331 578 371 agnitionem
602 329 717 370 culpae
741 340 853 360 coram
877 329 966 366 Deo,
1001 339 1087 369 quae

111 374 233 414 agnitio
268 377 318 402 est
340 373 413 412 ipsa
437 373 603 409 contritio,
639 372 812 402 coniuncta
837 382 910 401 cum
933 371 1087 410 petitione

112 416 236 445 veniae.
281 414 421 445 lacobus
455 423 486 445 et
514 415 645 444 nomine
679 413 898 444 confessionis
933 423 1014 453 usus
1037 419 1087 443 est

113 456 252 497 loquens
287 457 328 486 de
361 456 641 487 Reconciliatione
672 455 715 493 [5,
752 455 835 493 16.];
881 454 1087 485 Confitemini

113 505 223 529 mutuo
246 504 385 539 peccata
408 505 532 536 vestra,
555 499 588 528 id
611 504 670 534 est,
693 497 736 534 hi,
759 498 842 527 inter
857 507 941 538 quos
958 496 1087 527 fuerunt

113 540 309 577 simultates,
343 539 507 571 fateantur
529 541 690 580 utrimque
714 550 775 570 sua
799 538 917 570 delicta
940 546 973 569 et
996 540 1088 570 rede-

113 589 168 613 ant
200 583 233 613 in
267 588 411 614 mutuam
434 583 582 623 gratiam.
628 582 719 612 Sicut
742 582 859 612 (licitur
883 582 914 611 in
938 581 1087 612 Salomo-

114 635 155 655 ne
189 624 303 664 [Prov.
329 625 379 662 18,
404 626 486 663 17.]:
528 624 635 654 Iustus
669 625 807 664 primum
841 634 917 654 sese
940 630 1088 659 accusat,

114 673 231 707 postea
253 668 383 707 inquirit
406 667 561 703 alterum,
585 667 618 696 id
641 671 703 703 est,
727 665 820 696 Deus
843 676 909 696 non
934 665 1002 697 vult
1026 676 1088 696 nos
1110 648 1113 688 l

116 710 294 740 connivere
317 711 359 740 ad
382 715 496 739 nostra
519 714 625 739 errata
648 714 679 739 et
697 709 730 738 in
749 706 830 738 alios
850 709 1002 739 acerbam
1015 718 1089 738 cen-

116 761 227 782 suram
250 761 361 791 agere,
385 752 445 782 sed
466 750 535 781 vult
558 760 620 781 nos
639 752 671 781 in
694 751 1090 781 nostramconscientiam

115 795 253 834 primum
275 794 448 834 inquirere,
472 799 586 824 nostra
605 798 712 823 errata
735 791 830 823 fateri
855 799 886 823 et
904 793 1090 829 emendare,

116 841 150 866 ut
171 835 284 866 Matth.
308 836 337 865 7.
362 838 425 874 [vs.
449 835 492 873 5.]
518 836 650 866 dicitur:
696 835 786 866 Eiice
805 835 942 875 primum
965 835 1090 865 trabem

117 888 159 908 ex
185 877 281 909 oculo
305 884 360 908 tuo
385 884 446 908 etc.

202 936 380 977 Postquam
414 937 514 978 igitur
535 937 647 967 varius
671 946 749 967 usus
773 935 925 967 vocabuli
949 936 1091 965 animad-

116 989 234 1010 versus
269 984 330 1015 est,
365 979 594 1009 discernantur
624 984 752 1009 veteres
787 978 1046 1020 significationes
1072 988 1090 1007 a

117 1021 239 1052 recenti
262 1031 352 1051 more
376 1022 637 1051 enumerationis.

202 1080 263 1111 Est
285 1086 393 1110 autem
416 1079 537 1120 duplex
551 1079 746 1111 Confessio:
772 1079 887 1110 Altera
910 1080 1015 1109 iudicii
1035 1089 1093 1118 pu-

119 1122 212 1158 blici;
246 1133 320 1153 cum
355 1131 467 1153 coram
489 1121 641 1153 Ecclesia
663 1128 863 1153 accusantur
891 1122 937 1151 rei
960 1121 1093 1151 manife-

116 1171 242 1196 storum
276 1164 462 1201 criminum,
497 1165 540 1195 ibi
574 1165 615 1195 de
648 1163 820 1195 manifesto
845 1162 964 1194 delicto
986 1162 1092 1202 palam

117 1206 213 1238 fateri
248 1207 405 1237 debemus
435 1217 497 1237 nos
530 1206 644 1246 lapsos
679 1216 753 1236 esse
787 1212 817 1236 et
842 1204 971 1241 dolere,
1006 1205 1094 1245 quod

118 1249 225 1280 Deum
249 1248 479 1279 offenderimus
503 1256 535 1279 et
556 1247 742 1279 Ecclesiam
764 1246 988 1287 polluerimus.
1034 1247 1094 1277 Hic

116 1291 199 1322 satis
232 1296 379 1327 constat,
413 1301 486 1321 cum
510 1292 634 1321 crimen
656 1291 698 1320 sit
721 1289 941 1325 manifestum,
965 1299 1093 1319 enume-

119 1334 277 1364 rationem
320 1342 380 1363 seu
419 1334 643 1363 recitationem
678 1333 847 1363 criminum
880 1342 946 1362 non
981 1332 1093 1361 omitti.

118 1375 187 1406 Sed
219 1374 324 1406 altera
348 1381 398 1405 est
421 1373 599 1405 Confessio
623 1375 752 1415 privata
775 1384 835 1405 seu
853 1384 987 1404 arcana.
1034 1373 1093 1403 llic

117 1418 256 1448 dicimus
291 1418 567 1447 enumerationem
599 1427 666 1448 non
700 1426 775 1446 esse
803 1417 1039 1452 necessariam,
1064 1422 1094 1446 et

118 1469 304 1501 quanquam
328 1457 419 1490 multi
441 1457 539 1489 valde
560 1457 782 1490 vociferantur
804 1458 870 1488 hoc
893 1457 1024 1489 vinculo
1049 1457 1095 1487 la—

118 1508 195 1532 xato
215 1500 420 1542 disciplinam
439 1501 537 1538 solvi,
554 1508 662 1532 tamen
675 1508 706 1531 et.
718 1502 750 1531 in
763 1499 865 1531 altera
878 1507 972 1540 parte
985 1501 1095 1530 viden-

120 1545 196 1575 dum
219 1550 279 1580 est,
303 1553 344 1573 ne
367 1542 423 1574 lux
445 1543 535 1574 Fidei
553 1544 749 1574 obscuretur
767 1549 798 1573 et
820 1552 861 1573 ne
886 1543 1094 1573 conscientiis

120 1586 229 1627 laquei
261 1586 455 1616 iniiciantur.
510 1585 552 1616 Et
585 1592 692 1616 tamen
716 1586 880 1625 quomodo
904 1583 1095 1624 disciplinae

117 1629 202 1659 ratio
225 1628 377 1659 habenda
402 1629 455 1665 sit,
477 1634 595 1668 postea
618 1628 774 1658 dicemus.

206 1678 289 1709 Tres
313 1685 389 1709 sunt
412 1684 519 1709 autem
544 1688 695 1715 caussae,
714 1684 849 1718 propter
873 1688 955 1718 quas
980 1687 1096 1708 neces—

122 1731 159 1752 se
182 1727 234 1752 est
257 1728 369 1752 extare
392 1721 591 1758 doctrinam,
628 1721 717 1760 quod
740 1721 941 1750 enumeratio
965 1730 1030 1750 non
1055 1721 1095 1750 sit

121 1764 329 1795 necessaria:
371 1763 489 1800 Prima,
513 1764 589 1803 qnia
611 1762 765 1793 Monachi
783 1761 948 1792 finxerunt
967 1772 1096 1793 enume-

121 1807 283 1837 rationem
306 1815 381 1835 essc
405 1805 529 1836 cultum
553 1811 584 1835 et
605 1805 753 1835 meritum
776 1805 995 1839 remissionis;
1038 1805 1096 1834 Se-

123 1848 240 1884 cunda,
270 1848 345 1888 quia
367 1846 534 1887 postulant
558 1857 641 1884 eam,
673 1853 707 1877 ut
730 1848 835 1887 possit
869 1847 966 1878 indici
1000 1847 1097 1877 satis-

123 1889 245 1926 factio;
289 1889 409 1926 Tertia,
433 1890 508 1930 quia
533 1890 735 1920 conscientia
757 1889 930 1920 adducitur
952 1890 984 1919 in
1008 1890 1097 1919 dubi-

124 1933 279 1963 tationem
302 1938 331 1962 et
352 1932 615 1972 desperationem
634 1930 831 1971 scrupulosa
844 1933 1096 1962 enumeratione.

125 1974 164 2005 Hi
187 1984 318 2005 errores
340 1974 474 2005 taxandi
497 1980 590 2009 sunt3
611 1974 695 2004 Nam
718 1975 866 2004 remissio
891 1984 955 2004 non
979 1975 1098 2014 pendet
1119 1990 1121 2009 1

125 2028 165 2047 ex
198 2017 385 2047 conditione
415 2017 676 2053 enumerationis,
712 2022 743 2047 et
766 2017 937 2047 retinenda
962 2023 1015 2047 est
1037 2027 1101 2047 vox

123 2057 299 2099 Evangelii
334 2059 374 2089 de
409 2060 549 2100 gratuita
574 2059 826 2089 condonatione.
872 2059 1000 2089 Deinde
1023 2059 1122 2099 ‹leli-;

126 2106 271 2132 ramenta
294 2101 335 2131 de
358 2100 590 2131 Satisfactione
607 2102 712 2142 magis
732 2102 828 2132 etiam
852 2102 992 2132 taxanda
1016 2102 1121 2132 suun*

126 2142 299 2174 Postremo
324 2144 600 2174 enumerationem
625 2149 754 2175 constat
776 2143 880 2174 fuisse
903 2145 965 2184 piis
990 2145 1103 2175 duram

128 2186 360 2223 carnificinam,
374 2187 438 2226 qui,
452 2196 524 2216 cum
537 2186 682 2216 viderent
695 2196 733 2216 se
745 2196 811 2217 non
820 2197 922 2227 posse
931 2187 1037 2216 onmia
1051 2187 1104 2217 tle-

127 2227 204 2259 licta
238 2227 407 2269 colligere,
440 2238 606 2268 nunquam
627 2229 892 2268 acquiescebant,
922 2235 951 2259 et
976 2229 1100 2259 dubita·
1122 2225 1123 2265 ζ

128 2271 216 2302 tione
238 2270 294 2301 illa
314 2271 397 2301 fides
417 2271 678 2311 extinguebatur.
723 2270 804 2301 Huic
838 2270 924 2302 malo
960 2281 1100 2302 necesse
1122 2269 1123 2276 ¹

128 2311 188 2344 fuit
210 2314 283 2354 pios
308 2314 461 2344 doctores
480 2313 611 2343 mederi.
1122 2306 1123 2319 ¹

215 2354 312 2390 Quod
345 2356 444 2396 igitur
468 2357 499 2385 in
522 2365 644 2385 arcana
668 2354 876 2387 confessione
901 2357 1100 2387 enumeratio

130 2399 271 2428 omnium
305 2397 359 2428 vel
392 2408 572 2438 paucorum
597 2396 790 2428 delictorum
812 2409 877 2429 non
902 2400 943 2429 sit
965 2409 1102 2439 praece·
1122 2401 1123 2405 ’

130 2446 186 2480 pta
204 2441 274 2470 iure
298 2440 419 2477 divino,
454 2438 662 2470 manifestum
686 2445 747 2476 est,
772 2441 847 2481 quia
870 2440 1022 2471 Christus
1046 2447 1101 2471 aut
1122 2451 1124 2478 g

130 2481 282 2523 Apostoli
305 2493 466 2523 nusquam
490 2492 562 2512 eam
584 2483 795 2522 praecipiunt.
830 2482 958 2514 Deinde
982 2485 1102 2524 impos·
1122 2491 1124 2519 ᾗ

130 2524 234 2556 sibilis
258 2531 311 2555 est
332 2526 532 2556 enumeratio
553 2526 710 2561 omnium,
745 2525 835 2555 iuxta
864 2524 941 2556 illud
966 2525 1100 2563 [Psalm.
1122 2529 1123 2538 ¹

577 111 599 142 l.
623 111 723 142 LOCl
746 108 1019 142 THEOLOGlCl:
1054 110 1096 140 D.
1120 109 1279 141 TERTIA
1303 109 1457 140 EORUM
1482 109 1636 140 AETAS.

2043 111 2105 141 894

1134 203 1183 240 18,
1198 202 1279 242 13.]:
1302 202 1433 233 Delicta
1457 204 1530 243 quis
1553 201 1723 243 intelligit?
1746 202 1849 233 Multa
1873 209 1949 233 sunt
1972 204 2105 243 enum-⁵)

1131 252 1240 276 errata
1262 246 1467 286 ignorantiae
1491 246 1522 275 in
1535 246 1682 275 maximis
1697 243 1999 282 deliberationibus,
2013 251 2047 275 ut
2058 245 2106 275 lo-

1132 288 1201 317 siae
1230 288 1391 317 moventis
1428 286 1548 318 bellum
1581 297 1646 318 non
1681 288 1927 322 necessarium,
1972 287 2051 317 Item
2075 288 2107 317 in

1107 332 1111 377 Ι
1132 328 1203 359 aliis
1226 330 1381 371 negotiis,
1405 335 1439 359 ut
1451 331 1494 369 76)
1530 330 1690 370 quaedam
1725 335 1833 360 errata
1857 330 2039 366 doctrinae,
2073 336 2106 359 ut

1132 372 1186 411 qui
1206 370 1344 412 stipulas
1369 377 1521 402 extruunt
1545 382 1645 411 supra
1670 382 1765 402 veras
1789 372 1990 408 sententias,
2026 381 2108 412 quas

1132 414 1322 444 obscurant.
1369 413 1446 443 Item
1480 412 1619 453 plurima
1643 420 1718 444 sunt
1746 419 1884 453 peccata
1909 414 2108 450 omissionis.

1132 465 1216 496 quae
1240 466 1305 486 non
1327 455 1549 495 intelligimus.
1596 456 1783 486 Absurdum
1807 462 1855 486 est
1880 457 1977 496 igitur
2001 456 2109 486 dicere

1133 499 1353 528 necessariam
1384 507 1458 527 esse
1481 499 1754 528 enumerationffln
1780 499 1931 534 omnium,
1966 509 2039 528 cum
2070 498 2108 527 sit

1133 539 1357 580 impossibilis.
1404 539 1479 569 ltieo
1511 546 1619 570 autem
1643 541 1818 579 praecipue
1842 539 1923 570 haec
1946 538 2109 570 illustren-

1132 588 1200 619 tur,
1234 592 1275 611 ne
1299 583 1496 612 obscuretur
1520 582 1667 611 doctrina
1692 582 1731 610 cte
1756 582 1947 612 remissione
1971 583 2109 623 gratuita

1134 630 1163 654 et
1188 624 1277 654 Fide.

1221 665 1375 696 Ceterum
1397 672 1532 705 propter
1556 665 1796 696 absolutionem
1820 667 1991 705 privatam,
2027 676 2110 706 quae

1134 709 1165 737 in
1190 707 1352 738 Ecclesiis
1376 708 1543 738 retinenda
1568 714 1636 744 est,
1660 718 1730 738 mos
1757 708 1851 738 etiam
1874 709 2034 748 petendae
2057 709 2111 738 ab·

1136 749 1307 780 solutionis
1343 751 1530 780 retinendus
1566 756 1633 786 est,
1669 756 1701 780 et
1734 756 1807 780 sunt
1843 749 1925 780 aliae
1959 749 2112 780 utilitates

1136 790 1255 822 multae
1280 793 1438 823 retinendi
1462 791 1550 822 illius
1576 791 1729 832 colloquii
1754 793 1884 832 privati,
1909 793 2112 822 etiamsinon

1136 835 1271 865 accedat
1296 835 1508 865 enumeratio.

1223 877 1332 907 Prima
1356 883 1417 914 est,
1440 882 1474 906 ut
1496 882 1626 916 petatur
1649 875 1824 907 absolutio.

1224 919 1388 956 Secunda,
1418 925 1451 948 ut
1476 918 1593 948 Pastor
1628 919 1805 960 interroget
1840 928 1920 949 suos
1944 919 2112 949 auditores

1138 962 1178 991 tle
1212 961 1370 991 doctrina.
1416 961 1499 991 Nam
1522 967 1695 1000 utrumque
1719 961 1905 991 mandatum
1930 967 1979 991 est
2003 968 2113 1001 pasto-

1136 1005 1174 1039 ri,
1210 1009 1243 1033 ut
1275 1002 1423 1043 exploret
1458 1004 1642 1033 auditorum
1676 1004 1795 1033 iudicia
1829 1004 1869 1033 de
1904 1003 2053 1033 doctrina
2083 1009 2113 1033 et

1138 1052 1343 1086 cognoscat,
1378 1056 1419 1075 an
1442 1046 1630 1085 proficiant,
1666 1046 1805 1085 castiget
1839 1051 1869 1075 et
1905 1046 2030 1075 erudiat
2065 1055 2114 1075 se-

1138 1089 1284 1127 gniores,
1307 1086 1430 1127 populo
1456 1098 1534 1118 vero
1558 1093 1592 1117 ut
1612 1094 1765 1126 exponat,
1790 1088 1866 1128 quid
1890 1089 2018 1117 sentiat.

1224 1129 1342 1159 Tertia.
1377 1129 1475 1160 Certe
1508 1131 1698 1169 priusquam
1721 1130 1820 1159 rudes
1845 1130 2052 1160 admittantur
2075 1129 2114 1158 ad

1140 1172 1366 1208 Sacramenta,
1391 1172 1430 1202 de
1454 1172 1603 1202 doctrina
1628 1172 1779 1202 audiendi
1793 1178 1880 1209 sunt,
1894 1178 1923 1201 et
1936 1170 2001 1200 hoc
2015 1169 2116 1201 collo-

1139 1215 1247 1254 quium
1270 1214 1343 1244 vice
1367 1213 1565 1244 Catechismi
1589 1220 1649 1243 est.

1225 1255 1359 1290 Quarta.
1416 1256 1487 1286 Etsi
1522 1266 1642 1296 cogere
1672 1262 1786 1296 pastor
1821 1266 1886 1285 non
1923 1256 2041 1292 debet,
2084 1263 2117 1285 ut

1140 1299 1312 1338 quisquam
1346 1298 1433 1328 dicat
1456 1308 1577 1328 arcana
1601 1297 1704 1334 facta,
1740 1305 1847 1328 tamen
1870 1308 1931 1338 pro
1955 1303 2063 1328 aetate
2087 1304 2117 1328 et

1139 1341 1226 1370 vitae
1244 1347 1380 1381 'genere
1414 1341 1575 1380 quaedam
1609 1341 1649 1370 de
1683 1341 1827 1370 moribus
1857 1341 2062 1380 interrogare
2087 1347 2116 1369 et

1139 1381 1262 1413 utiliter
1295 1392 1430 1412 monere
1464 1389 1584 1422 potest.
1643 1382 1684 1412 Ut
1719 1383 1746 1412 si
1781 1383 1854 1422 quis
1890 1383 2000 1413 audiat
2035 1392 2118 1412 mer-

1140 1432 1284 1461 catores,
1318 1425 1521 1466 interrogare
1555 1431 1675 1463 potest,
1711 1423 1826 1465 quales
1850 1429 2039 1454 contractus
2065 1434 2117 1453 ex-

1140 1473 1284 1497 erc-eant.

1227 1508 1358 1543 Quinta.
1404 1509 1495 1540 Sicut
1520 1510 1550 1539 in
1578 1508 1731 1539 Nehemia
1755 1516 1783 1539 et
1808 1509 1972 1540 Nlattltaeo
1998 1510 2119 1539 dictum

1142 1558 1203 1588 est,
1216 1550 1467 1582 Confitebantur
1489 1558 1639 1591 peccata,
1666 1552 1695 1581 id
1720 1558 1782 1587 est,
1805 1551 1992 1582 fatebantur
2015 1553 2046 1582 in
2065 1562 2118 1592 ge-

1141 1603 1219 1623 nere
1242 1603 1280 1623 se
1302 1603 1379 1624 reos
1405 1603 1491 1630 esse,
1517 1594 1733 1624 subiiciebant
1746 1604 1783 1623 se
1795 1593 1880 1630 Deo,
1901 1595 2117 1624 ostendebant

1142 1635 1289 1666 dolorem
1313 1646 1423 1671 suurnt
1447 1636 1504 1666 Sic
1528 1637 1559 1666 in
1583 1637 1738 1676 petitione
1761 1635 1997 1673 absolutionis,
2024 1637 2119 1666 etiam

1143 1687 1216 1708 cum
1239 1679 1386 1708 recitatio
1411 1678 1615 1720 singulorum
1640 1679 1807 1715 omittitur,
1849 1685 1957 1709 tamen
1980 1688 2120 1709 necesse

1143 1726 1192 1750 est
1221 1720 1402 1761 significari
1436 1721 1469 1751 in
1488 1731 1630 1762 genere,
1664 1721 1752 1761 quod
1775 1719 1935 1751 fateamur
1958 1731 2019 1751 nos
2043 1730 2119 1751 reos

1143 1772 1218 1793 esse
1241 1769 1272 1792 et
1296 1763 1506 1793 subiiciamus
1530 1773 1592 1793 nos
1616 1763 1702 1800 Deo,
1722 1773 1799 1793 vere
1823 1760 2005 1794 doleamus.
2031 1763 2119 1803 quod

1141 1804 1249 1835 Deum
1279 1804 1523 1843 offenderimus,
1558 1806 1646 1846 quod
1679 1804 1863 1835 Ecclesiam
1892 1805 2119 1845 polluerimus.

1142 1848 1230 1887 quod
1265 1846 1536 1878 cumulaverimus
1571 1858 1697 1888 poenas
1731 1847 1892 1887 publicas.
1944 1847 2027 1878 Cum
2057 1847 2120 1877 hoc

1142 1890 1238 1920 modo
1261 1890 1441 1930 prudenter
1464 1896 1494 1921 et
1519 1891 1665 1932 graviter
1687 1890 1740 1920 hic
1764 1900 1834 1920 mos
1855 1890 2012 1920 retinetur
2025 1890 2120 1930 prod-

1143 1938 1192 1962 est
1215 1932 1257 1962 ad
1280 1931 1494 1972 disciplinam.

1229 1974 1340 2005 Sexta.
1386 1976 1536 2005 Omnium
1567 1976 1705 2005 maxime
1728 1975 1812 2005 haec
1839 1984 1958 2005 caussa
1981 1975 2121 2015 pruden-

1144 2024 1194 2047 tes
1214 2027 1328 2047 omnes
1351 2027 1486 2048 movere
1509 2023 1629 2057 potest.
1657 2016 1734 2048 Mos
1758 2018 1918 2057 petendae
1941 2017 2121 2048 absolutio-

1144 2061 1193 2089 nis
1217 2060 1435 2090 testimonium
1459 2067 1510 2090 est
1531 2059 1627 2090 huius
1651 2059 1790 2096 articuli,
1814 2060 1900 2100 quod
1919 2058 2122 2099 lapsiemen-

1145 2104 1261 2132 dantes
1285 2111 1322 2132 se
1345 2103 1544 2143 recipiantur
1568 2112 1587 2132 a
1602 2102 1676 2132 Deo
1701 2108 1731 2132 et
1755 2103 1819 2133 sint
1842 2102 1883 2132 ab
1896 2101 2050 2132 Ecclesia
2073 2112 2122 2132 re-

1144 2145 1292 2185 cipiendi.
1337 2143 1422 2175 Utile
1456 2151 1506 2175 est
1535 2149 1643 2175 autem
1665 2143 1729 2175 hoc
1753 2143 1879 2174 illustre
1903 2145 2123 2175 testimonium

1144 2188 1176 2217 in
1199 2186 1352 2217 Ecclesia
1381 2188 1583 2218 conservari.
1629 2187 1712 2217 Nam
1736 2192 1767 2216 et
1785 2186 1904 2216 Petrus
1930 2185 2122 2217 Alexandri-

1145 2239 1206 2259 nus
1240 2228 1394 2260 refutavit
1417 2228 1585 2261 Meletium
1616 2235 1780 2259 serentem
1804 2227 2021 2259 Catharorum
2045 2228 2122 2260 deli-

1145 2273 1203 2308 ria,
1239 2272 1337 2302 citato
1361 2282 1453 2302 more
1474 2273 1595 2302 usitato
1619 2272 1650 2301 in
1670 2269 1833 2307 Ecclesia,
1859 2277 1889 2301 et
1911 2271 2045 2311 protulit
2069 2281 2122 2302 ex—

1146 2313 1254 2354 empla
1273 2313 1499 2345 absolutionis.
1536 2313 1641 2344 Valde
1665 2319 1837 2344 moventur
1861 2314 1955 2343 animi
1982 2314 2122 2343 omnium

1146 2451 1191 2479 75)
1212 2453 1271 2475 sunt
1291 2450 1370 2480 enim]
1390 2451 1460 2475 Editt.
1481 2451 1520 2473 22.
1542 2451 1581 2473 ¹24.
1603 2451 1737 2475 28ᾼ34ῃ
1759 2452 1829 2480 stirp.
1851 2451 1865 2472 '2
1882 2464 1910 2466 ⁷--
1927 2452 1958 2474 8..
1979 2450 2035 2479 Opp.
2061 2451 2079 2471 t.
2100 2450 2121 2470 ’2.

1215 2490 1281 2508 emm
1301 2488 1360 2509 sunt

1147 2535 1192 2561 76»
1214 2535 1249 2565 ut]
1271 2535 1313 2559 Ed.
1334 2535 1372 2558 22.
1395 2540 1444 2564 typ.
1466 2541 1566 2560 errore:
1585 2541 1629 2560 aut
