2358 2933
232 109 295 139 919
708 110 728 139 Ι.
755 108 853 139 Loci
876 108 1154 141 THEoLoGtclz
1177 109 1219 141 D.

233 210 307 231 tem.
338 201 398 231 Hic
422 200 560 231 affirmat
577 200 668 231 Deus
692 201 810 231 otl'erre
833 212 870 232 se
895 202 1085 232 beneficium
1110 203 1209 232 0111111-

235 245 308 279 bus,
343 244 402 273 sed
439 244 706 276 contradicentes
741 251 805 273 non
840 245 1000 284 accipere.
1065 244 1209 275 Econtra

234 285 426 315 dulcissinw
450 286 543 315 dit-it:
568 286 640 315 Non
664 293 711 315 cst
737 285 890 321 volentis,
915 296 1022 326 neque
1034 287 1207 319 currentis.

233 329 291 357 sed
319 327 379 357 Dei
405 328 605 357 miserentis.
630 328 660 356 id
685 334 748 357 cst.
772 328 995 358 misericordia
1019 336 1068 358 est
1090 338 1209 359 caussa

233 369 415 400 electionis.
451 370 507 397 sed
544 368 627 398 lianc
663 371 803 409 oportuit
833 371 863 399 in
887 371 988 400 verbo
1013 369 1151 400 revelari
1176 377 1205 401 et

234 413 367 441 verbum
393 412 496 451 arripi
522 418 658 450 oportet.
696 411 770 441 ldeo
795 422 954 451 expresse
976 413 1127 452 proponit
1139 413 1208 443 uni-

234 452 407 483 versalem.
443 455 579 492 repetita
615 454 728 483 eadem
753 455 915 484 sententia
938 455 968 484 in
994 461 1132 495 utroque
1157 465 1208 485 ca-

232 497 314 535 pitez
341 496 467 525 (11111115.
492 495 544 535 qui
570 496 671 525 credit
697 496 727 524 in
753 495 864 527 filium.
888 507 953 527 non
977 495 1214 527 confundetur?

234 536 310 567 Vult
336 538 434 577 igitur
458 548 530 567 cum
555 538 780 568 misericordia
805 548 1003 569 concurrere
1027 538 1207 579 apprehen-

232 580 355 609 sionem
380 581 410 608 in
434 580 615 618 accipiente
639 581 900 619 promissionem.

318 622 428 650 Sciant
453 622 548 651 etiam
573 622 709 651 studiosi
741 621 874 662 phrasin
900 622 1092 653 iiehraicam
1117 623 1147 652 in
1171 621 1206 652 il-

232 663 270 693 lis
296 664 416 693 verbis.
443 663 513 704 Ego
539 664 697 694 indurabo
722 675 780 694 cor
804 664 996 702 Pharaonis,
1020 664 1206 704 significare

230 706 496 746 promissionem:
539 705 610 746 Ego
635 707 741 736 sinam
764 707 917 736 indurari.
964 706 1004 736 Ut
1018 708 1046 747 ⁹)
1072 708 1102 736 in
1127 717 1206 747 quo-

230 748 351 777 tidiana
376 748 586 787 precatione:
612 748 660 777 Ne.
684 758 744 778 nos
768 749 904 779 inducas
929 749 959 778 in
984 750 1204 779 tentationem.

230 789 267 819 1-’,1
283 797 459 819 occurrunt
477 793 515 823 ¹⁰)
529 789 677 829 exempla
702 791 836 830 passim,
861 801 945 830 quae
969 796 1130 821 testantur
1142 790 1204 821 hac

229 831 340 871 phrasi
366 832 526 862 Hebraico
551 833 743 872 saepissime
766 833 1014 872 permissionem
1039 835 1080 873 ¹¹)
1105 833 1205 873 signi-

229 874 328 904 ticari.

315 915 436 956 Magna
461 914 570 955 caligo
595 922 642 945 est
669 916 698 945 in
723 917 837 946 animis
862 916 1037 954 hominum,
1060 917 1092 946 in
1115 917 1204 946 coo-i-

229 959 349 987 tatione
380 959 420 988 de
444 957 529 987 Deo.
563 968 603 987 ac
637 958 709 988 sine
737 957 810 988 luce
834 959 942 988 divina
966 959 1114 989 homines
1137 970 1158 999 p
1173 969 1204 988 e—

228 1010 363 1040 rumque
398 1006 451 1030 aut
482 999 602 1029 habent
638 999 818 1039 Epicureas
859 1001 1106 1040 imaginationes
1148 1007 1203 1031 aut,

228 1042 378 1078 Stoicas,
413 1043 443 1071 id
478 1048 539 1072 est.
575 1052 693 1082 magna
731 1053 808 1082 pars
839 1044 1032 1083 imaginatur
1054 1042 1203 1072 homines

228 1094 292 1114 non
328 1084 433 1114 curari
468 1095 485 1113 a
510 1084 594 1114 Deo.
640 1083 704 1113 Alii
736 1086 860 1125 tingunt
884 1084 991 1115 Deum
1026 1086 1142 1115 sedere
1172 1086 1203 1115 in

227 1125 321 1157 coelo
342 1133 372 1155 et
397 1127 544 1155 scribere
564 1125 679 1156 fatales
702 1126 794 1167 leges
818 1128 911 1167 quasi
936 1128 966 1157 in
990 1126 1112 1157 tabulis
1125 1126 1200 1157 Par-

228 1178 350 1205 carum,
375 1169 555 1198 secundum
580 1179 661 1209 quas
688 1168 763 1199 velit
785 1170 1032 1206 distribuerem)
1067 1170 1203 1199 virtutes

227 1218 257 1240 et
282 1211 371 1241 vitia.
397 1211 478 1240 sicut
504 1210 605 1240 Stoici
634 1212 674 1241 de
698 1210 765 1241 fato
790 1222 850 1241 suo
874 1212 1070 1248 sentiebant,
1094 1217 1125 1241 et
1149 1222 1203 1241 co-

227 1253 331 1295 gitant
356 1254 398 1282 ita
422 1251 512 1282 fatali
529 1255 567 1282 13)
591 1259 680 1283 motu
705 1252 822 1293 impelli
842 1253 990 1283 Paridem
1014 1260 1043 1283 et
1068 1253 1201 1283 similes.

226 1295 367 1325 Sednos
392 1295 528 1325 abiectis
552 1294 602 1324 his
627 1295 849 1325 deliramentis
872 1295 1033 1325 humanae
1053 1294 1203 1336 caliginis

226 1336 407 1367 reseramus
433 1336 550 1366 oculos
575 1343 604 1367 et
629 1344 769 1367 mentem
793 1339 834 1367 ad
858 1338 1042 1367 testimonia
1067 1338 1107 1368 de
1129 1337 1202 1367 Deo

225 1380 411 1419 proposita:
435 1379 585 1409 Sciamus
610 1378 714 1409 Deum
739 1389 815 1409 esse
838 1389 941 1420 agens
965 1389 1043 1410 vere
1066 1378 1203 1410 liberum

226 1428 255 1451 et
294 1428 418 1451 tantum
453 1420 539 1450 velle
571 1422 673 1458 bona,
697 1431 759 1451 nec
783 1420 868 1451 velle
891 1428 1038 1460 peccata,
1063 1428 1092 1451 et
1116 1422 1203 1451 hanc

227 1463 429 1493 voluntatem
452 1473 546 1492 suam
570 1465 775 1502 expressisse
798 1473 837 1494 ac
857 1473 893 1493 se
911 1462 1110 1503 patefecisse
1132 1473 1204 1503 per-

226 1506 350 1545 spicuis
376 1511 407 1535 et
432 1506 618 1546 ingentibus
636 1506 840 1542 testimoniis,
854 1506 1107 1535 resuscitatione
1119 1515 1204 1535 mor-

225 1554 354 1578 tuorum
389 1553 420 1577 et
455 1546 546 1583 aliis,
583 1554 615 1577 et
649 1547 806 1588 alligasse
839 1557 900 1577 nos
925 1549 966 1577 ad
990 1546 1204 1588 Evangelium

225 1599 334 1626 suum,
358 1590 388 1619 in
413 1599 477 1629 quo
503 1590 577 1619 dicit
603 1589 754 1620 Christus
779 1588 907 1625 [Matth.
933 1589 988 1626 ll,
1013 1589 1094 1627 28.]:
1139 1589 1204 1618 Ve-

225 1633 291 1662 nite
313 1633 354 1662 ad
378 1641 429 1661 me
453 1641 578 1668 omnes,
603 1633 655 1671 qui
681 1631 839 1662 laboratis
853 1638 883 1661 et
897 1632 1022 1662 onerati
1036 1632 1127 1668 estis,
1141 1641 1203 1671 ego

227 1674 373 1704 reficiam
408 1684 480 1703 vos.
526 1673 645 1704 Libere
676 1680 706 1704 et
740 1683 819 1704 vere
843 1674 931 1704 iuxta
954 1674 1203 1714 promissionem

225 1717 340 1756 recipit
365 1714 595 1757 confugientes
619 1717 660 1746 ad
684 1715 795 1752 tilium,
819 1722 849 1746 et
873 1716 949 1746 sinit
972 1717 1111 1746 merein
1129 1715 1205 1745 hor-

226 1759 363 1788 rendam
388 1760 466 1788 iram
489 1764 703 1798 aspernantes
728 1757 837 1788 filium.

313 1799 554 1830 Removeamus
575 1801 673 1841 igitur
695 1810 714 1830 a
737 1798 840 1830 Paulo
861 1799 993 1830 Stoicas
1013 1799 1204 1840 disputatio-

227 1852 299 1880 1105,
334 1852 418 1883 quae
452 1842 547 1872 fidem
583 1849 613 1872 et
645 1842 885 1873 invocationem
909 1847 1069 1873 evertunt.
1117 1841 1203 1876 Quo-

226 1886 325 1915 modo
350 1885 435 1914 enim
459 1891 567 1924 potest
592 1884 673 1914 Saul
702 1884 836 1914 credere
858 1890 912 1914 aut
935 1885 1106 1921 invocare,
1130 1894 1202 1916 cum

228 1928 352 1957 dubitat
376 1927 626 1966 promissionem
649 1928 689 1957 ad
714 1937 750 1956 se
772 1926 947 1966 pertinere,
971 1932 1026 1956 aut
1050 1936 1123 1956 cum
1147 1927 1203 1956 ob—

228 1970 310 2009 repit
344 1968 400 1998 illa
434 1968 544 1999 tabula
569 1968 775 1999 Parcarum?
808 1968 873 1998 lam
908 1969 1075 1998 decretum
1098 1973 1148 1998 est
1172 1973 1204 1998 te

228 2012 438 2041 reiiciendum
469 2021 559 2047 esse,
597 2021 662 2041 non
687 2021 723 2041 es
757 2011 900 2049 scriptus
923 2011 955 2040 in
978 2020 1113 2041 numero
1138 2009 1202 2040 ele-

227 2060 354 2083 ctorum
378 2059 439 2083 etc.
486 2053 659 2083 Adversus
683 2053 744 2083 has
766 2053 1013 2093 imaginationes
1038 2053 1202 2083 discamus

228 2094 428 2125 voluntatem
452 2094 514 2125 Dei
539 2105 576 2125 ex
602 2094 796 2137 EvangeliO,
821 2105 1041 2136 agnoscamus
1064 2095 1201 2135 promis-

226 2139 351 2168 sionem
387 2147 462 2167 esse
484 2136 715 2175 universalem,
749 2143 784 2168 ut
806 2137 888 2168 fides
912 2143 943 2168 et
962 2138 1125 2168 invocatio
1148 2147 1200 2167 ac-

226 2181 321 2211 cendi
344 2181 461 2220 possit.

243 2290 271 2319 9)
290 2289 408 2314 indurari.
428 2289 467 2320 U]
488 2289 560 2314 Editt.
584 2290 603 2313 l.
624 2289 647 2312 3.
667 2289 788 2319 indurari,
806 2292 831 2314 et

227 2342 271 2369 10)
291 2340 435 2369 occurrunt]
456 2341 526 2369 corp.
549 2341 622 2362 2-8.
643 2342 793 2365 concurrunt

228 2392 273 2419 11)
290 2390 494 2421 permissionem]
517 2391 590 2420 Coro.
612 2391 635 2413 2.
655 2391 677 2415 4.
696 2391 890 2420 promissionem

228 2441 271 2470 12)
292 2441 444 2466 distribuere
462 2440 569 2465 excidit
588 2441 614 2465 in
633 2440 705 2465 Editt.
729 2442 748 2466 1.
769 2442 791 2466 3.

226 2491 271 2521 13)
292 2491 326 2516 ita
346 2490 428 2522 fatali]
449 2492 485 2515 sic
503 2493 571 2516 recte
591 2491 663 2516 Editt.
685 2491 755 2516 1—3.
774 2491 815 2517 9.:
843 2491 915 2516 Editt.
934 2491 956 2516 4.
975 2490 998 2514 6.
1019 2491 1041 2514 7.
1063 2491 1100 2514 12.
1119 2491 1144 2515 in
1162 2490 1200 2515 t’a-

295 2525 353 2555 tali3
372 2527 472 2550 ceterae
491 2525 577 2550 Editt.:
596 2525 667 2549 fatali

1243 110 1400 142 TERTiA
1423 110 1576 142 EORUM
1601 110 1754 142 AETAS.
2159 114 2222 144 920
2234 106 2244 112 ‘

1339 202 1488 233 Ceterum
1523 203 1563 233 de
1597 202 1715 234 effectu
1738 202 1905 234 electionis
1938 210 2105 235 teneamus
2136 206 2220 237 hanc

1253 244 1523 282 consolationem,
1562 244 1677 281 Deum.
1714 245 1878 276 volentem
1902 257 1967 276 non
1990 247 2097 286 perire
2120 253 2220 279 totum

1252 297 1356 327 genus
1380 287 1566 324 humanum,
1589 297 1718 327 semper
1740 294 1872 327 propter
1896 287 1994 319 tilium
2018 299 2076 329 per
2098 291 2220 320 miseri—

1252 330 1395 359 cordiam
1431 339 1569 365 vocare,
1603 329 1733 359 trahere
1755 337 1786 359 et
1809 329 1964 371 colligere
1987 330 2169 362 Ecclesiam
2187 338 2217 362 et

1251 372 1398 410 recipere
1432 372 1661 402 assentientes.
1695 378 1793 412 atque
1826 373 1869 402 ita
1903 371 1989 403 velle
2012 382 2143 413 semper
2164 372 2220 404 ali-

1252 423 1348 453 quam
1372 423 1448 443 esse
1467 424 1559 443 sunm
1572 412 1764 444 Ecclesiam.
1789 424 1883 454 quam
1903 415 2033 445 adiuvat
2052 421 2083 445 et
2097 415 2220 451 salvat;

1251 456 1337 487 sicut.
1361 454 1513 486 Clu-istus
1538 456 1638 495 inquit
1663 454 1744 493 [1011.
1772 455 1820 492 10,
1843 456 1883 485 27
1908 460 1988 496 Sq-l:
2015 457 2104 487 Oves
2126 466 2219 488 meae

1250 506 1366 527 vocem
1390 507 1493 527 meam
1517 498 1661 534 audiunt,
1696 503 1726 527 et
1751 507 1812 537 ego
1836 499 1911 528 novi
1935 508 2003 535 005,
2027 503 2057 528 01
2080 509 2220 540 sequun—

1250 545 1302 569 tur
1335 548 1403 575 me,
1437 545 1467 569 et
1490 541 1588 570 vitam
1611 546 1775 570 aeternam
1796 541 1837 569 do
1861 541 1918 579 eis,
1943 546 1973 570 et
1997 550 2092 570 nemo
2116 542 2220 581 rapiet

1251 591 1308 611 eas
1331 581 1371 611 de
1392 591 1487 611 manu
1511 592 1593 611 mea.
1629 582 1720 612 Haec
1744 582 1783 611 de
1803 582 1918 612 effectu
1943 581 2112 612 electionis
2124 583 2220 622 prod-

1251 629 1300 652 est
1335 623 1432 659 scire,
1467 628 1500 652 ut
1535 629 1716 654 statuamus
1745 634 1806 653 nos
1831 625 1974 655 exaudiri
1998 630 2027 654 et
2050 624 2165 661 iuvari,
2189 630 2220 655 et

1249 665 1391 695 sciamus
1432 663 1612 695 Ecclesiam
1646 676 1666 695 a
1698 665 1842 696 Diabolo
1876 677 1940 697 non
1975 676 2074 706 posse
2107 665 2218 696 deleri.

1249 706 1405 747 Magnum
1440 713 1606 736 certamen
1640 708 1800 747 significat
1830 708 1912 739 llaec
1935 718 2015 739 vox:
2043 708 2146 738 Nemo
2170 718 2219 738 ra—

1249 748 1312 788 piet
1348 758 1405 778 eas
1429 749 1470 778 de
1492 758 1589 778 manu
1612 758 1693 779 mea.
1739 749 1925 781 Excitemus
1948 751 2046 791 igitur
2068 750 2164 781 fidem
2187 755 2219 780 et

1248 791 1438 820 invocemus
1472 789 1587 820 Filium
1610 790 1673 820 Dei
1707 798 1891 822 servantem
1926 802 2007 822 oves
2030 802 2120 829 suas,
2143 792 2219 833 quia

1248 831 1342 863 simul
1367 833 1460 862 dicit:
1485 832 1627 863 Audiunt
1651 843 1701 862 me
1725 839 1755 862 et
1777 839 1808 863 et
1827 840 2007 874 sequuntur
2030 843 2089 864 me.

1676 957 1778 996 [xm

1515 1040 1575 1072 DE
1598 1041 1749 1072 11ΕοΝο
1774 1041 1953 1072 01101511.

1332 1124 1547 1166 Evangelium
1582 1124 1669 1156 clare
1704 1126 1799 1156 docet
1833 1136 1969 1167 regnum
1992 1125 2113 1157 Christi
2141 1135 2217 1157 esse

1248 1167 1431 1208 spirituale,
1466 1168 1529 1198 hoc
1564 1174 1629 1205 est,
1665 1167 1829 1198 Christum
1865 1168 1980 1198 sedere
2007 1168 2049 1198 ad
2072 1169 2217 1198 dextram

1247 1210 1354 1240 Patris
1378 1216 1408 1240 et
1428 1209 1633 1250 interpellare
1655 1220 1715 1249 pro
1738 1210 1834 1240 nobis
1858 1216 1889 1239 et
1901 1210 1980 1240 dare
1992 1211 2217 1241 remissionem

1247 1258 1458 1292 peccatorum
1484 1259 1513 1283 et
1527 1253 1681 1292 Spiritum
1704 1258 1852 1282 sanctum
1867 1251 2047 1289 Ecclesiae,
2067 1252 2132 1282 hoc
2154 1256 2217 1289 est,

1248 1294 1456 1324 credentibus
1480 1295 1510 1324 111
1535 1295 1639 1335 ipsum
1664 1300 1694 1323 et
1718 1294 1944 1323 invocantibus
1968 1293 2074 1324 Deum
2097 1294 2217 1324 fiducia

1246 1336 1360 1376 ipsius,
1384 1346 1508 1376 eosque
1530 1335 1747 1372 sanctificare,
1769 1341 1804 1365 ut
1827 1336 2000 1368 resuscitet
2023 1346 2082 1366 eos
2104 1337 2136 1366 in
2159 1346 2216 1366 no-

1247 1379 1381 1408 vissimo
1416 1379 1467 1407 die
1499 1379 1541 1408 ad
1564 1379 1661 1408 vitam
1685 1383 1714 1407 et
1739 1376 1874 1418 gloriam
1898 1382 2074 1408 aeternam.
2118 1377 2159 1408 Et
2181 1383 2216 1408 ut

1247 1419 1328 1450 haec
1352 1420 1508 1450 beneficia
1534 1429 1785 1459 consequamur,
1809 1419 1990 1449 ordinatum
2013 1425 2065 1450 est
2076 1419 2217 1450 ministe-

1246 1463 1327 1492 rium
1340 1461 1518 1499 Evangelii,
1540 1472 1600 1502 per
1623 1461 1709 1502 quod
1732 1467 1892 1491 vocantur
1914 1460 2062 1492 homines
2074 1462 2115 1492 ad
2128 1461 2217 1502 agni-

1246 1505 1365 1533 tionem
1390 1503 1521 1534 Christi.
1566 1503 1607 1533 Et
1641 1503 1782 1543 Spiritus
1818 1509 1952 1533 sanctus
1985 1513 2044 1543 per
2066 1503 2216 1545 Evange-

1246 1545 1323 1576 lium
1347 1551 1396 1575 est
1420 1544 1535 1576 efficax
1559 1551 1621 1576 etc.
1652 1545 1781 1575 Interim
1803 1555 1883 1575 vero
1906 1551 1982 1575 ante
2003 1546 2216 1576 novissimum

1247 1588 1330 1617 diem
1354 1587 1504 1618 Ecclesia
1526 1588 1557 1624 111
1580 1588 1701 1617 1111111ᾱο
1725 1587 1864 1628 patietur
1886 1588 2155 1626 persecutionem,
2184 1593 2217 1618 et

1247 1636 1340 1660 erunt
1374 1629 1451 1660 mali
1484 1631 1579 1660 bonis
1613 1630 1746 1660 admixti
1779 1630 1811 1659 111
1844 1628 2005 1659 Ecclesia.
2050 1629 2142 1661 Haec
2165 1635 2216 1660 est

1247 1682 1325 1702 vera
1348 1677 1379 1702 et
1403 1682 1559 1713 germana
1582 1673 1744 1702 sententia
1756 1670 1924 1712 Evangelii
1947 1672 1988 1702 de
2009 1682 2113 1713 regno
2125 1671 2216 1702 Chri-

1247 1714 1288 1743 sti
1312 1719 1344 1744 et
1366 1713 1548 1749 Ecclesiae.
1583 1713 1707 1754 Estque
1731 1714 1935 1744 execrandus
1960 1719 1991 1744 et
2013 1714 2216 1745 damnandus

1248 1766 1341 1786 error
1363 1755 1419 1786 ille
1442 1756 1593 1787 Iudaicus
1617 1755 1917 1796 Anabaptistarum,
1941 1757 1993 1796 qui
2016 1756 2215 1797 1111311111Εο-

1248 1797 1380 1828 clesiam
1415 1803 1490 1828 ante
1522 1799 1734 1828 novissimum
1770 1799 1853 1828 diem
1887 1797 2031 1838 politiam
2054 1799 2214 1839 quandam

1245 1840 1441 1870 mundanam
1464 1839 1604 1871 futuram
1629 1850 1715 1877 esse,
1739 1841 1770 1870 in
1790 1850 1854 1880 qua
1866 1846 2002 1881 regnent
2013 1841 2055 1880 pii
2072 1846 2104 1871 et
2115 1841 2213 1871 armis

1247 1881 1377 1912 deleant
1411 1892 1524 1913 omnes
1557 1883 1672 1922 impios
1707 1888 1739 1913 et
1761 1888 1923 1922 occupent
1952 1883 2059 1913 omnia
2080 1882 2214 1923 imperia

1246 1930 1309 1955 etc.

1331 1964 1532 2007 Colligemus
1560 1966 1670 2006 itaque
1699 1965 1884 1996 testimonia
1913 1965 1953 1995 de
1981 1965 2140 2006 spirituali
2162 1976 2213 1996 re-

1245 2018 1309 2049 gno
1333 2018 1399 2038 non
1422 2007 1527 2038 solum
1549 2009 1591 2038 ad
1614 2007 1804 2038 refutandos
1821 2005 1984 2039 fanaticos
1997 2009 2141 2048 spiritus,
2153 2009 2212 2039 sed

1245 2051 1340 2081 etiam
1375 2051 1449 2091 quia
1477 2051 1612 2090 prodest
1646 2050 1705 2080 has
1729 2050 1910 2080 sententias
1933 2049 2056 2080 habere
2078 2051 2110 2081 in
2135 2060 2212 2081 con-

1244 2097 1371 2133 spectu,
1395 2097 1430 2122 ut
1452 2101 1513 2122 nos
1533 2091 1745 2123 consolentur
1769 2097 1801 2122 et
1823 2093 2007 2123 exuscitent
2029 2093 2070 2123 ad
2087 2092 2212 2123 exerci-

1244 2135 1287 2164 tia
1312 2133 1502 2175 spiritualia,
1525 2135 1567 2164 ad
1590 2134 1698 2171 tidem,
1725 2135 1765 2164 ad
1790 2135 1980 2172 orationem,
1995 2136 2036 2175 ¹⁴)
2060 2135 2101 2165 ad
2134 2144 2211 2175 poe-

1243 2177 1420 2207 nitentiam.
1433 2177 1475 2216 16)
1518 2176 1601 2206 Nam
1635 2186 1727 2207 error
1758 2175 1812 2206 ille
1836 2176 1985 2208 Iudaicus
2007 2183 2137 2217 praeter
2159 2185 2211 2208 ce-

1244 2225 1313 2249 tera
1346 2218 1549 2249 incommoda
1571 2218 1635 2249 hoc
1655 2228 1783 2259 quoque
1804 2218 1912 2256 habet,
1946 2219 2033 2260 quod
2055 2220 2211 2249 obscurat

1244 2266 1276 2291 et
1298 2270 1434 2301 prorsus
1459 2261 1566 2291 obruit
1591 2260 1832 2291 consolationes
1861 2260 2045 2301 spirituales
2069 2267 2101 2292 et
2124 2259 2211 2292 delet

1245 2303 1401 2333 exercitia
1422 2302 1615 2342 spiritualia,
1635 2304 1709 2344 quia
1727 2309 1850 2334 mentes
1863 2302 2024 2334 humanae
2036 2309 2210 2344 expectan—

1243 2350 1294 2376 tes
1328 2350 1450 2375 tantum
1483 2343 1539 2375 illa
1572 2356 1659 2376 nova
1685 2346 1819 2386 imperia
1842 2344 2080 2377 obliviscuntur
2101 2355 2208 2377 rerum

1247 2474 1290 2503 14)
1308 2472 1467 2503 orationem]
1488 2472 1558 2497 Editt.
1578 2473 1601 2496 2.
1621 2472 1644 2495 9.
1665 2477 1752 2497 errore
1771 2474 1837 2502 typ.:
1855 2472 2046 2501 ordinationem,

1220 2526 1224 2547 1
1246 2524 1290 2553 15)
1307 2522 1510 2554 poenitentiam]
1528 2522 1597 2548 Editt.
1620 2521 1689 2547 1—3.
1709 2521 1730 2547 6.
1750 2522 1774 2544 7.
1794 2522 1816 2548 9.
1834 2523 1987 2553 patientiam.
