2358 2933
63 97 126 130 845

63 191 168 222 utolos
203 191 369 228 traditam,
402 201 440 221 ac
475 201 538 222 nos
561 192 742 233 discipulos
765 202 841 223 esse
865 193 1034 224 doctrinae

63 235 224 273 ipsorum,
258 243 323 263 non
356 230 516 274 affingere
538 235 826 275 interpretationes
849 241 1034 275 pugnantes

63 285 137 305 cum
161 275 257 305 certis
281 280 313 304 ct
335 276 517 314 perspicuis
540 277 686 316 ipsorum
706 277 915 313 testimoniis,
950 278 1035 307 sicut

64 317 171 348 ludaei
206 316 331 357 fingunt
370 317 592 357 corruptelas,
637 324 671 349 ut
705 317 837 349 eludant
872 319 959 349 dieta
994 319 1035 349 de

61 358 206 389 Christo.

148 400 293 438 Deinde,
329 402 381 442 qui
416 401 530 432 volunt
565 412 640 432 esse
662 400 814 441 discipuli
850 401 1034 443 Evangelii,

62 452 122 473 nec
140 443 284 480 audiunt,
306 448 341 473 ut
364 443 564 476 calumniose
588 445 779 484 depravent,
802 444 862 474 sed
880 449 915 474 ut
928 444 1034 474 Deum

62 490 255 526 agnoscant,
292 484 462 516 celebrent
485 492 516 516 et
540 487 568 516 ei
591 487 761 516 obediant:
795 486 827 515 in
863 485 925 523 his,
962 497 1033 517 cum

62 528 285 557 assentiuntur
317 529 421 558 verbo
443 528 506 558 Dei
531 538 603 558 cum
625 529 740 558 timore
764 533 796 558 et
818 527 894 557 fide.
917 538 1035 558 accen-

62 569 148 599 ditur
165 568 291 607 lumen,
325 579 388 610 quo
418 570 587 606 iuvantur,
621 575 654 600 ut
677 570 864 600 discernant
884 569 1035 610 Evange-

61 609 139 641 lium
172 611 214 641 ab
248 610 389 642 humana
422 612 594 652 sapientia,
629 617 662 642 et
684 611 842 642 articulos
867 612 1035 642 doctrinae

61 653 103 682 de
125 652 210 690 Deo,
234 653 275 683 de
297 653 452 690 Peccato,
475 654 516 683 de
539 653 675 691 lustitia,
699 655 740 684 de
753 653 895 689 Christo,
921 655 960 684 de
972 653 1035 683 Ec-

61 693 173 733 clesia,
197 695 238 725 de
260 695 327 724 vita
348 701 481 725 aeterna
501 695 615 726 dextre
638 697 811 736 accipiant.

144 736 266 773 Tertio,
300 737 395 767 iidem
429 736 473 767 illi
496 738 648 768 iuvantur
677 739 775 768 etiam
798 748 897 769 verae
920 736 1035 768 Eccle-

60 780 130 809 siae
152 779 346 809 testimonio.
393 778 448 816 Ut,
472 790 545 810 cum
568 780 806 811 Samosatenus
828 779 933 810 noluit
952 780 1035 810 Ver-

59 822 135 852 bum
157 821 365 861 interpretari
394 831 587 861 personam,
619 823 651 853 in
680 821 731 853 his
761 824 868 860 dictis,
891 822 926 852 In
949 823 1036 862 prin-

61 863 145 903 cipio
169 868 240 893 erat
256 863 404 894 Verbum
428 869 490 894 etc.
514 865 557 904 pii
580 865 776 896 iuvabantur
798 865 924 896 Irenaei
946 866 1036 895 testi-

58 905 179 942 monio,
213 906 267 945 qui
289 904 510 946 Polycarpum
533 906 665 937 loannis
700 906 892 948 discipulum
926 907 1035 937 audie-

58 952 128 982 rat3
173 946 373 977 lavabantur
412 954 443 978 et
484 948 636 989 Gregorii
674 949 969 980 Neocaesariensis
1004 954 1036 979 et

58 987 303 1019 Alexandrinae
315 988 486 1020 Ecclesiae
508 991 711 1028 testimoniis,
726 1002 810 1032 quae
829 990 1036 1022 affirmabant

56 1029 145 1061 hanc
173 1032 367 1061 sententiam
390 1032 465 1062 inde
487 1042 594 1073 usque
617 1034 658 1063 ab
682 1032 853 1074 Apostolis
876 1040 1035 1064 retentam

59 1081 145 1109 csse,
169 1082 242 1102 cum
265 1083 329 1113 qua
351 1074 505 1105 videbant
528 1075 570 1115 pii
596 1081 705 1106 cetera
723 1076 907 1106 testimonia
931 1077 961 1106 in
987 1075 1035 1106 lo-

59 1124 144 1145 anne
167 1121 198 1145 et
222 1114 327 1145 Paulo
353 1126 547 1157 congruere.

142 1156 185 1187 Et
208 1168 396 1198 quanquam
418 1157 573 1189 Ecclesia
596 1160 757 1190 audienda
791 1166 858 1196 est,
889 1161 975 1190 iuxta
999 1158 1035 1189 il-

59 1198 125 1236 lud,
147 1199 219 1230 Nisi
237 1201 396 1230 arassetis
420 1200 522 1231 vitula
545 1212 628 1237 mea,
651 1211 717 1231 non
740 1202 969 1237 invenissetis3
988 1207 1035 1231 ta·

58 1251 132 1271 men
166 1241 249 1271 fides
283 1252 350 1272 non
384 1243 494 1272 nititur
526 1241 698 1273 Ecclesiae
731 1244 941 1279 auctoritate,
975 1244 1034 1273 sed

57 1284 130 1322 ipsa
163 1292 245 1313 voce
266 1282 450 1324 Evangelii.
495 1283 689 1314 Invocamus
719 1284 821 1314 filium
844 1284 924 1321 Dei,
959 1286 1034 1325 quia

58 1325 179 1355 dictum
204 1330 255 1355 est
273 1324 354 1362 [loh.
371 1326 398 1362 l,
414 1326 475 1363 l.]:
498 1325 540 1356 Et
561 1326 655 1357 Deus
679 1332 749 1357 erat
773 1328 917 1357 verbum.
956 1327 1033 1357 Item

59 1365 139 1404 [ioh.
164 1366 194 1403 5,
222 1367 299 1404 17.]:
324 1366 423 1398 Pater
444 1378 537 1398 meus
560 1378 666 1408 usque
689 1369 787 1399 modo
812 1375 977 1409 operatur,
1002 1375 1035 1399 et

57 1419 120 1449 ego
144 1418 273 1448 operor.
319 1409 398 1439 Item
422 1409 502 1446 [1011.
518 1410 568 1447 15,
586 1411 648 1448 5.]:
672 1410 749 1441 Sine
771 1422 823 1441 me
846 1410 926 1441 nihil
943 1417 1034 1451 pote-

56 1451 118 1481 stis
140 1449 262 1481 sacere.
308 1450 385 1481 ltem
409 1451 598 1492 Stephanus
622 1453 738 1493 inquit:
784 1453 925 1484 Domine
949 1453 1033 1491 lesu,

58 1493 172 1533 accipe
194 1494 341 1533 spiritum
365 1504 481 1524 meum.

143 1535 222 1566 Item
241 1546 314 1566 cum
337 1534 508 1566 Ecclesiae
531 1538 716 1567 testimonia
745 1544 964 1578 quaeruntur,
989 1539 1034 1568 vi-

58 1577 199 1608 dendum
217 1583 278 1614 est,
301 1578 357 1608 ubi
381 1583 412 1608 et
436 1588 521 1618 quae
544 1579 585 1608 sit
597 1578 759 1616 Ecclesia,
779 1590 863 1620 quae
886 1586 1034 1620 tempora

57 1621 123 1650 sint
154 1620 310 1659 puriora,
346 1621 400 1660 qui
435 1621 614 1660 scriptores
639 1622 847 1652 sinceriores.
893 1623 949 1655 Sic
972 1633 1034 1653 nos

58 1662 249 1692 adiuvamur
283 1667 397 1692 contra
430 1662 685 1702 Anabaptistas:
732 1663 862 1695 Scimus
897 1666 1034 1704 primum

58 1714 98 1734 ex
120 1703 318 1744 Evangelio,
340 1702 483 1735 infantes
506 1706 598 1735 nasci
621 1715 697 1735 reos
722 1712 754 1736 et
773 1707 934 1737 obnoxios
959 1717 1033 1746 pec-

59 1751 133 1777 cato
168 1746 315 1786 originiS,
350 1752 382 1776 et
405 1747 437 1777 id
461 1748 579 1778 remitti
600 1747 663 1785 his,
687 1749 741 1788 qui
765 1754 842 1778 sunt
864 1749 896 1778 in
919 1748 1034 1779 Eccle-

58 1789 118 1824 sia,
153 1793 185 1818 ct
217 1787 361 1818 infantes
397 1789 518 1819 debere
542 1790 612 1820 fieri
636 1791 782 1820 membra
805 1790 978 1821 Ecclesiae
1003 1798 1034 1821 et

58 1829 166 1860 afferri
200 1830 242 1860 ad
266 1829 442 1861 Christum.
488 1831 617 1862 Deinde
651 1833 780 1862 accedit
813 1834 1034 1864 testimonium

58 1872 181 1912 primae
202 1871 385 1910 Ecclesiae,
408 1883 505 1913 quam
527 1873 667 1914 legimus
682 1875 868 1914 baptizasse
881 1875 1034 1906 infantes.

59 1913 241 1945 Censemus
274 1915 374 1956 igitur
396 1925 603 1956 nequaquam
627 1917 808 1947 cedendum
832 1928 909 1948 esse
932 1917 1035 1948 furon‘

58 1955 359 1996 Anabaptistarum,
382 1958 435 1998 qui
459 1964 506 1988 tot
527 1957 628 1988 millia
650 1958 808 1989 infantum
831 1970 869 1990 ex
882 1958 1034 1992 Ecclesia

59 1999 234 2029 extrudere
256 2004 287 2029 et
309 2000 447 2040 perdere
481 2007 641 2031 conantur
664 2008 694 2031 et
714 2002 768 2032 uni
792 2003 895 2032 errori
915 2002 1033 2034 multos

59 2041 209 2071 miscent.

145 2082 278 2113 Donum
299 2084 397 2123 igitur
420 2085 697 2125 interpretationis
723 2093 771 2116 est
798 2086 925 2123 lumen,
949 2088 1036 2128 quod

59 2125 211 2156 accendit
236 2125 377 2166 Spiritus
411 2132 548 2158 sanctus
570 2127 603 2157 in
626 2127 742 2159 horum
766 2130 947 2167 mentibus,
981 2131 1035 2170 qui

60 2168 285 2197 assentiuntur
307 2167 501 2210 Evangelio.
523 2174 559 2199 ut
582 2168 733 2201 Christus
758 2172 860 2212 inquit
872 2172 959 2202 Ioan.
986 2172 1035 2203 14.

61 2212 123 2246 [vs.
142 2209 210 2247 26]
235 2209 377 2250 Spiritus
401 2217 538 2241 sanctus
563 2212 694 2243 docebit
717 2224 779 2244 vos
803 2215 910 2244 omnia
931 2221 963 2245 et
986 2225 1036 2245 re-

60 2252 149 2292 diget
181 2253 278 2282 vobis
310 2253 341 2282 in
377 2254 565 2284 memoriam
592 2255 712 2292 onmia,
736 2266 819 2296 quae
843 2257 907 2287 dixi
931 2257 1035 2288 vobis.

61 2293 121 2324 Hic
155 2293 266 2335 alligat
290 2294 472 2335 Apostolos
508 2302 539 2326 et
573 2302 675 2327 totam
704 2297 888 2329 Ecclesiam
922 2301 963 2330 ad
987 2309 1060 2338 ea,3

61 2346 144 2376 quae
167 2337 238 2377 ipse
262 2337 437 2374 dixemus-²)
461 2345 491 2368 et
515 2339 602 2369 addit
626 2339 666 2369 de
689 2340 788 2378 dono,
814 2341 854 2371 de
876 2342 941 2373 hoc
963 2343 1036 2383 ipso
1058 2339 1060 2344 ’

62 2379 162 2409 verbo
176 2379 330 2419 Spiritum
356 2386 506 2411 sanctum
530 2391 591 2411 nos
605 2381 937 2415 commonefacturum
950 2395 1036 2415 esse.

62 2515 89 2543 2)
110 2514 227 2546 dixerat}
245 2516 317 2541 Editt.
339 2517 378 2540 22.
397 2518 436 2540 24.
459 2518 505 2541 28..
525 2518 585 2547 opp.
611 2520 627 2542 1.
648 2519 670 2541 2.
692 2519 804 2549 dederat.

536 100 556 129 Ι.
583 99 681 131 LOCl
703 98 980 131 THEOLOGICI:
1004 101 1045 131 D.

1070 101 1228 133 TERTIA
1251 101 1404 133 EORUM
1430 102 1584 133 AETAS.
1993 102 2058 135 846

1057 193 1121 224 -Et
1153 193 1241 224 loan.
1286 193 1316 224 6.
1353 197 1415 231 [vs.
1449 194 1514 232 45.]
1561 195 1636 224 citat
1671 194 1823 224 Christus
1857 204 1897 224 ex
1936 195 2055 226 lesaia:

1057 235 1120 279 »Et
1153 241 1248 266 erunt
1279 246 1392 266 omnes
1428 237 1516 266 docti
1545 247 1564 266 a
1587 235 1673 266 Deo.
1719 235 1864 266 Econtra
1887 237 1928 267 de
1951 238 2055 276 impiis

1057 282 1058 317 j
1081 278 1199 308 dicitur
1223 275 1322 315 [Dan.
1350 278 1399 314 1⁶2,
1425 278 1507 316 10.]:
1530 278 1604 308 Non
1627 277 1839 319 intelligentss)
1863 288 1977 309 omnes
2001 280 2056 309 im-

1057 319 1058 326 *
1080 320 1133 359 pii.
1178 319 1257 349 Item
1281 319 1323 355 [l.
1343 318 1420 349 Cor.
1443 320 1568 357 2,14.]:
1594 319 1754 351 Animalis
1779 321 1877 351 homo
1896 331 1960 351 non
1984 331 2057 361 per-

1057 385 1058 400 ,
1081 362 1156 401 cipit
1185 371 1234 397 ea,
1269 371 1353 400 quae
1377 368 1453 391 sunt
1476 362 1616 401 Spiritus
1639 361 1718 397 Dei3
1759 362 1894 393 stultitia
1919 364 2002 393 enim
2028 364 2055 393 ei

1081 409 1142 439 est,
1166 409 1195 433 et
1219 413 1285 433 non
1308 408 1418 442 potest
1441 403 1633 444 intelligere.
1679 404 1757 434 Item
1780 405 1842 435 les.
1866 405 1896 434 6.
1922 408 1985 443 [vs.
2010 405 2055 441 9.]

1056 439 1059 479 ἱ
1081 445 1200 475 Audite
1223 445 1395 475 audientes
1419 451 1449 475 et
1472 456 1537 475 non
1561 444 1742 487 intelligite.

1167 502 1258 533 Haec
1282 504 1465 534 testimonia
1488 505 1662 544 perspicue
1686 505 1878 542 ostendunt,
1902 506 2056 546 interpre-

1081 545 1236 575 tationem
1260 554 1335 575 esse
1359 546 1480 576 donum
1503 547 1642 586 piorum,
1665 558 1727 578 nec
1752 557 1827 577 esse
1850 547 2055 589 alligatam4)

1081 587 1236 626 potestati
1269 594 1325 617 aut
1347 588 1461 618 maiori
1479 589 1574 628 parti,
1609 600 1692 629 quae
1715 588 1905 630 plerumque
1928 596 1978 620 est
2002 591 2056 620 im-

1080 629 1145 668 pia,
1169 635 1200 659 et
1224 630 1354 669 quidem
1378 631 1553 670 praecipua
1576 641 1683 670 poena
1698 637 1746 661 est
1760 632 1929 671 impietatis
1954 633 2057 662 caeci-

1081 677 1144 707 tas,
1169 672 1242 710 utf')
1278 671 1369 701 Psal.
1393 671 1446 702 68.
1482 675 1546 710 [vs.
1570 672 1635 711 ‘244
1656 680 1687 703 et
1711 673 1804 704 Rom.
1832 674 1880 703 11.
1907 677 1971 712 [vs.
1994 674 2056 712 10.1

1081 713 1211 743 dicitur:
1258 713 1488 744 Obscurentur
1511 714 1597 745 oculi
1622 725 1746 753 eorum,
1765 725 1806 745 ne
1829 716 1971 746 videant.
2017 716 2056 745 Et

1080 754 1242 785 manifesti
1265 753 1395 786 furores
1411 756 1564 787 Gentium
1588 767 1627 788 ac
1652 757 1843 788 ludaeorum
1868 759 2057 791 ostendunt.

1081 797 1239 827 caecitate
1263 798 1439 838 praecipue
1461 799 1567 839 puniri
1590 800 1797 839 impietatem.

1168 856 1204 886 Si
1239 857 1405 887 ordinaria
1438 864 1587 897 potestas
1617 864 1673 889 aut
1696 859 1799 888 maior
1820 869 1898 899 pars
1922 858 2057 890 haberet

1081 899 1131 928 ius
1165 899 1418 939 interpretandi,
1451 898 1591 930 fuissent
1619 899 1853 931 anteferendae
1876 903 2057 932 sententiae

1080 939 1334 971 Pharisaeorum
1369 944 1539 973 sententiis
1564 942 1761 980 Zachariae,
1796 943 1969 981 Simeonis,
1992 943 2058 974 Eli-

1081 982 1210 1019 sabeth,
1243 983 1379 1021 Mariae,
1404 984 1540 1014 Hannae
1564 991 1596 1015 et
1615 984 1774 1015 similium.
1822 985 1888 1016 Sed
1906 985 2059 1017 Ecclesia

1080 1034 1160 1055 vera
1182 1024 1372 1066 plerumque
1395 1032 1445 1056 est
1464 1027 1603 1067 exiguus
1627 1034 1755 1065 coetuS,
1777 1028 1810 1057 in
1834 1038 1898 1068 quo
1914 1029 2058 1059 domina-

1080 1072 1131 1096 tur
1164 1077 1282 1108 magna
1315 1067 1486 1099 multitudo
1521 1070 1708 1109 impiorum,
1753 1070 1837 1100 sicut
1872 1071 1974 1111 inquit
2009 1070 2055 1100 le-

1079 1109 1168 1139 saias
1193 1110 1236 1146 [l,
1261 1109 1324 1147 9.]:
1354 1110 1424 1141 Nisi
1454 1110 1548 1141 Deus
1577 1111 1767 1152 reliquisset
1803 1113 1898 1142 nobis
1934 1123 2057 1149 semen,

1079 1151 1163 1181 sicut
1186 1151 1330 1182 Sodoma
1355 1162 1517 1184 essemus.
1564 1153 1641 1184 Ideo
1664 1164 1869 1194 nequaquam
1892 1154 2059 1195 alliganda

1080 1199 1130 1223 est
1148 1194 1372 1233 interpretatio
1396 1195 1437 1225 ad
1461 1195 1660 1226 ordinariam
1682 1202 1878 1236 potestatem
1903 1204 1935 1227 et
1958 1198 2058 1227 maio-

1080 1244 1148 1265 rem
1181 1241 1319 1274 partem.
1366 1236 1407 1266 Et
1440 1238 1577 1268 insidiae
1600 1238 1769 1268 cavendae
1793 1245 1880 1274 sunt,
1905 1250 1978 1270 cum
2001 1240 2057 1270 ad-

1079 1278 1218 1307 versarii
1240 1277 1304 1307 hoc
1327 1284 1501 1318 praetextu
1524 1279 1673 1310 stabilire
1698 1290 1828 1311 errores
1852 1289 2023 1312 conantur.

1167 1335 1320 1367 Ceterum
1345 1343 1375 1367 et
1399 1338 1504 1378 ipsum
1529 1340 1649 1370 donum
1673 1340 1920 1380 agnoscendum
1940 1346 2008 1377 est,
2028 1348 2058 1371 et

1080 1377 1156 1408 Deo
1181 1380 1308 1418 gratiae
1331 1381 1490 1421 agendae,
1523 1382 1609 1422 quod
1645 1391 1774 1421 semper
1796 1383 1840 1412 ita
1864 1383 2057 1422 gubernavit

1056 1455 1057 1459 Ἰ
1080 1418 1278 1458 Ecclesiam,
1301 1428 1348 1458 ut,
1383 1433 1456 1453 cum
1481 1424 1658 1454 obscurata
1681 1430 1772 1454 esset
1796 1424 1955 1462 doctrina,
1988 1436 2059 1456 rur-

1055 1462 1059 1497 ἰ
1080 1471 1138 1492 sus
1173 1472 1243 1492 eam
1276 1465 1475 1495 accenderit.
1532 1465 1576 1495 Ut
1605 1472 1681 1506 post
1703 1466 1776 1497 Noe·
1799 1467 1962 1507 interpres
1985 1478 2058 1508 pro-

1055 1501 1059 1518 ”
1080 1505 1249 1534 missionis
1272 1504 1331 1536 fuit
1343 1506 1523 1544 Abraham,
1547 1509 1597 1538 sic
1619 1514 1694 1548 post
1714 1508 1853 1549 Moysen
1876 1510 2058 1540 missisunt

1080 1545 1223 1583 Samuel,
1246 1547 1367 1586 David,
1391 1554 1422 1579 et
1446 1550 1559 1580 ordine
1583 1551 1701 1586 ceteri3
1727 1551 1951 1592 Regnantibus
1976 1551 2058 1583 Pha-

1080 1589 1196 1619 risaeis
1222 1595 1253 1619 et
1276 1589 1457 1621 Saducaeis
1494 1598 1586 1622 erant
1619 1598 1729 1623 tamen
1754 1592 1904 1631 Simeon,
1934 1594 2058 1625 Zacha-

1081 1631 1158 1667 rias,
1194 1631 1320 1669 Hanna,
1356 1633 1461 1664 Maria
1485 1640 1516 1664 et
1539 1634 1593 1665 alii
1616 1633 1718 1672 multi,
1742 1636 1774 1665 in
1797 1636 1915 1676 quibus
1939 1637 2057 1667 donum

1055 1706 1057 1713 A
1080 1674 1354 1712 interpretationis
1378 1674 1540 1717 fulgebat,
1563 1678 1595 1707 in
1619 1675 1691 1707 aliis
1715 1678 1830 1718 magiS,
1855 1679 1886 1708 in
1910 1678 1983 1709 aliis
2002 1680 2057 1709 mi—

1080 1725 1141 1745 nus
1164 1714 1302 1746 illustre.
1349 1717 1395 1748 lta
1425 1724 1540 1758 postea
1562 1718 1656 1750 Deus
1687 1721 1718 1750 in
1741 1719 1896 1750 Ecclesia
1920 1722 2059 1752 subinde

1081 1759 1235 1788 excitavit
1270 1759 1433 1790 flammam
1462 1771 1562 1791 verae
1597 1762 1776 1792 doctrinae.
1833 1762 1926 1793 Hanc
1961 1764 2059 1804 igitur

1080 1810 1256 1830 accensam
1292 1812 1354 1831 non
1391 1803 1618 1844 extinguamus
1652 1811 1824 1844 praetextu
1846 1804 2057 1836 multitudinis

1080 1841 1132 1872 vel
1168 1843 1353 1874 ordinariae
1383 1847 1559 1884 potestatis
1582 1848 1820 1887 propugnantis
1844 1846 1931 1878 idola
1956 1855 1987 1878 et
2010 1859 2059 1879 er-

1081 1894 1184 1914 rores.

1168 1943 1319 1975 Ceterum
1343 1952 1375 1976 et
1397 1944 1462 1977 labi
1486 1954 1642 1988 possunt,
1674 1950 1728 1989 qui
1752 1955 1848 1979 antea
1871 1957 1962 1980 recte
1986 1960 2058 1980 sen-

1081 1992 1203 2018 serant.
1233 1993 1265 2017 et
1299 1995 1389 2018 recte
1412 1991 1593 2020 sentientes
1618 1989 1740 2031 aliquid
1764 1991 1886 2022 habent
1905 1991 2057 2033 caliginis

1082 2033 1112 2058 et
1146 2038 1225 2058 suas
1256 2028 1409 2070 stipulas,
1443 2038 1477 2062 ut
1511 2032 1552 2062 ad
1576 2031 1653 2062 Cor.
1678 2033 1804 2064 dicitur.
1851 2033 1961 2068 Quare
1984 2044 2058 2064 sen·

1082 2071 1202 2100 tentiae
1224 2081 1264 2101 ex
1286 2073 1389 2103 verbo
1408 2072 1472 2104 Dei
1495 2075 1614 2104 tradito
1639 2081 1670 2106 et
1692 2075 1808 2106 dextre
1832 2075 1954 2106 collato
1978 2077 2058 2106 iudi-

1083 2113 1207 2143 candae
1230 2119 1316 2144 sunt.
1351 2115 1403 2146 De
1428 2114 1637 2147 similitudine
1660 2117 1868 2148 traditionum
1892 2125 1923 2149 et
1944 2119 1983 2149 dc
1997 2118 2058 2149 Le-

1081 2155 1177 2195 gibus
1201 2155 1441 2197 Episcoporum
1464 2157 1547 2189 infra
1571 2159 1705 2189 dicetur.
1751 2160 1821 2191 Nec
1845 2162 1928 2191 enim
1951 2161 2058 2191 unitas

1081 2196 1255 2228 Ecclesiae
1273 2198 1469 2231 collocanda
1492 2207 1542 2231 est
1564 2202 1596 2231 in
1616 2200 1823 2233 similitudine
1845 2202 2058 2233 humanarum

1082 2240 1315 2278 traditionum,
1361 2243 1438 2283 quia
1472 2243 1643 2274 retinenda
1678 2251 1727 2274 est
1761 2244 1845 2275 haec
1881 2246 2056 2281 sententia,

1082 2283 1169 2322 quod
1188 2281 1349 2314 humanae
1382 2285 1573 2315 traditiones
1608 2296 1674 2316 non
1702 2287 1767 2317 sint
1791 2286 1921 2318 cultus:
1968 2288 2058 2320 ltem.

1083 2420 1110 2446 3]
1130 2420 1283 2450 intelliffent]
1302 2420 1374 2445 Editt.
1395 2421 1433 2443 22.
1455 2422 1494 2444 24.
1515 2422 1563 2449 2²8.,
1584 2423 1643 2452 opp.
1668 2424 1686 2445 1.
1708 2423 1731 2445 2.
1751 2424 1893 2452 intelligunt

1058 2471 1061 2506 ᾗ
1082 2471 1110 2498 4)
1130 2470 1271 2501 alligatam]
1293 2471 1365 2496 Editt.
1390 2473 1479 2495 1—14.
1501 2473 1540 2496 19.
1560 2473 1691 2503 alligatum

1058 2521 1061 2532 ⁷
1081 2522 1109 2548 5)
1128 2524 1155 2546 ut
1174 2522 1306 2546 omittunt
1324 2522 1395 2546 Editt.
1420 2524 1527 2548 18—20.
1547 2524 1663 2549 *ΖΞ-34..
1683 2525 1755 2554 Corn.
1778 2525 1857 2550 1-8..
1877 2525 1934 2554 opp.
1957 2527 1976 2546 1.
1998 2526 2020 2547 2⁷.
