2358 2933
252 115 314 149 831

850 114 961 147 PmL.
984 113 1085 147 MEL.
1109 115 1294 150 SCRIPTA
1314 117 1588 150 DOGMA'rch.
2173 113 2236 146 832

345 208 439 244 Quod
460 215 566 239 autem
586 209 616 238 in
637 208 855 249 descriptione
873 207 955 240 haec
977 209 1079 241 verba
1093 211 1228 242 recitata

258 258 346 287 sunt,
369 252 399 281 in
425 260 489 291 quo
509 257 602 281 coetu
627 250 718 280 Deus
741 260 801 290 per
822 251 1034 282 ministerium
1056 251 1227 294 Evangelii

257 300 306 323 est
332 292 461 329 efficax,
485 293 573 324 duae.
591 298 666 322 sunt
684 292 866 332 particulae
887 293 1034 335 insignes
1051 304 1118 325 non
1137 296 1227 326 omit-

258 336 386 371 tendae,
407 335 534 374 quoties
558 333 731 365 Ecclesiae
750 334 892 366 definitio
907 336 1124 367 constituitur.
1153 337 1227 368 Non

325 494 471 518 necessaria
500 493 622 522 imperiis:
650 493 706 517 ideo
726 494 834 518 maxime
853 493 941 518 volunt
959 495 1087 524 sapientes
1106 498 1132 519 et
1148 501 1226 525 popu-

326 527 377 551 lum
403 527 445 551 Dei
471 527 509 551 bis
529 527 604 551 rebus
632 528 782 551 instructum
807 533 874 551 esse.
909 527 968 552 Tale
993 533 1100 557 regnum
1119 529 1225 553 Messiae

327 565 429 590 semper
456 561 612 585 somniarunt
643 563 668 585 et
693 560 774 585 adbuc
792 561 919 586 somniant
937 561 1032 585 ludaei.
1068 563 1102 586 Ac
1123 561 1224 586 difficile

324 598 363 618 est
383 595 458 618 etiam
477 594 522 619 bas
549 594 742 623 imaginationes
767 595 813 624 piis
835 595 958 622 abiicere,
986 595 1088 619 difficile
1114 598 1153 620 est
1172 602 1224 620 cre-

324 627 384 651 dere
393 628 442 652 Deo
462 634 537 652 curae
557 634 615 652 esse
634 628 750 653 homines
769 628 913 658 dissipatos,
932 628 974 658 qui
992 631 1052 653 sunt
1069 629 1123 653 sine
1145 629 1223 659 impe-

323 662 368 688 rio,
387 661 441 685 sine
461 662 601 691 praesidiis.
638 662 694 686 ldeo
713 662 827 687 Christus
846 662 920 686 dixit:
939 662 1051 691 Regnum
1071 668 1156 687 meum
1175 669 1225 687 non

323 699 362 719 est
382 695 412 719 de
431 695 478 720 hoc
497 696 598 719 mundo.
633 696 709 720 lieni:
737 697 782 725 Qui
800 696 852 720 vult
871 702 912 719 me
930 696 1017 725 sequi,
1034 696 1107 720 tollat
1124 702 1224 720 cruceni

325 735 397 754 suam
426 731 450 753 et
480 733 603 759 sequatur
626 735 676 753 me.
713 730 790 754 Item:
818 730 898 758 Reges
923 730 1036 758 gentium
1055 729 1224 756 dominantur.

324 768 369 787 vos
396 766 480 787 autem
509 769 558 787 non
588 763 631 787 sic.
668 764 745 787 item:
771 764 863 787 Beatus
893 764 935 792 qui
959 763 982 786 in
1008 769 1048 787 me
1074 769 1125 787 non
1149 764 1225 787 fuerit

325 796 518 821 scandalisatus.
557 797 583 821 Et
618 797 710 820 Paulus
730 797 822 826 inquit:
841 796 940 821 lntlrma
960 796 1045 820 mundi
1064 797 1141 825 elegit
1150 797 1224 821 Deus.

324 830 401 854 item:
418 832 491 854 Arma
511 830 613 854 militiae
631 833 733 854 nostrae
753 836 802 854 nou
820 834 879 854 sunt
897 830 1007 854 carnalia
1025 832 1071 854 etc.

394 879 458 904 Haec
477 880 588 904 doctrina
606 879 716 904 tenenda
734 883 782 907 est.
801 882 835 909 ut,
854 885 910 904 cum
929 879 1044 904 videmus
1054 883 1153 904 coetum
1165 880 1224 903 obe-

325 913 435 938 dientem
462 914 596 942 Evangelio
621 914 644 938 in
669 914 791 938 servitute
819 920 876 937 esse
901 914 955 938 sine
983 913 1088 943 imperio
1120 915 1145 937 et
1170 912 1223 937 sine

326 947 472 977 praesidiis.
492 947 601 972 sciamus
621 953 670 971 non
689 947 746 971 ideo
765 947 886 972 reiectum
906 953 964 971 esse
983 953 998 971 a
1015 948 1074 976 Deo,
1099 946 1145 971 sed
1165 952 1223 970 vere

325 988 384 1006 esse
403 981 536 1005 ecclesiam
555 981 606 1006 Dei.
642 982 704 1006 Nam
728 981 753 1005 in
778 981 824 1005 hac
842 981 892 1005 vita
911 980 993 1005 adhuc
1010 981 1080 1005 velut
1098 981 1122 1004 in
1140 980 1224 1009 sepul-

325 1020 366 1040 crn
386 1016 433 1044 est„
452 1018 476 1039 ut
497 1015 609 1039 Christus
627 1017 681 1039 erat
699 1016 756 1039 ante
775 1015 993 1040 resurrectionem.
1029 1014 1058 1039 Et
1081 1020 1131 1038 non
1148 1014 1225 1037 babet

326 1049 433 1077 gloriam
451 1049 559 1073 similem
579 1049 690 1079 imperiis
709 1048 808 1077 mundi,
839 1051 864 1073 et
888 1051 974 1072 tamen
999 1053 1071 1072 suam
1098 1047 1224 1077 quandam

326 1083 433 1111 gloriam
451 1083 542 1108 habet.
570 1085 596 1107 ut
620 1082 699 1112 inquit
716 1082 844 1107 Psalnius:
871 1082 955 1106 Omnis
974 1082 1054 1111 gloria
1072 1081 1138 1105 tiliae
1157 1081 1225 1109 regis

327 1117 393 1141 intus
412 1120 466 1143 est,
492 1116 609 1140 videlicet
627 1122 686 1140 vera
704 1116 798 1145 agnitio
817 1118 842 1140 et
860 1116 981 1140 invocatio
999 1116 1058 1144 Dei,
1086 1119 1111 1139 et
1129 1114 1224 1138 multae

327 1156 435 1180 magnae
455 1149 561 1175 virtutes
579 1153 604 1174 et
617 1150 683 1174 dona
692 1150 743 1174 Dei.
780 1150 809 1174 Et
833 1149 969 1178 singularis
987 1149 1067 1178 gloria
1085 1150 1133 1177 est,
1151 1147 1225 1178 quod,

326 1190 382 1208 curn
397 1184 454 1208 inde
474 1190 552 1214 usque
572 1184 603 1208 ab
623 1184 691 1208 initio
710 1182 798 1208 mundi
809 1183 928 1208 Diabolus
948 1188 1051 1212 semper
1069 1183 1173 1206 conatus
1193 1181 1226 1205 sit

327 1218 413 1242 delere
432 1218 566 1242 ecclesiam
586 1218 626 1241 vel
644 1217 781 1242 manifesta
798 1217 823 1241 vi
841 1217 880 1240 vel
899 1216 1040 1245 fraudibus,
1059 1218 1144 1240 tamen
1163 1221 1226 1239 nun-

327 1257 402 1281 quam
422 1251 508 1276 delere
527 1252 613 1281 potuit,
631 1251 677 1276 sed
695 1256 798 1280 semper
815 1252 964 1275 manserunt
974 1250 1103 1280 reliquiae,
1123 1251 1149 1273 et
1167 1249 1225 1273 sub-

326 1285 384 1309 inde
411 1285 518 1310 mirabili
537 1285 685 1310 liberatione
709 1285 832 1310 excitatae
851 1286 923 1313 sunt,
953 1286 979 1308 et
1000 1283 1124 1308 accedunt
1150 1288 1226 1311 saepe

327 1319 438 1348 gloriosa
456 1319 607 1349 testimonia,
627 1322 653 1344 ut
670 1325 712 1344 res
729 1321 818 1349 gestae
836 1317 912 1347 Eliae,
930 1318 1029 1347 Elisaei,
1046 1316 1143 1345 Esaiae,
1160 1317 1226 1340 Iere-

328 1353 401 1383 miae,
419 1353 529 1378 Danielis
549 1357 571 1378 et
591 1354 726 1378 multorum
746 1353 859 1377 aliorum.

396 1397 449 1422 Non
472 1396 567 1420 babent
589 1395 702 1425 Apostoli
726 1395 851 1425 politicam
876 1393 996 1423 gloriam,
1023 1394 1050 1417 ut
1080 1392 1228 1421 Prophetae,

328 1430 374 1455 sed
402 1432 487 1454 tamen
514 1429 658 1453 babuerunt
682 1428 796 1453 miranda
829 1427 972 1452 testimonia
997 1429 1023 1450 et
1044 1425 1173 1449 mirandas
1200 1424 1229 1448 li-

329 1464 483 1492 berationes,
502 1465 529 1487 ut
547 1463 645 1492 Petrus,
664 1463 772 1491 Paulus,
792 1462 935 1486 educuntur
953 1466 984 1484 ex
1002 1465 1103 1484 carcere
1122 1464 1167 1488 per
1185 1464 1229 1482 an-

328 1498 409 1527 gelos,
427 1500 452 1521 et
470 1497 598 1526 experitur
616 1496 723 1521 ecclesia
742 1495 859 1520 omuibus
885 1494 1040 1524 temporibus
1067 1493 1164 1522 aliquas
1183 1492 1229 1516 mi-

328 1531 422 1556 randas
441 1531 612 1555 liberationes.
644 1531 711 1554 Haec
729 1529 760 1553 de
779 1529 857 1558 gloria
877 1528 1006 1552 monuisse
1025 1527 1087 1551 satis
1105 1526 1146 1550 sit.
1166 1526 1227 1550 Nam

330 1565 452 1590 illustrior
475 1564 556 1594 gloria
580 1566 728 1593 expectatur
750 1565 807 1593 post
825 1561 1045 1587 resurrectionem.
1072 1560 1100 1584 Et
1118 1559 1229 1588 singula-

329 1599 364 1624 ris
383 1603 421 1623 est
440 1598 563 1628 sapientia
582 1598 704 1622 ecclesiae
723 1596 874 1626 intelligere,
893 1595 959 1626 quod
975 1596 1090 1625 oporteat
1100 1599 1157 1618 eam
1170 1593 1229 1617 sub-

330 1633 420 1657 iectam
439 1638 497 1657 esse
516 1632 583 1656 cruci
601 1634 626 1656 et
645 1637 689 1656 cur
707 1631 739 1655 sit
757 1630 877 1655 subiecta.

399 1675 520 1699 Mirantur
538 1674 663 1700 homines.
682 1678 726 1697 cur
743 1673 809 1697 Deus
829 1671 972 1697 oneraverit
990 1675 1072 1699 genus
1091 1669 1230 1693 humanum

330 1710 406 1734 tantis
434 1708 578 1737 aerumnis,
608 1713 637 1731 ac
664 1706 743 1731 multo
768 1706 849 1735 magis
880 1705 1017 1733 mirantur,
1051 1709 1096 1728 cur
1120 1703 1230 1727 maxime

332 1743 411 1767 iustos
445 1744 472 1766 et
496 1743 612 1771 receptos
638 1741 663 1765 in
691 1740 798 1769 gratiam
833 1742 884 1764 tam
912 1739 1008 1763 duriter
1033 1737 1131 1766 affligat
1155 1737 1229 1761 Deus.

331 1777 408 1800 Huius
436 1775 542 1799 mirandi
570 1774 664 1799 consilii
690 1780 794 1798 caussas
817 1773 887 1798 nulla
912 1771 1071 1801 Philosophia
1099 1772 1232 1799 monstrat,
1272 1770 1278 1774 '

331 1815 400 1840 quae.
420 1809 557 1834 arbitratur
580 1810 682 1838 propter
708 1808 842 1832 materiam
868 1807 977 1831 existere
996 1807 1103 1830 mortem
1122 1806 1148 1828 et
1165 1809 1232 1828 mor-

332 1844 386 1871 bos.
405 1845 430 1867 et
448 1845 551 1872 propter
568 1847 668 1866 errores
687 1843 713 1865 et
730 1841 887 1865 voluntatum
913 1839 1111 1864 imbecillitatem
1136 1838 1233 1862 accersi

331 1877 425 1901 multas
453 1876 623 1901 calamitates:
651 1875 697 1900 sed
721 1875 815 1905 primos
840 1874 923 1899 fontes
946 1879 998 1898 non
1016 1873 1146 1898 monstrat.
1183 1872 1233 1896 Hos

333 1911 401 1935 novit
417 1910 525 1934 ecclesia
544 1915 575 1934 ex
594 1909 683 1933 divinis
701 1908 866 1935 testimoniis,
896 1910 921 1932 et
944 1910 1003 1932 sunt
1026 1907 1073 1931 hae
1099 1905 1232 1930 duodecim

334 1949 449 1973 caussae,
467 1949 512 1968 cur
530 1943 636 1968 ecclesia
655 1942 789 1972 praecipue
808 1942 840 1966 sit
858 1942 971 1966 subiecta
989 1940 1063 1965 eruci.

694 2009 805 2034 Prima.

403 2070 536 2094 Peccatum
575 2074 708 2093 commune
744 2067 846 2097 generis
874 2067 993 2095 humani,
1036 2067 1140 2095 propter
1169 2064 1234 2094 quod

334 2109 422 2128 omnes
441 2104 556 2128 homines
575 2102 653 2127 mersi
670 2104 729 2126 sunt
747 2102 772 2126 in
791 2103 913 2129 mortem,
931 2103 957 2124 et
975 2100 1092 2129 ingentes
1117 2098 1234 2123 miserias

336 2143 484 2162 communes
503 2140 528 2161 et
545 2136 664 2166 privatas.

674 2201 829 2226 Secunda.

407 2262 443 2287 Ad
460 2262 507 2287 hoc
525 2261 648 2286 accedunt
667 2260 811 2290 singulares
835 2265 936 2284 morsus
953 2258 1062 2287 Diaboli,
1082 2257 1122 2288 qui
1141 2256 1237 2286 praeci-

338 2303 387 2327 pue
407 2296 538 2320 insidiatur
555 2295 678 2319 ecclesiae
698 2296 724 2318 et
741 2299 797 2318 eam
817 2293 927 2323 implicat
940 2292 1079 2320 aerumnis,
1098 2293 1126 2316 ut
1143 2290 1175 2315 ad
1194 2290 1235 2314 de-

339 2330 509 2360 sperationem
528 2331 553 2353 et
570 2328 741 2358 blasphemias
758 2327 881 2357 impellat.

698 2395 812 2419 Tertia.

409 2455 469 2484 Quia
488 2453 598 2478 mundus
617 2459 666 2477 non
686 2455 756 2478 curat
773 2454 904 2483 peccatum
924 2454 950 2476 et
966 2452 1029 2476 iram
1041 2450 1099 2478 Dei,
1118 2449 1174 2473 ideo
1185 2455 1237 2473 ma-

339 2491 378 2521 gis
407 2489 531 2519 premitur
560 2487 680 2515 ecclesia,
710 2489 737 2511 ut
758 2488 812 2517 ipsa
836 2487 967 2516 peccatum
993 2486 1018 2509 et
1036 2485 1098 2509 iram
1117 2483 1160 2508 Dei
1178 2488 1237 2506 vere

340 2524 471 2553 agnoscat,
490 2524 515 2546 et
533 2521 625 2550 singuli
643 2521 724 2544 sciant
741 2527 768 2544 se
789 2521 883 2545 debere
892 2520 943 2544 Deo
961 2524 1057 2548 poenas
1075 2520 1099 2541 et
1118 2516 1237 2540 obedien-

1269 212 1353 243 enim
1377 210 1529 252 fingenda
1553 216 1605 241 est
1623 208 1775 240 Ecclesia
1798 209 1870 240 sine
1895 209 2008 239 notitia
2032 207 2142 248 aliqua
2161 218 2234 248 pro-

1269 253 1434 284 missionis
1458 253 1498 283 de
1518 250 1651 283 Christo
1670 257 1701 282 et
1724 251 1795 281 sine
1816 250 2006 287 ministerio,
2024 259 2090 280 non
2113 255 2163 280 est
2174 249 2236 280 Ec-

1270 294 1371 327 clesia
1392 295 1424 326 in
1444 304 1484 326 eo
1508 299 1615 335 coetu,
1634 294 1688 329 ubi
1713 302 1774 329 1:33
1795 292 1910 329 notitia
1935 296 1985 322 est
2010 291 2236 331 promissionis

1271 338 1312 369 de
1324 336 1455 369 Christo
1478 349 1540 370 nec
1563 349 1627 370 vox
1649 350 1711 371 nec
1728 338 1939 372 ministeriun}
1950 331 2142 381 Evangelii:
2160 332 2236 371 ideo

1337 498 1397 522 tiam
1416 498 1440 523 in
1458 499 1545 528 poenis
1564 501 1667 528 propter
1684 498 1800 523 morbum
1819 499 1950 523 nobiscum
1973 501 2119 523 nascentem
2149 501 2175 523 et
2194 506 2236 529 pe-

1338 532 1442 556 culiaria
1469 532 1576 561 delicta,
1602 533 1669 557 iuxta
1698 531 1775 556 illud:
1807 531 1930 556 Iudicium
1958 537 1973 555 a
1993 531 2067 556 domo
2085 533 2128 557 Dei
2146 532 2237 562 incipit.

1339 565 1413 590 item:
1433 565 1600 590 Humiliamini
1618 566 1665 590 sub
1684 565 1780 595 potenti
1798 571 1876 590 manu
1893 565 1944 590 Dei.

1725 632 1852 662 Quarta.

1407 690 1437 714 Ut
1454 690 1562 714 ecclesia
1579 692 1682 714 vocetur
1706 690 1738 714 ad
1764 690 1946 720 poenitentiam
1965 692 1990 714 et
2008 690 2162 719 agnitionem
2180 695 2237 719 pro·

1337 722 1431 747 missae
1451 723 1556 751 salutis,
1575 724 1641 747 iuxta
1660 723 1734 747 illud:
1765 725 1785 748 Α
1803 724 1906 748 Domino
1932 723 2093 753 corripimur,
2121 729 2153 748 ne
2180 728 2235 747 cum

1339 755 1384 780 boc
1403 756 1497 780 mundo
1516 756 1675 781 damnemur.

1726 822 1852 852 Quinta.

1409 873 1439 897 Ut
1456 872 1624 902 conspiciatur
1640 872 1752 902 potentia
1770 872 1813 896 Dei
1823 872 1944 896 innostra
1962 871 2114 896 infirmitate.
2142 871 2238 899 Esaias,

1338 906 1466 935 ieremias,
1483 906 1585 933 Paulus,
1603 911 1659 930 cum
1678 911 1720 929 res
1739 905 1863 929 maximas
1881 905 2016 935 gesserint,
2041 907 2126 929 tamen
2142 909 2238 934 vagan-

1339 941 1380 963 tur
1397 941 1424 964 ut
1443 940 1544 968 miseri,
1563 941 1588 964 et
1606 938 1789 964 interficiuntur
1806 938 1923 969 tandem,
1943 941 1970 963 ut
1987 939 2111 968 appareat
2132 943 2178 963 eas
2196 943 2238 962 res

1339 973 1458 998 divinitus
1476 976 1564 1003 gestas
1583 978 1650 1001 esse,
1668 978 1718 997 non
1736 972 1835 996 illorum
1854 973 1959 997 viribus.

1736 1039 1842 1065 Sexta.

1410 1091 1440 1115 Ut
1457 1090 1615 1116 calamitates
1633 1091 1706 1116 huius
1732 1090 1785 1121 [Ed.
1806 1092 1829 1116 3.
1848 1089 1915 1121 nuic]
1943 1090 2009 1115 vitae
2027 1090 2079 1115 sint
2095 1088 2239 1114 testimonia

1341 1123 1419 1149 futuri
1437 1124 1528 1148 iudicii.
1558 1125 1619 1153 Quia
1637 1125 1704 1149 enim
1724 1124 1839 1149 videmus
1858 1123 1963 1148 interfici
1980 1130 1995 1148 a
2014 1124 2087 1150 malis
2106 1128 2160 1152 eos,
2177 1128 2240 1154 quos

1340 1158 1407 1182 Deus
1425 1159 1534 1182 testatur
1551 1164 1580 1182 se
1599 1158 1747 1188 approbare,
1766 1160 1861 1182 certum
1881 1159 2060 1187 argumentum
2085 1158 2126 1182 est
2142 1158 2240 1181 restare

1340 1191 1408 1215 aliud
1435 1191 1567 1221 iudicium,
1597 1192 1621 1216 in
1645 1197 1694 1222 quo
1719 1192 1784 1216 Deus
1811 1191 1939 1216 discernet
1963 1191 2043 1216 bonos
2071 1196 2087 1215 a
2112 1190 2189 1215 malis
2216 1191 2242 1214 et

1341 1225 1460 1249 ostendet
1478 1231 1506 1249 se
1525 1230 1576 1250 non
1592 1225 1738 1254 neglexisse
1757 1231 1825 1250 suos.

1714 1292 1867 1321 Septima.

1410 1341 1440 1365 Ut
1457 1340 1550 1370 singuli
1569 1340 1690 1365 admoniti
1712 1342 1765 1365 suis
1792 1342 1817 1365 et
1841 1341 1930 1366 alienis
1955 1340 2085 1365 aerumnis
2103 1342 2243 1370 agnoscant

1342 1374 1467 1404 propriam
1486 1374 1666 1403 infirmitatem,
1686 1374 1814 1404 deponant
1825 1374 1941 1399 fiduciam
1961 1374 2009 1404 sui,
2027 1374 2111 1398 minus
2129 1374 2180 1399 sint
2199 1379 2243 1398 au-

1341 1407 1418 1432 daces
1436 1408 1468 1432 ad
1486 1407 1639 1432 movendum
1658 1408 1759 1438 aliquid,
1778 1408 1832 1432 sine
1850 1408 1989 1432 vocatione.
2023 1407 2092 1432 Sicut
2108 1407 2242 1437 Pompeius

1342 1440 1504 1465 dementatus
1523 1441 1695 1470 superioribus
1715 1441 1876 1465 successibus
1895 1441 1973 1465 movit
1991 1441 2063 1466 civile
2075 1440 2181 1470 bellum,
2199 1440 2243 1465 Sa-

1342 1475 1426 1499 lomon
1444 1475 1469 1499 in
1487 1474 1605 1499 secundis
1624 1474 1701 1499 rebus
1719 1474 1803 1499 factus
1822 1476 1861 1500 est
1879 1474 2032 1499 insolentior-

1733 1542 1860 1566 Octava.

1412 1592 1442 1616 Ut
1460 1591 1556 1621 singuli
1573 1593 1743 1621 agnoscentes
1762 1591 1933 1616 infirmitatem
1952 1596 2034 1617 suam,
2051 1589 2134 1619 magis
2152 1589 2244 1614 intelli-

1343 1627 1403 1655 gant
1428 1631 1490 1655 opus
1516 1631 1574 1650 esse
1591 1625 1643 1650 Deo
1662 1625 1820 1655 gubernante
1840 1627 1865 1650 et
1883 1625 1993 1654 iuvante,
2023 1626 2049 1649 et
2074 1622 2245 1649 accendantur

1344 1658 1377 1683 ad
1401 1659 1530 1684 assiduam
1555 1659 1752 1690 invocationem
1777 1659 1845 1683 Sicut
1864 1658 1967 1684 dicitur:
1991 1658 2082 1683 luvoca
2100 1663 2141 1682 me
2159 1657 2185 1681 in
2202 1656 2243 1680 die

1343 1693 1510 1717 tribulationis
1528 1694 1575 1717 etc.

1744 1760 1837 1784 Nona.

1415 1820 1444 1844 Ut
1470 1819 1553 1849 palam
1581 1817 1638 1846 fiat,
1669 1818 1735 1848 quod
1760 1817 1930 1842 obedientiam
1949 1816 2030 1842 sancti
2047 1816 2178 1846 praestent
2195 1820 2246 1839 non

1345 1858 1407 1877 suae
1426 1852 1614 1883 tranquillitatis
1634 1853 1659 1876 et
1678 1851 1791 1876 utilitatis
1810 1857 1910 1877 caussa.
1929 1851 1976 1876 sed
1986 1855 2054 1879 vere,
2071 1852 2099 1874 ut
2116 1850 2167 1874 Deo
2185 1848 2245 1873 obe-

1346 1886 1424 1916 diant,
1442 1887 1501 1911 item
1520 1888 1547 1911 ut
1565 1886 1626 1911 dent
1643 1886 1814 1910 testimonium
1833 1884 1976 1914 Evangelio.
2008 1884 2070 1909 Nam
2088 1883 2113 1907 in
2131 1881 2246 1907 afflictio-

1346 1920 1420 1945 nibus
1440 1920 1604 1949 conspicitur,
1623 1925 1655 1944 an
1673 1919 1740 1943 serio
1759 1918 1899 1943 sentiamus
1918 1923 1978 1942 vera
1998 1923 2069 1947 esse,
2088 1921 2152 1947 quae
2171 1914 2246 1945 profi-

1346 1955 1437 1978 temur.

1727 2019 1866 2043 Decima.

1416 2079 1454 2107 Ut,
1472 2084 1528 2103 cum
1548 2079 1572 2102 in
1591 2077 1767 2102 afflictionibus
1786 2076 1914 2100 sensimus
1931 2080 1979 2099 nos
1997 2075 2038 2099 vel
2052 2073 2190 2099 sustentari
2207 2074 2248 2097 vel

1347 2112 1483 2141 gubernari
1500 2111 1540 2136 vel
1559 2111 1628 2141 eripi,
1646 2111 1710 2135 baec
1728 2109 1870 2134 testimonia
1888 2108 2038 2133 confirment
2054 2107 2140 2136 tidem,
2157 2108 2186 2131 ut
2195 2112 2249 2131 ma-

1348 2146 1387 2175 gis
1405 2148 1546 2170 statuamus
1573 2150 1631 2169 vere
1660 2150 1705 2168 nos
1733 2143 1823 2173 respici
1841 2144 1866 2167 et
1884 2142 1971 2167 iuvari.
2010 2143 2030 2166 l.
2050 2142 2109 2170 Reg.
2129 2141 2169 2165 17.
2201 2141 2249 2165 Do—

1350 2179 1442 2207 minus,
1460 2180 1500 2209 qui
1520 2178 1609 2208 eripuit
1627 2184 1667 2202 me
1689 2177 1730 2209 [in
1749 2177 1791 2201 Ed.
1803 2176 1826 2199 3.
1840 2176 1920 2201 deest
1939 2175 1991 2205 me]
2010 2181 2024 2199 a
2043 2176 2118 2200 leone
2136 2175 2163 2198 et
2180 2179 2248 2203 urso,

1350 2213 1403 2242 ipse
1423 2218 1462 2236 me
1483 2212 1599 2237 liberabit
1616 2212 1647 2236 ab
1661 2212 1708 2236 boc
1717 2211 1860 2235 Philistaeo.
1896 2209 1964 2234 Rom.
1983 2210 2007 2234 5.
2039 2208 2157 2233 Probatio
2176 2213 2246 2237 spem

1351 2245 1435 2275 efficit,
1454 2246 1478 2270 id
1498 2249 1548 2273 est,
1567 2251 1623 2269 cum
1643 2245 1806 2275 cognovimus
1824 2250 1871 2268 nos
1890 2243 1979 2271 iuvari,
1997 2248 2057 2272 spes
2076 2240 2247 2266 confirmatur.

1352 2279 1452 2304 Certum
1472 2282 1511 2304 est
1529 2279 1595 2303 enim
1615 2278 1672 2303 ldeo
1691 2278 1854 2303 liberationes
1873 2277 1941 2306 fieri,
1964 2278 1992 2300 ut
2009 2281 2069 2306 spes
2087 2273 2249 2299 confirmetur

1351 2313 1374 2336 2.
1394 2314 1448 2338 cor.
1468 2314 1489 2335 1.
1522 2313 1566 2342 Qui
1586 2319 1617 2337 ex
1635 2314 1705 2336 tanta
1723 2313 1804 2336 morte
1823 2316 1869 2335 nos
1889 2310 2012 2338 liberavit,
2030 2309 2090 2334 etin
2102 2313 2177 2338 quem
2191 2312 2248 2336 spe-

1351 2353 1446 2375 ramus,
1464 2347 1529 2376 quod
1549 2347 1639 2370 iterum
1659 2352 1705 2370 nos
1723 2345 1878 2370 liberaturus
1891 2344 1931 2369 sit.
1964 2343 2040 2368 Multa
2057 2343 2107 2366 buc
2122 2341 2247 2371 pertinent

1351 2381 1510 2405 Psalmorum
1539 2380 1619 2407 dicta,
1646 2382 1673 2404 ut
1690 2379 1792 2404 Psalmo
1811 2378 1834 2401 9.
1869 2378 1958 2402 Factus
1984 2379 2024 2401 est
2041 2375 2161 2400 Dominus
2179 2373 2247 2398 refu-

1349 2415 1418 2443 gium
1438 2414 1550 2444 pauperi,
1581 2415 1606 2437 et
1631 2415 1735 2443 sperent
1752 2412 1777 2436 in
1795 2413 1830 2441 te,
1848 2412 1890 2441 qui
1908 2412 2043 2435 moverunt
2059 2413 2151 2433 nomen
2169 2409 2248 2431 tuum,

1350 2448 1451 2472 Psalmo
1470 2449 1510 2472 33.
1561 2446 1675 2471 Accedite
1694 2445 1726 2470 ad
1746 2451 1803 2470 eum
1823 2447 1871 2469 etc.
1906 2444 2005 2473 Pauper
2022 2442 2146 2469 clamavit,
2165 2442 2190 2478 et
2200 2441 2246 2465 Do-

1350 2482 1434 2506 minus
1453 2480 1578 2505 exaudivit
1597 2486 1662 2504 eum.
1692 2479 1793 2504 Psalmo
1816 2478 1870 2502 117.
1902 2477 2039 2506 Castigans
2058 2475 2189 2504 castigavit
2206 2479 2246 2497 me

1351 2515 1471 2540 Dominus
1490 2516 1535 2538 etc.
