2358 2933
222 105 286 136 839

222 196 352 238 gelium.

222 241 404 269 cessionem
428 240 640 270 ordinariam:
664 239 729 269 Sed
754 249 826 269 cum
851 239 1003 279 Episcopi
1027 246 1057 270 et
1078 240 1192 270 Pasto-

222 291 274 311 res
299 281 473 311 defendunt
500 291 632 311 errores
655 288 683 311 et
707 280 805 317 idola,
830 283 949 312 vitandi
973 289 1057 312 sunt.
1092 282 1191 312 Prae·
1212 296 1214 315 2

221 332 308 353 terea
343 331 417 353 sunt
452 324 574 363 gradus
609 324 780 354 donorum.
813 330 846 353 ut
871 323 995 354 Paulus
1028 321 1213 355 antecedit*

222 365 391 395 Barnabae
448 366 486 395 Ηί
521 365 644 406 gradus
668 366 897 395 considerandi
921 372 1012 397 sunt.
1047 372 1081 396 ut
1104 376 1190 396 ame-

220 417 290 437 mus
325 414 353 436 ct
385 406 509 437 honore
541 407 722 437 afficiamus
757 407 906 449 singulos
929 409 997 438 suis
1021 409 1115 438 donis
1139 419 1191 438 or-

219 455 323 479 natos.

306 490 451 520 Gloriam
475 491 653 530 politicam.
679 492 708 521 id
734 497 795 524 est.
821 492 974 522 victorias
998 491 1189 532 corporales

219 543 282 562 non
318 543 448 572 semper
483 534 579 563 babet
615 532 775 563 Ecclesia.
811 533 925 574 quales
960 534 1082 564 habuit.
1117 545 1189 565 cum

219 574 298 605 Saul
317 582 371 605 aut
398 575 503 605 David
523 574 644 616 pepulit
669 577 832 606 exercitus
857 575 1015 606 hostiles.
1041 576 1100 606 sed
1122 575 1190 617 ple·

219 627 352 657 rumque²
380 616 526 648 Ecclesia
552 617 620 648 fuit.
645 624 695 647 est
720 625 750 648 et
775 619 834 648 erit
860 618 1007 649 subiecta
1032 619 1133 655 cruci,
1157 625 1189 649 et

218 666 324 689 tamen
360 660 522 701 ingentem
557 660 651 690 habet
676 659 812 699 gloriam
835 661 1015 700 sapientiae
1037 668 1067 690 et
1090 661 1189 691 virtu-

218 709 282 731 tum
303 709 332 731 et
359 700 530 732 inultorum
554 701 795 732 miraculmwn.
820 713 904 743 quae
927 713 992 733 non
1013 709 1191 733 cernuntur

217 745 258 773 ab
282 744 397 784 impiis.
444 745 611 774 Summum
636 744 736 773 decus
761 752 826 775 est.
860 746 946 786 quod
971 744 1076 775 Deum
1101 750 1190 775 recte

216 787 367 826 agnoscit
393 794 421 815 ct
446 787 584 816 invocat.
633 786 771 826 Semper
802 788 884 817 enim
908 787 1016 827 aliqua
1037 792 1110 817 sunt
1136 796 1190 816 vc-

217 838 252 858 ra
285 829 429 859 membra
455 827 634 859 Ecclesiae,
659 838 743 868 quae
768 828 1010 859 fundamentum
1040 829 1191 864 retinent,

217 871 342 900 etiamsi
376 871 493 900 deinde.
526 871 642 910 ingens
678 877 727 899 est
763 871 933 901 multitudo
966 871 1189 906 infirmiorum,

217 913 268 951 qui
293 919 411 949 tamen,
435 913 508 953 quia
528 912 634 942 Deum
660 919 748 943 recte
770 914 936 949 invocant,
960 923 1112 954 magnum
1136 912 1191 942 de-

217 964 274 983 cus
308 953 440 985 habent.
487 954 636 984 Ceterum
661 965 761 995 supra
786 955 906 986 dictum
926 962 989 992 est,
1022 965 1088 985 non
1113 964 1190 984 esse

216 997 357 1027 membra
392 996 565 1027 Ecclesiae
598 995 691 1033 illos,
726 999 778 1038 qui
812 998 1025 1037 pertinaciter
1058 1006 1190 1027 errores

217 1050 290 1070 eum
324 1038 535 1070 fundamento
565 1046 749 1080 pugnantes
774 1040 963 1076 defendunt,
984 1040 1107 1069 etiamsi
1133 1049 1189 1069 no-

216 1091 289 1112 men
308 1089 338 1112 et
364 1081 490 1113 titulum
515 1080 698 1111 Eccllesiae
716 1088 919 1122 praetexunt.

301 1123 429 1155 Deinde
457 1133 597 1164 magnae
630 1125 788 1154 victoriae
822 1130 897 1154 sunt
933 1125 1075 1155 omnium
1099 1129 1189 1153 recte

217 1168 447 1198 invocantium.
471 1165 619 1197 videlicet
645 1168 730 1207 quod
756 1176 820 1196 non
845 1173 1036 1197 evertuntur
1059 1165 1190 1196 Diaboli

218 1210 353 1240 insidiis.
378 1210 558 1239 terroribus
577 1215 790 1249 tyrannorum
809 1215 842 1239 et
859 1207 932 1239 aliis
943 1209 1190 1244 tentationibus,

218 1258 247 1282 et
270 1250 428 1282 miracula
453 1250 554 1281 multa
578 1257 653 1281 sunt
678 1252 877 1291 quotidiana,
891 1250 1102 1281 liberationes
1122 1260 1190 1281 cre-

220 1295 297 1324 brae
321 1295 352 1323 in
377 1295 502 1334 magnis
531 1292 704 1333 periculis.
741 1303 878 1334 quarum
908 1293 1032 1323 multae
1055 1299 1191 1333 propter

218 1345 334 1376 preces
347 1335 517 1366 Ecclesiae
542 1335 631 1372 fiunt,
654 1342 686 1365 ut
702 1334 823 1366 Paulus
848 1336 920 1372 scit,
945 1345 982 1365 se
1017 1342 1049 1365 et
1083 1336 1190 1365 navim

218 1388 310 1408 suam
333 1379 459 1409 servari
482 1388 501 1408 a
520 1376 606 1408 Deo.
631 1378 756 1408 etiamsi
780 1376 833 1408 alii
856 1378 1086 1408 existimabant
1110 1387 1191 1407 casu

219 1430 289 1451 eam
313 1427 478 1451 servatam
503 1429 588 1449 esse.

303 1462 424 1504 Magna
449 1461 552 1503 gloria
573 1468 622 1492 est
646 1460 787 1491 felicitas
806 1463 838 1491 in
858 1462 1043 1497 vocatione,
1062 1461 1190 1497 studiis,

219 1504 375 1534 consiliis.
401 1505 544 1535 iudiciis:
579 1506 669 1535 Sicut
694 1510 829 1534 econtra
852 1513 978 1534 summa
1001 1502 1191 1533 defonnitas

219 1554 248 1577 et
274 1546 443 1578 calamitas
462 1553 511 1577 est
532 1553 562 1576 et
587 1547 752 1586 turpitudo
776 1547 917 1576 omnium
946 1546 1087 1575 maxime
1110 1543 1192 1585 sugi-

219 1590 314 1628 enda,
333 1599 408 1619 esse
430 1590 624 1630 parricidam
649 1588 810 1619 Eccesiae
833 1594 888 1618 aut
909 1588 1046 1627 patriae.

304 1631 478 1662 Postremo
491 1632 654 1671 praesidia
668 1630 806 1661 visibilia
821 1628 995 1660 Ecclesiae
1007 1628 1192 1670 alligatam)

221 1676 318 1705 certis
344 1674 426 1704 locis
448 1673 537 1704 nulla
563 1680 650 1709 sunt,
674 1674 704 1703 id
724 1680 785 1710 est,
810 1683 872 1703 nec
897 1672 1005 1713 Reges
1029 1682 1091 1702 nec
1111 1681 1192 1711 opes

220 1728 280 1748 nec
303 1718 467 1747 exercitus
491 1727 552 1746 nec
575 1717 686 1745 sedem
710 1726 807 1746 unam
831 1714 972 1755 aliquam
997 1720 1120 1744 certam
1138 1719 1193 1744 aut

220 1766 406 1800 perpetuam
431 1760 461 1789 in
486 1759 548 1788 hac
572 1759 638 1788 vita
662 1757 758 1787 habet
778 1756 929 1787 Ecclesia
953 1763 1029 1795 post.
1051 1756 1191 1786 deletam

222 1800 473 1841 politiantlsrat'2l
498 1801 573 1831 ldeo
584 1800 845 1840 Cinistusinquit
860 1799 1192 1836 {Mattli.8,‘.)0,]:Non

220 1844 319 1874 habet
342 1843 427 1874 filius
451 1843 602 1873 hominis.
625 1844 679 1872 ubi
703 1841 837 1872 reclinet
864 1848 971 1881 caput.
1005 1840 1086 1871 Vult
1109 1841 1192 1870 enim

221 1885 519 1916 masfa-«tesiam
533 1886 713 1915 subiectam
727 1894 803 1914 esse
812 1883 920 1915 Cruci.
934 1890 967 1914 ut
981 1893 1121 1914 caussae
1129 1881 1192 1912 alio

220 1927 294 1957 loco
319 1927 438 1958 multae
463 1934 691 1957 recensentur.
716 1937 799 1966 quae
822 1936 887 1956 non
911 1932 985 1955 sunt
1009 1932 1107 1955 notae
1119 1924 1193 1955 Phi-

220 1969 399 2011 tosophiae‚
424 1970 481 1999 sed
505 1976 627 1999 tantum
652 1970 683 1998 in
708 1967 887 2009 Evangelio
911 1968 1105 2008 patefactae.

306 2012 499 2053 Quanquam
534 2018 639 2041 autem
674 2011 834 2041 interdum
859 2010 950 2040 Deus
981 2008 1108 2050 aliquos
1131 2008 1193 2038 Re-

222 2065 280 2097 ges
304 2053 537 2095 aliquantisper
556 2054 596 2084 ad
620 2051 790 2083 Ecclesiae
814 2052 1035 2082 defensionem
1066 2051 1193 2081 exusci-

222 2104 289 2133 tat,
335 2104 364 2126 ut
403 2097 551 2126 excitavit
588 2094 726 2136 Cyrum.
761 2094 1010 2124 Constantinum
1045 2100 1075 2123 et
1109 2092 1191 2123 alias

221 2138 323 2173 alios;
355 2144 459 2168 tamen
484 2148 548 2168 non
573 2147 704 2177 semper
726 2138 872 2177 adiungit
896 2135 1068 2166 Ecclesiae
1091 2145 1190 2175 regna

222 2181 262 2211 ad
286 2191 356 2210 eam
380 2180 633 2215 defendendam,
658 2180 715 2209 sed
740 2179 809 2208 vult
833 2189 903 2209 eam
927 2185 1040 2218 petere
1064 2184 1095 2207 ct
1118 2186 1192 2216 spc-

224 2233 297 2252 rare
331 2222 552 2253 defensionem
585 2222 730 2252 universi
767 2222 918 2261 corporis
958 2221 1126 2257 divinitus,
1159 2224 1193 2249 ut

223 2265 284 2295 les.
297 2266 348 2294 45.
364 2266 474 2302 {vsſskl
485 2266 617 2294 dicitur:
630 2264 701 2304 Ego
716 2273 775 2293 vos
789 2264 818 2293 in
828 2269 920 2293 utero
930 2273 1003 2293 meo
1014 2268 1120 2303 gesto,
1129 2271 1192 2302 ego

223 2308 316 2337 etiam
341 2314 564 2337 senescentem
589 2306 770 2336 Ecclesiam
802 2306 951 2346 gestabo.
995 2304 1035 2334 Et
1060 2305 1139 2334 ose.
1166 2303 1193 2334 l.

225 2353 275 2385 {vs
299 2349 342 2386 7.Ι
358 2349 508 2379 Servabo
523 2359 581 2379 xos
594 2359 658 2379 non
673 2350 703 2378 in
718 2358 795 2378 arcu
808 2349 912 2378 necin
937 2345 1058 2387 gladic,
1079 2347 1139 2376 sed
1161 2346 1192 2375 in

223 2390 364 2421 Domino
388 2391 460 2421 Deo
485 2398 604 2421 vestro.
650 2391 733 2425 Quid
756 2391 881 2420 tristius
904 2395 954 2419 est
977 2389 1040 2419 hac
1063 2387 1194 2429 specie?

224 2526 269 2557 91)
289 2527 406 2556 alligata]
424 2527 495 2551 Editt.
516 2526 555 2549 2-2.
576 2526 614 2549 2⁴.
633 2526 690 2548 28-
702 2526 752 2552 34..
771 2526 833 2555 opp.
855 2526 876 2546 1.
896 2524 918 2548 2.
936 2524 1056 2553 alligatae

846 105 956 136 Ptin..
979 105 1080 136 MEL.
1102 105 1286 138 SCRIPTA
1308 106 1581 139 DOGMA'rtcA.

399 197 470 227 Non
496 204 542 228 cst
568 204 675 228 autem
699 196 853 237 alligatus
873 197 926 227 liic.
948 198 1030 227 ordo
1053 198 1094 228 ad
1119 208 1192 228 suc-
1212 207 1213 215 ¹

2142 112 2205 143 84⁰

1236 198 1385 240 Vagatur
1407 201 1468 230 iam
1494 198 1657 237 Ecclesia,
1681 207 1717 230 ut
1739 200 1937 232 Scholastici
1961 201 2150 241 exulantes,
2173 211 2205 236 et

1235 251 1417 281 quanquam
1442 241 1533 271 Deus
1555 240 1673 272 alicubi
1696 243 1831 282 praebet
1854 244 2030 274 mediocria
2053 244 2204 285 hospitia,

1234 288 1341 313 tamen
1365 284 1468 313 maior
1491 290 1540 313 est
1559 285 1702 323 potentia
1726 283 1868 316 hostium
1890 285 2074 327 Evangelii,
2096 294 2126 317 et
2150 288 2204 319 de-

1234 323 1384 355 fensores
1408 336 1504 366 quam
1527 327 1592 355 sint.
1615 326 1695 356 lirini
1730 332 1761 356 et
1783 337 1879 368 quam
1903 329 1956 358 diu
1979 330 2136 366 duraturi,
2157 330 2204 360 in-

1235 373 1358 397 certum
1394 374 1452 397 est.
1499 367 1606 408 Cyrus
1636 367 1767 397 fovebat
1794 368 1985 407 Ecclesiam,
2020 370 2204 412 Cambyses

1235 415 1266 438 et
1295 408 1416 439 Darius
1452 411 1688 449 opprimebant.
1734 410 1827 440 Hanc
1861 410 1998 442 sormam
2032 412 2205 443 Ecclesiae

1235 451 1493 481 consideremus.
1517 458 1549 481 ut
1573 451 1792 491 intelligamus
1810 452 1965 492 pericula,
1987 461 2017 483 et
2041 453 2137 485 simul
2159 456 2203 485 di-

1234 502 1380 529 scamus,
1404 492 1584 523 Ecclesiam
1609 493 1738 534 colligi.
1773 496 1915 532 servari,
1938 496 2132 532 instaurari,
2151 497 2204 527 de-

1234 533 1332 571 fendi,
1356 545 1421 565 non
1445 535 1594 566 lnnnanis
1618 535 1764 566 consiliis
1787 543 1842 566 aut,
1859 538 2045 576 praesidiis,
2067 538 2126 568 sed
2148 548 2204 578 po-

1235 577 1332 606 tentia
1357 576 1434 613 Dei,
1469 578 1552 608 sicut
1577 579 1606 608 in
1630 577 1790 608 Paradiso
1815 579 1919 609 Adam
1943 585 1976 609 et
1997 579 2067 609 Eva
2089 589 2205 611 rursus

1234 617 1360 648 liberati
1384 625 1457 649 sunt
1482 629 1502 649 a
1525 626 1662 659 peccato
1682 627 1713 650 et
1736 621 1908 661 tyrannide
1927 620 2069 652 Diaboli.
2115 621 2205 652 Sem·

1233 669 1293 699 per
1326 661 1423 700 igitur
1445 662 1541 691 adest
1569 668 1682 692 custos
1706 662 1878 693 Ecclesiae
1902 662 1986 694 tilius
2010 663 2089 700 Dei,
2122 664 2206 694 sicut

1235 701 1311 731 dixit
1349 702 1475 739 [Mattlt.
1508 703 1560 739 28,
1593 704 1676 741 20.1:
1721 705 1793 745 Ego
1822 705 1992 736 vobiscum
2026 715 2131 746 usque
2163 706 2205 736 ad

1235 746 1547 775 consummationem
1570 745 1739 779 seculi.³s›

1472 869 1651 901 CONTRA
1680 871 1968 902 DoNA'rtsTAs.

1320 953 1567 993 Descripsimus
1592 953 1774 985 Ecclesiam
1797 954 1968 993 visibilem,
1986 956 2017 985 in
2041 966 2106 997 qua
2128 956 2206 987 dixi-

1235 1005 1307 1026 mus
1343 995 1463 1026 multos
1496 1007 1562 1027 non
1597 1004 1729 1028 renatos
1763 998 1925 1028 admixtos
1961 1007 2036 1028 esse
2069 999 2206 1036 sanctis,

1235 1038 1293 1068 sed
1323 1037 1377 1068 hic
1410 1039 1552 1070 discerni
1586 1039 1693 1070 malos
1721 1045 1862 1080 oportet.
1907 1039 1973 1070 Alii
1995 1040 2036 1070 de
2058 1041 2206 1071 doctrina

1236 1086 1323 1110 recte
1345 1082 1503 1118 sentiunt,
1537 1092 1598 1112 nec
1620 1088 1695 1112 sunt
1717 1081 1834 1112 hostes
1857 1080 2028 1122 Evangelii
2051 1092 2109 1113 seu
2131 1082 2207 1113 hae-

1234 1123 1336 1159 retici,
1360 1123 1420 1152 sed
1443 1129 1565 1154 tantum
1588 1123 1710 1154 habent
1734 1123 1842 1164 aliqua
1865 1134 1992 1155 morum
2015 1125 2101 1155 vitia.
2145 1124 2207 1155 Ta-

1234 1163 1284 1195 les
1318 1166 1345 1195 si
1370 1175 1435 1195 non
1459 1166 1523 1196 sint
1547 1166 1828 1202 excommunicati,
1857 1166 1918 1196 etsi
1941 1172 2102 1197 vocantur
2122 1176 2207 1197 mor·

1234 1214 1289 1237 tua
1323 1208 1479 1244 membra,
1516 1214 1621 1239 tamen
1656 1215 1731 1239 sunt.
1754 1209 1785 1238 in
1810 1213 1947 1238 externa
1969 1208 2128 1239 societate
2145 1207 2207 1238 Ec-

1235 1248 1372 1286 clesiae,
1396 1255 1425 1279 et
1450 1260 1522 1280 cum
1546 1250 1727 1291 funguntur
1750 1260 1882 1280 munere
1911 1250 2049 1281 docendi
2072 1256 2128 1281 aut
2150 1250 2207 1280 ad-

1235 1292 1472 1321 ministratione
1495 1292 1793 1328 Sacramentorum,
1826 1291 2006 1325 valent⁹¹²¹)
2027 1291 2206 1322 ministeria

1235 1339 1267 1364 et
1290 1339 1367 1363 sunt
1389 1332 1550 1370 efficacia,
1573 1340 1604 1364 ct
1625 1332 1701 1364 licet
1725 1334 1772 1364 eis
1795 1335 1851 1364 uti.

1320 1375 1443 1415 Estque
1475 1376 1596 1406 acriter
1628 1376 1790 1406 taxandus
1825 1386 1919 1406 error
1947 1375 2208 1413 Donatistartun,

1235 1418 1288 1458 qui
1313 1417 1554 1447 contendebant
1573 1427 1634 1448 nec
1653 1416 1864 1458 Evangelium
1890 1427 1950 1447 nec
1961 1417 2208 1448 Sacramentum

1235 1458 1335 1489 ullum
1369 1469 1446 1491 esse
1479 1458 1615 1496 efficax,
1648 1460 1676 1489 si
1710 1460 1845 1490 ministri
1870 1468 1978 1490 mores
2000 1459 2066 1489 sint
2087 1459 2207 1489 vitiosi.

1236 1501 1361 1531 Contra
1383 1501 1470 1531 hunc
1494 1511 1639 1531 errorem
1658 1501 1819 1532 tenendae
1841 1508 1915 1531 sunt
1932 1501 2113 1532 sententiae
2135 1510 2208 1539 per-

1236 1544 1380 1583 spicuae.
1424 1543 1540 1573 Mattli.
1566 1543 1615 1574 13.
1640 1546 1720 1580 [vss.
1743 1543 1785 1574 47
1808 1549 1871 1584 Sq·{
1907 1542 2059 1573 Christus
2081 1540 2207 1572 confert

1236 1584 1419 1616 Ecclesiam
1453 1595 1612 1626 sagenae,
1647 1586 1679 1615 in
1713 1595 1775 1625 qua
1810 1586 1886 1615 boni
1921 1591 1953 1615 et
1986 1584 2061 1615 mali
2096 1584 2208 1623 pisces

1237 1634 1328 1663 sunt;
1373 1627 1461 1658 Dicit
1493 1629 1569 1658 item
1605 1631 1669 1666 [vs.
1693 1627 1774 1667 30.]:
1804 1627 1838 1657 ln
1871 1626 2019 1657 Ecclesia
2052 1635 2208 1657 mansura

1238 1669 1376 1710 essefflb)
1391 1671 1513 1700 zizania
1525 1680 1630 1711 usque
1642 1670 1683 1700 ad
1690 1670 1978 1702 resurrectionem;
1991 1667 2069 1697 ltem
2077 1667 2206 1705 [Matth.

1237 1713 1290 1749 24,
1312 1713 1395 1750 274:
1418 1713 1510 1743 Sicut
1528 1713 1561 1742 in
1585 1713 1700 1742 diebus
1723 1713 1793 1743 Noe.
1816 1718 1877 1742 etc.
1923 1709 1972 1739 Ex
2001 1708 2052 1739 his
2075 1715 2206 1740 senten-

1238 1755 1291 1785 tiis
1325 1755 1533 1794 perspicuum
1565 1761 1632 1792 est,
1667 1764 1796 1794 semper
1818 1754 1848 1783 in
1866 1750 2017 1782 Ecclesia
2038 1760 2143 1792 usque
2165 1752 2207 1782 ad

1239 1798 1513 1827 resurrectionem
1536 1795 1649 1833 fuisse,
1673 1806 1748 1827 esse
1771 1802 1802 1826 et
1815 1794 1954 1824 futuram
1967 1802 2044 1823 esse
2056 1803 2205 1833 magnam

1238 1836 1470 1869 multitudinem
1505 1837 1674 1869 malorum.
1719 1838 1798 1868 Cum
1832 1836 1930 1875 igitur
1951 1836 2017 1865 sint
2037 1836 2068 1865 in
2083 1834 2207 1866 *Eccle-

1238 1882 1286 1911 sia
1322 1880 1413 1917 mali,
1447 1891 1509 1910 nec
1544 1880 1730 1921 hypocrisis
1763 1879 1903 1907 hnmano
1926 1877 2045 1907 iudicio
2068 1877 2205 1916 agnosci

1237 1924 1353 1963 possit,
1378 1929 1517 1963 possunt
1541 1916 1575 1953 in'
1597 1919 1772 1952 ministerio
1795 1928 1871 1948 esse
1893 1919 1990 1948 etiam
2002 1917 2205 1958 hypocritae.

1238 1966 1344 1995 l-‘ieret
1378 1966 1476 2006 igitur
1498 1966 1622 1995 incerta
1646 1966 1738 1997 tides,
1774 1962 1800 1989 si
1825 1961 1875 1990 vis
1899 1959 2069 2000 Evangelii
2092 1966 2124 1990 et
2147 1960 2205 1990 Sa-

1237 2014 1477 2038 cratnentorum
1509 2007 1662 2047 penderet.
1691 2013 1731 2032 ex
1755 2003 1910 2043 dignitate
1934 2003 2082 2032 ministri.
2128 2002 2203 2032 Ideo

1236 2050 1403 2080 sciendum
1434 2055 1498 2085 est,
1532 2044 1743 2085 Evangelium
1767 2052 1797 2074 et
1821 2046 2034 2075 Sacramenta
2057 2043 2205 2081 efficacia

1236 2101 1313 2121 esse
1335 2097 1471 2131 propter
1492 2088 1739 2131 promissionem
1763 2086 1841 2123 Dei,
1871 2096 1936 2116 non
1959 2092 2095 2126 propter
2117 2087 2205 2116 mini⁴

1236 2135 1295 2164 stri
1317 2143 1503 2174 personam.
1547 2129 1694 2159 Rex-neat
1717 2130 1814 2170 igitur
1826 2128 1978 2158 Christus
1999 2134 2126 2158 mentes
2148 2137 2205 2158 no÷

1236 2182 1324 2206 stras
1353 2181 1385 2205 et
1407 2175 1502 2205 fidem
1523 2178 1668 2201 nostram
1692 2182 1709 2201 a
1738 2181 1883 2211 persona
1907 2170 2041 2200 ministri
2065 2171 2106 2200 ad
2128 2179 2205 2200 sese

1236 2219 1387 2258 inquiens
1412 2217 1501 2254 [Luc.
1528 2214 1577 2246 10.
1604 2214 1685 2251 164:
1732 2214 1795 2247 Qui
1813 2223 1874 2242 vos
1896 2212 2002 2249 audit,
2025 2221 2076 2242 mc
2099 2212 2204 2247 audit3

1236 2261 1329 2301 quasi
1364 2260 1464 2289 dicat:
1510 2256 1578 2286 Nec
1613 2254 1827 2296 Evangelium
1862 2260 1912 2285 est
1945 2260 2109 2291 vestrum,
2143 2263 2204 2283 nec

1237 2312 1319 2343 opus
1343 2309 1485 2331 vestrum
1509 2304 1559 2328 est
1581 2297 1694 2328 salvos
1718 2297 1830 2327 facere
1851 2297 2036 2333 auditores,
2058 2296 2118 2326 sed
2141 2295 2203 2326 Dei

1237 2354 1320 2385 opus
1343 2349 1404 2379 est,
1426 2342 1479 2382 qui
1502 2340 1567 2371 hoc
1589 2339 1726 2370 mirabili
1748 2340 1858 2376 modo,
1870 2348 1989 2377 sparsa
2000 2347 2084 2369 voce
2096 2337 2202 2368 Evan-

1235 2471 1293 2498 ssla)
1313 2468 1407 2499 valent]
1430 2468 1471 2492 Ed.
1491 2468 1531 2491 22.
1551 2470 1601 2497 typ.
1619 2472 1718 2491 errore:
1740 2466 1806 2490 valet

1236 2521 1297 2549 Ωιι»)
1316 2519 1386 2549 esse]
1405 2519 1477 2548 corp.
1499 2518 1570 2542 1—8.
1589 2520 1629 2541 est
