2358 2933
124 115 185 146 997

124 210 186 238 ἐστὶ
214 207 313 237 κακῶν
339 206 436 241 αὐτοῖς
463 206 527 237 οὐδὲ
556 207 655 237 πόνων
682 207 829 248 ἀνάφυξις
841 208 900 248 ⁶⁴).
944 206 1104 247 Exempla

621 113 643 143 1.
666 113 765 144 LOCI
787 112 1063 144 THEOLOGICI:
1085 113 1127 145 D.
1152 113 1311 145 TERTIA
1333 112 1487 144 EORUM
1510 112 1666 143 AETAS.

2059 114 2122 146 998

1124 215 1126 242 ς
1147 204 1415 242 commonefacit3
1444 204 1560 236 Altera
1587 211 1653 242 est,
1681 212 1717 236 ut
1745 205 1909 236 custodiat
1931 207 2121 238 societatem

125 249 334 290 suppeditant
366 248 525 279 historiae
562 250 704 280 omnium
737 255 889 281 aetatum.
935 247 1102 279 Placidum
1124 246 1126 270 ²
1146 248 1285 286 civilem,
1310 258 1395 289 quae
1416 258 1555 289 prorsus
1579 248 1810 288 dissiparetur,
1834 248 1896 278 nisi
1917 249 1959 279 ab
1981 249 2053 289 ipso
2076 248 2121 280 la—

125 291 185 323 fuit
203 292 371 332 imperium
390 292 480 322 orbis
496 297 657 323 terrarum
669 298 831 334 regnante
842 291 1007 332 Augusto,
1028 292 1103 332 quia
1125 294 1126 323 J

124 333 218 365 Deus
247 332 350 365 voluit
383 331 620 375 aliquantisper
651 335 778 365 restitui
805 343 938 374 pacem,
973 334 1102 371 iudicia,
1124 347 1125 352 ¹

124 375 230 417 leges,
252 374 469 415 disciplinam,
492 377 632 418 ideoque
654 377 842 418 Augustum
864 377 997 407 adiuvit.
1032 376 1101 406 Sub
1124 395 1125 418 1

1124 423 1390 454 contemnatur,
1424 428 1508 458 quae
1542 416 1703 458 supplicia
1738 423 1769 447 et
1803 418 1967 448 cruciatus
1997 418 2029 447 in
2059 416 2121 448 hac

124 461 357 501 dissipationes
387 467 521 492 exortae
554 467 631 492 sunt
664 467 696 492 et
721 461 874 491 miseriae
904 461 975 491 sine
1003 461 1100 491 modo
1145 462 1212 492 vita
1234 461 1375 491 minatur
1389 459 1551 500 Tyrannis
1577 466 1607 490 et
1631 458 1714 496 aliis,
1738 460 1791 500 qui
1810 458 1925 499 polluti
1944 466 2019 490 sunt
2037 465 2121 489 atro-

1122 509 1125 534 ζ
1148 505 1240 533 cibus
1261 501 1453 532 sceleribus.
1489 501 1599 532 Ruunt
1622 507 1736 540 postea
1759 501 1792 530 in
1815 511 1939 540 poenas
1959 500 2121 541 Caligula,

126 418 368 456 Valentiniano,
391 418 580 459 Augustulo
604 425 636 450 et
658 418 818 449 similibus
838 419 977 449 subinde
996 428 1102 449 novae

123 502 318 534 cumulatae.

210 545 386 575 Postremo
415 546 632 575 testimonium
662 551 713 573 est
740 546 948 583 praesentiae
976 544 1040 574 Dei
1069 546 1101 574 in

124 588 266 627 imperiis
295 588 391 617 etiam
421 584 504 615 haec
533 586 749 624 experientia,
778 587 866 626 quod
893 584 1101 616 manifestum

123 635 175 660 est
198 630 351 660 divinitus
374 628 500 658 atrocia
521 626 650 658 scelera
669 626 851 659 manifestis
871 627 1100 668 corporalibus

123 670 293 712 suppliciis
316 670 437 710 puniri:
461 670 594 709 periuri,
618 668 778 707 latrones,
802 671 949 711 tyranni,
974 670 1100 707 incesti,

123 712 270 754 plerique
289 721 404 743 omnes
422 710 559 742 haerent
577 713 709 743 tandem
726 713 758 743 in
777 713 904 753 poenis.
937 712 1100 743 Differun-

123 762 177 786 tur
197 755 359 786 interdum
381 763 521 794 poenae,
545 754 605 785 sed
627 760 734 785 tamen
755 754 950 796 plerumque
970 756 1100 785 tandem

123 797 309 838 opprimunt
331 802 458 833 5011185,
482 803 514 827 et
536 797 725 836 paucissimi
748 796 898 838 placidos
917 798 1022 828 exitus
1043 797 1099 828 ha-

123 841 210 871 bent.
266 837 426 879 Exempla
461 838 690 880 Tyrannorum
729 839 978 871 interfectorum
1015 840 1098 871 adeo

124 883 241 913 crebra
265 881 430 923 leguntur,
452 886 487 911 ut
509 881 666 922 scriptum
689 883 731 913 sit
744 882 808 920 ⁶⁵):

166 967 219 997 Ad
238 976 394 1008 generum
413 965 545 996 Cereris
564 967 634 997 sine
654 967 755 997 caede
775 973 805 998 et
823 968 983 1008 sanguine
1002 967 1098 1007 pauci

165 1009 381 1040 Descendunt
399 1007 512 1050 Reges
531 1014 563 1039 et
582 1010 673 1040 sicca
690 1015 796 1040 morte
814 1009 969 1050 Tyranni.

207 1093 260 1124 De
282 1092 452 1124 homicidis
476 1094 663 1134 quotidiana
686 1093 834 1134 exempla
857 1100 934 1124 sunt
962 1094 994 1123 in
1023 1103 1099 1123 con-

122 1143 248 1177 spectu.
294 1136 400 1166 Etiam
431 1146 504 1166 cum
537 1134 734 1176 aliquamdiu
764 1135 921 1167 occultati
935 1138 979 1174 ⁶⁶)
1013 1141 1098 1168 sunt,

120 1177 334 1218 proferuntur
351 1184 461 1208 tamen
479 1179 512 1208 in
531 1177 637 1208 lucem
655 1177 793 1209 mirabili
812 1179 922 1215 modo,
946 1185 977 1208 et
997 1188 1098 1218 quan-

123 1231 220 1262 quam
242 1218 470 1260 initio‘polluti
493 1221 613 1250 iniusta
637 1221 740 1251 caede
768 1220 951 1261 effugerunt
980 1230 1096 1250 manus

123 1263 384 1303 Magistratuum,
403 1268 510 1292 tamen
530 1268 647 1301 postea
666 1263 708 1292 ad
721 1272 861 1302 poenam
874 1261 1097 1292 retrahuntur.

121 1304 326 1335 Comitantur
351 1309 384 1333 et
404 1304 550 1334 incestos
567 1313 711 1343 poenae,
734 1310 770 1334 ut
785 1303 962 1344 Oedipum,
981 1304 1098 1345 Aegis—

121 1345 222 1384 thum,
242 1345 406 1376 Herodem
420 1347 467 1385 ⁵7)
487 1352 518 1376 et
536 1344 632 1375 alios.
677 1344 729 1376 De
748 1345 799 1386 hjs
818 1347 935 1386 poenis
953 1346 1098 1387 loquitur

121 1388 275 1420 Christus
291 1387 482 1426 [Matth.26,
496 1387 580 1425 523:
598 1387 659 1422 Qui
669 1387 812 1428 gladium
820 1390 997 1429 acceperit,
1009 1387 1097 1419 scili·

121 1437 173 1462 cet
181 1441 247 1461 non
258 1428 543 1470 datumalegibus‚
557 1429 668 1470 gladio
676 1431 803 1470 peribit.
835 1431 896 1461 les.
909 1431 961 1461 33.
973 1434 1037 1470 [vS.
1052 1431 1096 1468 1.]

120 1473 192 1504 Vae
210 1474 264 1513 qui
283 1472 465 1512 praedaris,
485 1482 559 1502 nam
578 1472 726 1502 vicissim
744 1471 950 1512 spoliaberis.
982 1473 1050 1504 lob.
1064 1473 1096 1504 9.

121 1519 185 1552 [vs.
206 1514 272 1552 2&
310 1514 457 1544 Verebar
479 1515 587 1544 omnia
609 1524 711 1554 opera
731 1525 805 1545 mea
828 1516 951 1554 sciens,
974 1522 1005 1546 te
1029 1525 1096 1545 non

120 1567 259 1598 parcere
293 1555 502 1596 delinquenti.
553 1555 594 1586 Et
627 1555 849 1588 Ecclesiastes
884 1558 928 1589 ait
962 1568 1034 1598 cap.
1065 1557 1095 1587 8.

122 1602 183 1636 [vs.
208 1600 252 1636 8.]
299 1598 419 1639 impius
448 1608 514 1629 non
543 1604 654 1638 potest
682 1600 824 1630 evadere
859 1600 892 1630 in
922 1598 1029 1637 bello,
1063 1601 1095 1630 id

119 1647 181 1679 est,
203 1640 299 1672 bellis
323 1647 355 1672 et
378 1639 449 1671 aliis
474 1639 622 1672 cladibus
645 1642 737 1682 punit
759 1641 852 1672 Deus
875 1643 1000 1673 atrocia
1023 1652 1095 1673 sce-

119 1682 198 1715 lera.
244 1683 300 1714 Sic
335 1681 461 1714 civilem
483 1684 637 1714 iustitiam
659 1683 752 1714 Deus
776 1685 809 1714 in
831 1685 952 1716 mundo
975 1690 1094 1722 tuetur,

120 1733 155 1757 ut
177 1725 372 1768 regulariter
394 1726 507 1765 puniat
535 1727 568 1756 in
598 1725 661 1757 hac
685 1727 750 1757 vita
778 1737 855 1763 eos,
887 1728 940 1768 qui
966 1725 1095 1758 civilem

120 1769 274 1799 iustitiam
299 1767 434 1805 violant,
458 1769 543 1798 sicut
565 1768 760 1810 regulariter
782 1768 886 1800 hiems
905 1767 1023 1810 frigida
1043 1776 1093 1800 est

120 1817 154 1842 et
174 1817 287 1841 aestas
311 1809 427 1841 calida.
468 1810 661 1852 Quanquam
683 1811 792 1852 igitur,
815 1813 901 1842 utin
920 1817 1094 1852 tempesta·

120 1854 222 1890 tibus,
244 1853 405 1883 interdum
429 1851 549 1893 aliquid
573 1859 665 1884 extra
685 1852 832 1894 regulam
852 1853 943 1884 Deus
967 1852 1044 1885 facit
1062 1859 1094 1885 et

119 1905 241 1926 arcano
270 1894 410 1925 consilio
441 1895 547 1925 differt
577 1905 702 1934 poenas
733 1902 764 1925 et
791 1897 951 1936 praemia,
985 1903 1093 1927 tamen

119 1936 266 1978 regulam
289 1938 529 1968 meminerimus
553 1944 585 1967 et
608 1943 694 1968 metu
713 1939 780 1968 irae
800 1938 861 1969 Dei
881 1948 1093 1969 coerceamus

119 1979 310 2010 temerarios
332 1980 481 2020 impetus.

206 2020 301 2052 Duae
324 2028 400 2051 sunt
422 2027 531 2053 autem
555 2031 707 2059 caussae,
730 2029 867 2064 propter
890 2033 973 2064 quas
997 2033 1092 2064 regu-

120 2061 232 2094 lariter
248 2064 280 2094 in
299 2062 362 2093 hac
380 2064 446 2093 vita
464 2073 573 2104 poena
593 2066 787 2096 comitantur
805 2067 929 2096 atrocia
947 2064 1089 2096 scelera:

121 2104 232 2142 Prior,
261 2106 338 2147 quia
359 2104 452 2135 Deus
480 2107 587 2136 iustus
614 2107 712 2138 iudex
739 2107 810 2139 vult
833 2108 982 2149 conspici
1010 2109 1091 2138 iram

120 2157 214 2178 suam
242 2148 404 2178 adversus
432 2155 571 2188 peccata
604 2154 636 2179 et
666 2159 728 2180 nos
762 2150 802 2181 de
836 2160 896 2181 sua
925 2149 1092 2181 voluntate

121 2282 167 2311 54)
186 2283 254 2307 Haec
280 2284 357 2308 verba
377 2284 491 2309 Platonis
512 2285 543 2309 de
562 2286 661 2315 legibus
678 2286 724 2311 iiii.
744 2287 780 2312 lv.
812 2288 974 2313 inveniuntur
993 2287 1017 2312 in
1036 2288 1091 2312 eius

191 2317 251 2355 01111).ί
269 2317 310 2342 ed.
329 2318 357 2342 H.
377 2319 463 2348 steph.
482 2319 533 2349 Yol.
552 2320 581 2344 11.
600 2325 624 2350 p.
643 2319 700 2343 713.
718 2321 757 2349 Ε.,
776 2322 819 2346 ubi
835 2324 923 2347 antem
942 2327 988 2351 pro
1007 2319 1090 2347 οὕτως

189 2352 216 2374 et
232 2357 314 2382 αρχει
332 2351 451 2381 leguntur
464 2351 542 2379 οιῖιος
561 2355 586 2378 et
604 2351 683 2385 ἄρχῃ.

121 2400 296 2429 55)1uvenai.
327 2403 401 2427 satir.
422 2404 449 2427 X.
483 2404 528 2426 112
549 2410 584 2434 sq.
604 2404 643 2428 ed.
675 2405 784 2435 Ruperti,
815 2406 856 2430 ubi
875 2413 935 2431 vero
963 2412 1007 2436 pro
1026 2412 1088 2431 san-
1108 2397 1113 2443 Ι
1133 2404 1310 2436 Abraham.
1356 2405 1397 2436 Et
1426 2406 1524 2437 lacob

188 2435 273 2464 quiue
290 2436 383 2465 legitur
400 2436 518 2461 vulnere.

121 2484 167 2515 56)
186 2486 315 2516 occultati]
333 2486 404 2511 Editt.
424 2487 512 2510 1—16.
538 2488 575 2510 19.
593 2489 716 2513 occultata

122 2534 167 2563 57)
184 2535 322 2567 Herodem]
342 2537 413 2562 Editt.
435 2538 506 2562 1—3.
525 2539 548 2561 9.
567 2539 683 2563 Heroden

1146 292 1295 328 trocinia,
1318 291 1509 331 tyrannides
1533 297 1564 321 et
1588 289 1641 321 alii
1663 289 1794 321 furores
1819 297 2120 330 compescerentur.

1146 334 1257 369 Quare
1296 333 1423 364 etiamsi
1462 332 1611 364 Tiberius
1647 332 1778 373 placide
1818 334 1972 371 moritur,
2013 339 2120 363 tamen

1145 382 1279 417 propter
1301 386 1401 406 unum
1430 382 1528 416 atque
1551 374 1689 405 alterum
1713 373 1896 415 exemplum
1920 374 2034 416 regula
2057 385 2122 405 non

1147 544 1316 579 Claudius,
1338 543 1440 579 Nero,
1464 542 1689 579 Domitianus,
1717 542 1918 573 Commodus
1944 549 1976 573 et
1999 541 2051 573 alii
2075 544 2121 573 in-

1145 584 1377 616 numerabiles.
1421 585 1497 615 Non
1530 583 1651 615 frustra
1685 583 1932 615 maledictiones
1965 586 1999 615 in
2032 585 2121 626 Lege

1145 628 1207 658 Dei
1229 628 1419 667 propositae
1443 633 1529 664 sunt,
1554 636 1637 668 quas
1661 637 1727 657 non
1746 636 1822 657 esse
1840 628 1948 657 irritas
1967 628 2121 658 universa

1144 670 1254 701 mundi
1277 669 1414 700 historia
1436 675 1586 700 testatur.
1621 669 1704 699 Nam
1729 674 1761 700 et
1783 668 1913 709 publice
1935 670 2121 710 ingentibus

1120 718 1123 743 ἑ
1145 711 1240 743 bellis
1271 718 1302 743 et
1329 712 1598 751 dissipationibus
1624 717 1713 742 totae
1737 712 1862 741 Gentes
1885 718 2020 752 propter
2042 711 2120 743 mul-

1145 761 1250 785 torum
1273 753 1403 784 scelera
1428 752 1586 787 delentur,
1610 760 1642 784 et
1664 754 1816 794 privatim
1840 755 1984 795 quotidie
2008 764 2121 785 excru-

1145 798 1272 828 ciantur
1289 795 1380 827 multi
1399 797 1526 837 magnis
1546 797 1710 827 aerumnis
1730 802 1761 827 et
1780 796 1960 827 doloribus.
1998 797 2121 828 Horum

1144 838 1304 870 malorum
1334 848 1474 869 caussae
1502 849 1587 880 quae
1621 839 1704 875 sint,
1739 840 1959 870 conscientias
1989 845 2120 870 nostras

1143 883 1395 922 interrogemus.
1436 881 1487 911 Ac
1511 880 1765 912 commonefacit
1783 891 1844 912 nos
1863 881 1985 912 Iesaias
2004 883 2120 913 tristis—

1145 925 1226 955 sima
1249 924 1427 960 concione,
1455 930 1485 954 et
1511 924 1599 954 dicto
1622 923 1719 954 valde
1741 923 1944 955 memorabili
1969 934 2120 955 caussam

1144 967 1239 997 nobis
1270 966 1365 1006 quasi
1396 966 1496 1007 digito
1525 971 1698 1003 monstrat.
1731 966 1878 1006 8311.6-1.
1914 970 1977 1004 [vs.
2001 966 2045 1006 6.]
2080 966 2119 997 Et

1143 1009 1328 1049 iniquitates
1353 1015 1486 1039 nostrae
1509 1009 1602 1049 quasi
1627 1009 1715 1039 venti
1738 1009 1981 1050 dissipaverunt
2003 1019 2076 1040 nos.

1230 1051 1320 1081 Haec
1354 1050 1550 1081 universalis
1587 1052 1789 1091 experientia
1829 1052 1926 1082 etiam
1960 1051 2120 1083 Ethnicos

1144 1094 1256 1130 movit,
1275 1099 1310 1123 ut
1329 1093 1392 1123 Dei
1411 1094 1648 1132 proxidentiam
1668 1100 1699 1123 et
1719 1094 1871 1124 iudicium
1890 1101 2119 1135 agnoscerent.

1143 1135 1184 1165 Et
1204 1135 1368 1166 Isocrates
1392 1136 1422 1165 in
1447 1136 1596 1166 oratione
1620 1136 1661 1166 de
1685 1135 1772 1166 Pace
1796 1137 2025 1176 gratissimam
2047 1147 2119 1167 5811-

1143 1179 1276 1208 tentiam
1310 1178 1444 1218 opponit
1473 1177 1709 1218 Epicureormn
1743 1176 1863 1216 fmori,
1899 1179 1952 1219 qui
1986 1186 2121 1219 propter

1141 1230 1248 1260 pauca
1271 1218 1420 1260 exempla
1443 1218 1591 1261 regulam
1616 1227 1828 1251 contemnunt
1858 1231 1897 1252 ac
1928 1228 2061 1261 sperant
2084 1232 2119 1252 se

1141 1262 1364 1301 impunitatem
1387 1261 1551 1292 scelerum
1574 1260 1746 1293 habituros
1761 1264 1791 1283 53
1799 1272 1805 1296 ,1
1829 1273 1915 1294 8558.
1960 1263 2048 1302 Etsi,
2075 1266 2119 1295 in-

1143 1305 1222 1345 quit,
1241 1314 1306 1334 non
1325 1314 1457 1345 semper
1474 1303 1662 1345 plectuntur
1675 1304 1839 1343 scelerati,
1859 1312 1966 1336 tamen
1979 1305 2118 1346 plerum-

1143 1357 1205 1387 que
1230 1347 1306 1377 dant
1329 1357 1466 1387 poenas.
1513 1346 1595 1378 Cum
1619 1354 1727 1378 autem
1750 1346 1892 1379 futurum
1920 1359 2050 1389 semper
2078 1351 2119 1380 sit

1142 1390 1313 1427 incertum,
1336 1390 1506 1430 prudentis
1530 1395 1580 1420 est
1603 1389 1756 1429 amplecti
1779 1389 1858 1422 illud
1879 1392 2007 1432 potius,
2031 1393 2119 1433 quod

1142 1433 1274 1471 saepius
1298 1432 1461 1462 conducit.
1506 1431 1547 1461 Et
1572 1443 1645 1462 cum
1668 1431 1832 1474 intelligas
1860 1434 2016 1464 iustitiam
2045 1434 2117 1465 Deo

1141 1474 1246 1514 magis
1269 1472 1413 1513 placere,
1437 1473 1665 1505 stultissimum
1687 1474 1784 1506 fuerit
1807 1476 1995 1507 existimare
2013 1477 2046 1507 in
2064 1477 2118 1508 de-

1139 1516 1259 1546 teriore
1283 1515 1415 1548 fortuna
1437 1517 1542 1547 iustos
1566 1515 1693 1548 futuros
1718 1527 1811 1555 esse,
1843 1529 1940 1560 quam
1965 1519 2116 1550 iniustos.

1141 1557 1224 1589 Cum
1242 1559 1343 1600 igitur
1360 1560 1560 1600 experientia
1578 1566 1735 1600 perpetua
1754 1566 1892 1592 testetur
1908 1563 2031 1592 atrocia
2046 1573 2116 1594 sce-

1140 1599 1210 1631 lera
1233 1602 1350 1640 puniri,
1374 1612 1595 1642 agnoscamus
1615 1601 1722 1633 Deum
1746 1603 1885 1634 iudicem
1904 1609 1935 1634 et
1954 1604 2115 1636 vindicem

1140 1652 1215 1674 esse
1239 1648 1272 1674 et
1294 1654 1368 1674 eum
1392 1645 1562 1675 timeamus
1584 1650 1616 1675 et
1639 1643 1800 1676 fateamur
1822 1644 1954 1686 politias
1977 1647 2017 1677 ab
2042 1648 2114 1688 ipso

1140 1684 1281 1723 defendi,
1305 1686 1435 1717 retineri
1458 1692 1490 1717 et
1512 1688 1640 1717 mutari.

1225 1727 1394 1760 Hactenus
1417 1735 1450 1760 et
1473 1729 1561 1760 dicta
1583 1734 1615 1759 et
1637 1736 1830 1770 argumenta
1853 1732 2004 1769 recitavi,
2031 1742 2114 1773 quae

1140 1771 1317 1801 ostendunt
1347 1770 1515 1811 politicum
1545 1772 1693 1802 ordinem
1723 1782 1791 1802 rem
1821 1773 1939 1804 bonam
1973 1784 2049 1805 esse
2083 1781 2114 1806 et

1139 1811 1212 1843 Deo
1241 1812 1437 1853 placentem.
1482 1813 1535 1843 Ad
1558 1813 1639 1844 haec
1663 1814 1879 1846 adiiciendum
1909 1822 1960 1847 est
1988 1822 2020 1847 et
2050 1816 2113 1848 hoc

1138 1861 1374 1896 argumentum.
1417 1855 1498 1886 Cum
1521 1856 1618 1886 toties
1640 1857 1821 1897 praecipiat
1839 1857 1932 1889 Deus
1954 1859 2113 1898 precatio-

1138 1907 1198 1928 nes
1220 1908 1280 1938 pro
1302 1897 1502 1939 Magistratu
1524 1898 1609 1936 fieri,
1639 1904 1673 1929 ut
1696 1900 1891 1939 gubernatio
1915 1907 2045 1932 maneat
2067 1903 2113 1932 in-

1139 1949 1304 1971 concussa
1323 1947 1354 1971 et
1373 1939 1568 1978 stabiliatur,
1588 1951 1727 1972 necesse
1747 1948 1797 1972 est
1817 1952 1888 1973 eam
1907 1953 1976 1974 rem
1994 1943 2113 1974 bonam

1137 1992 1213 2012 esse
1236 1988 1268 2012 et
1291 1982 1364 2013 Deo
1388 1981 1590 2023 placentem,
1619 1994 1681 2014 nec
1710 1994 1787 2014 esse
1810 1990 1993 2025 peccatum.
2037 1986 2111 2017 Non

1137 2030 1188 2054 est
1209 2025 1294 2055 enim
1316 2025 1502 2065 petendum,
1525 2032 1560 2056 ut
1581 2032 1719 2066 peccata
1742 2026 1961 2058 stabiliantur.

1222 2065 1342 2097 Extant
1375 2073 1483 2098 autem
1515 2074 1693 2109 praecepta
1733 2069 1773 2099 de
1813 2068 1875 2099 hac
1908 2071 2110 2110 precatione.

1136 2108 1248 2139 lerem.
1272 2109 1324 2140 29.
1361 2113 1422 2148 [vs.
1447 2110 1490 2149 7.]
1541 2109 1642 2141 Orate
1671 2121 1732 2151 pro
1761 2121 1864 2153 regno
1891 2111 2109 2153 Babylonico,

1136 2152 1210 2192 quia
1232 2152 1264 2181 in
1293 2162 1376 2192 pace
1406 2151 1492 2183 illius
1523 2159 1556 2183 et
1577 2154 1681 2193 [vobis
1710 2164 1775 2194 pax
1805 2154 1874 2184 erit.
1920 2154 2011 2185 lubet
2040 2154 2110 2186 fieri

1135 2194 1342 2233 precationes
1364 2205 1424 2235 pro
1451 2195 1602 2236 imperio,
1631 2196 1718 2237 quod
1746 2201 1824 2226 tuno
1846 2202 1917 2227 erat
1939 2196 2109 2228 Ecclesiae

1134 2235 1321 2275 hospitium.
1366 2236 1407 2267 Et
1429 2243 1565 2278 propter
1588 2237 1649 2268 has
1679 2239 1887 2278 precationes
1916 2249 1983 2270 non
2011 2240 2109 2270 modo

1134 2277 1221 2309 exilii
1250 2285 1282 2309 et
1312 2280 1479 2310 servitutis
1513 2290 1689 2311 aerumnae
1722 2281 1888 2322 mitigatae
1921 2288 2014 2319 sunt,
2049 2282 2108 2312 sed

1134 2321 1229 2351 etiam
1252 2331 1366 2362 regum
1385 2327 1522 2361 pectora
1543 2322 1634 2353 Deus
1655 2323 1695 2352 ad
1714 2333 1813 2353 verae
1833 2323 1999 2354 doctrinae
2018 2324 2106 2365 agni·

1133 2364 1253 2393 tionem
1286 2363 1387 2394 flexit.
1432 2364 1472 2394 Et
1512 2374 1571 2405 pro
1610 2375 1689 2405 rege
1723 2363 1916 2396 Abimelech
1954 2372 2107 2405 precatur

1555 2407 1717 2438 benedicit
1746 2408 1817 2449 regi
1840 2407 2021 2449 Aegyptio,
2052 2409 2106 2448 qui

1109 2497 1112 2572 i
1134 2541 1179 2570 58)
1199 2539 1340 2571 habituros]
1362 2541 1403 2566 Ed.
1424 2542 1463 2566 22.
1481 2544 1530 2571 typ.
1551 2548 1650 2567 errore:
1669 2542 1825 2567 habitaturos

1905 2592 1950 2615 63·
