2358 2933
100 127 164 158 413

99 219 271 254 decorum,
293 216 358 247 hoc
382 221 449 253 est,
471 221 518 252 ut,
537 216 564 245 si
585 216 657 255 quis
680 225 746 245 non
765 215 870 255 possit
894 214 1072 250 continere,

98 260 207 300 potius
227 259 324 289 ducat
342 267 488 293 uxorem,
507 267 548 287 ne
571 258 614 287 sit
631 263 727 288 autor
744 256 881 287 alicuius
898 256 1002 294 turpis
1017 265 1072 284 ex-

98 300 206 342 empli.
251 299 379 330 Deinde
401 300 429 329 si
449 300 613 335 continet,
643 305 678 328 ut
705 297 853 329 conserat
876 296 1071 327 caelibatum

98 344 141 373 ad
174 342 262 373 hunc
296 341 405 378 finem,
440 347 476 371 ut
509 342 632 371 serviat
660 340 793 370 assidue
821 339 976 375 Domino,
1006 338 1071 369 1100

99 390 160 421 est,
183 384 287 424 magis
306 389 459 414 versetur
482 384 514 413 in
533 383 708 418 discendo,
733 381 894 417 docendo,
921 391 1001 411 cura
1025 386 1072 410 at-

97 435 163 467 que
182 425 381 466 cogitatione
405 424 622 455 calamitatum
645 423 827 458 Ecclesiae,
846 423 921 452 item
944 422 975 451 in
998 432 1072 462 pre—

99 467 295 503 cationibus,
315 478 410 508 quam
436 466 501 504 alii,
529 467 719 502 1011ἰο31161)
744 464 894 505 pluribus
919 465 1070 504 negotiis.

98 510 165 540 Sed
188 509 263 549 quia
285 519 351 539 non
375 519 488 539 omnes
508 514 584 539 sunt
601 508 723 548 pariter
741 507 850 537 idonei
869 506 910 536 ad
930 506 1071 537 caeliba-

98 557 176 587 tum,
199 551 377 591 prudenter
396 556 516 588 monet,
535 560 576 580 110
596 550 673 590 quid
691 548 850 579 faciamus
870 549 1070 579 indecorum.

97 593 146 622 Ex
170 593 221 623 his
246 599 381 633 apparet
412 599 444 623 et
470 592 656 632 coniugimn
683 591 876 632 approbari,
903 596 934 620 et
963 597 1071 621 tamen

97 634 167 663 dari
197 634 370 664 consilium
398 635 439 664 de
463 635 658 675 virginitate.
714 633 861 673 Apparet
884 633 975 669 item,
1006 643 1071 673 quo

96 675 160 706 fine
183 675 335 706 laudetur
352 677 538 717 virginitas,
562 673 729 711 videlieet,
760 685 826 704 non
849 680 884 704 ut
906 682 1072 705 mereatur

96 718 321 748 remissionem
329 724 541 757 peccatorum
553 723 609 748 aut
622 716 896 753 iustificationem,
910 718 971 747 sed
983 718 1071 757 quod

95 760 138 790 sit
160 769 243 800 opus
264 761 384 790 bonum
407 766 439 790 et
461 761 502 790 ad
522 760 641 795 studia,
660 760 869 799 precationes
889 765 920 790 et
943 760 985 789 ad
1004 769 1072 790 ser-

94 802 247 832 viendum
265 801 438 833 Ecclesiae
460 802 547 833 utile.
595 802 708 842 Itaque
732 800 875 832 caelibes
899 800 1069 841 explorent

96 854 175 875 suas
195 845 295 881 vires,
315 850 346 875 et
367 844 539 885 diligenter
559 845 778 880 connstantur,
797 849 829 874 ut
849 854 929 883 pure
948 845 1069 874 vivant.

94 886 143 916 Ea
165 887 269 917 virtus
292 885 391 917 habet
412 888 507 917 etiam
531 896 592 916 sua
610 887 764 926 praemia.
808 884 994 916 Nonnullos
1014 887 1070 916 do-

91 938 134 958 no
164 928 330 968 praeditos
359 930 521 958 interdum
544 929 680 958 invitant
701 930 744 961 62)
779 928 878 958 01111111
901 934 933 958 01
955 927 1068 964 luxus3

90 970 164 1000 ideo
191 969 377 1000 adhibenda
410 977 460 1000 est
494 971 691 1000 abstinentia
726 976 757 1000 et
790 971 917 1000 animus
952 972 1068 1001 studiis

90 1012 317 1042 intendendus.
370 1012 432 1046 Qui
465 1023 544 1042 vero
579 1017 675 1042 ruunt
709 1013 740 1041 in
771 1011 921 1042 libidines
953 1019 1067 1043 contra

88 1059 266 1094 praecepta
288 1053 361 1090 Dei,
385 1054 416 1084 hi
441 1055 645 1084 meminerint
668 1059 698 1083 et
721 1064 758 1084 se
782 1055 873 1093 ipsos
893 1054 966 1084 Deo
990 1065 1067 1093 poe-

89 1106 149 1126 nas
180 1095 315 1126 daturos
344 1106 436 1133 esse,
470 1102 501 1126 et
529 1106 630 1136 saepe
652 1096 798 1135 ipsorum
823 1106 943 1126 caussa
966 1096 1066 1136 plecti

88 1138 261 1168 universas
292 1138 510 1179 respublicas.
556 1139 649 1169 Sicut
678 1144 816 1168 testatur
844 1138 1065 1169 Sodomorum

87 1179 225 1211 historia
250 1179 384 1216 [Genes.
411 1181 484 1219 19.].
530 1180 609 1211 Item
630 1179 723 1210 Deus
748 1181 850 1220 inquit
874 1180 983 1218 [Dent.
1008 1182 1064 1220 7.]‚

88 1232 125 1252 se
152 1222 346 1253 Cananaeos
383 1221 565 1253 deleturum
595 1232 672 1253 esse
706 1228 841 1263 propter
864 1233 969 1264 vagas
993 1223 1064 1254 libi-

88 1266 191 1296 dines.
237 1263 326 1295 Haec
350 1266 446 1296 etiam
469 1264 633 1306 allegatur
657 1275 777 1295 caussa
796 1263 906 1295 diluvii
927 1266 1062 1302 {Genes.

86 1307 141 1346 6.].
194 1306 235 1336 Et
268 1306 390 1338 Paulus
425 1307 592 1348 significat
625 1306 792 1338 libidinum
826 1318 951 1347 poenas
987 1319 1063 1339 esse

87 1349 277 1380 caecitatem
300 1355 332 1379 et
354 1351 543 1387 amentiam,
567 1359 626 1380 seu
650 1348 816 1380 carnalem
840 1351 1062 1388 securitatem,

84 1391 206 1431 EpheS.
235 1392 265 1421 4.
296 1394 360 1429 [vs.
394 1392 457 1431 19.]
484 1393 539 1423 ubi
562 1393 678 1432 inquit:
721 1392 876 1427 Quicum
899 1392 1063 1423 dedoluis-

84 1439 173 1470 sent,
204 1434 403 1465 tradiderunt
425 1444 463 1465 se
489 1435 715 1475 impudicitiae.
761 1434 823 1464 Hic
847 1435 930 1465 enim
954 1436 1064 1467 tribuit

85 1476 255 1516 impudicis
279 1482 447 1517 stuporem
469 1486 530 1507 seu
552 1478 740 1514 amentiam,
764 1487 829 1517 qua
852 1478 960 1508 securi
985 1489 1062 1509 con-

86 1524 231 1549 temnunt
264 1519 369 1549 minas
404 1525 435 1549 et
468 1529 584 1550 01111105
617 1529 672 1549 res
706 1520 851 1556 divinas„
886 1526 985 1561 atque
1019 1522 1064 1551 ita

86 1566 183 1591 ruunt
206 1562 237 1590 in
262 1562 403 1591 exitium.
440 1561 529 1592 Idem
547 1562 650 1602 inquit
673 1562 780 1591 Oseas
805 1562 851 1599 [4‚
877 1563 957 1600 114:
984 1563 1063 1593 For-

86 1603 216 1639 nicatio,
240 1604 350 1633 vinum
373 1609 406 1633 et
428 1604 571 1633 ebrietas
595 1602 746 1634 auserunt
771 1614 840 1635 cor.

398 1669 458 1700 DE
482 1670 749 1701 EVANGELIO.

169 1729 377 1761 Vocabulum
395 1728 567 1770 Evangelii
590 1735 678 1760 extat
700 1730 732 1760 in
756 1731 986 1760 vetustissimis
1007 1742 1061 1762 au-

83 1772 209 1803 toribus
244 1773 385 1813 graecis.
446 1772 540 1802 Nan»
564 1773 650 1811 apud
685 1771 861 1803 Homerum
895 1773 1062 1813 significat

83 1815 279 1854 praemium,
309 1814 397 1854 quod
432 1815 527 1844 datur
554 1813 642 1844 laeta
670 1815 838 1845 nuntianti.
885 1816 1061 1855 Odysseae

64 1860 99 1896 Ϋξ
123 1856 225 1894 [XlV‚
240 1856 325 1895 152]
353 1856 517 1895 εὐαγγέλιον
535 1856 569 1886 δέ
584 1869 637 1894 μοι
660 1858 744 1886 ἔστω.
768 1856 809 1887 Ε1
832 1858 919 1897 31111(1
931 1857 1061 1888 Aristo-

82 1898 221 1939 phanem
256 1904 287 1929 et
310 1899 490 1929 Isocratem
519 1899 672 1937 εὐαγγέλια
701 1899 788 1929 θύειν
815 1899 978 1940 significat
1008 1911 1060 1930 53-

83 1941 255 1978 crificium,
284 1942 372 1982 quod
402 1941 514 1973 fiebat.
544 1952 617 1971 cum
650 1952 702 1971 res
727 1943 811 1972 bene
834 1952 874 1972 ac
898 1941 1059 1973 foeliciter

82 1990 197 2025 gestae
220 1985 462 2014 nuntiabantiu:
503 1982 657 2024 Apostoli
680 1990 878 2024 usurparunt
902 1994 962 2024 pro
986 1986 1060 2025 ipsa

82 2026 231 2057 beneficii
254 2027 509 2057 annuntiatione.
554 2026 595 2056 Et
619 2025 677 2057 fuit
701 2037 785 2066 opus
810 2037 895 2058 nova
915 2027 1058 2067 appella-

81 2070 179 2105 tione.
203 2074 237 2099 ut
262 2069 436 2098 discrimen
461 2070 545 2099 inter
568 2068 674 2110 legem
695 2075 727 2100 et
749 2069 834 2099 hanc
857 2080 978 2100 novam
1002 2071 1058 2100 do-

81 2112 217 2142 ctrinam
242 2117 332 2141 esset
354 2112 527 2151 insignius.
572 2111 714 2142 Primum
739 2112 835 2152 igitur
858 2123 1058 2153 magnopere

81 2161 131 2184 est
161 2154 388 2191 considerare,
418 2154 494 2193 quid
520 2154 603 2184 inter
632 2154 755 2194 Legem
783 2160 815 2184 et
841 2154 1057 2196 Evangelium

80 2197 218 2227 intersit.
264 2196 334 2226 Nec
358 2195 509 2236 fingimus
532 2196 586 2227 1110
611 2198 735 2227 0110535
759 2202 813 2227 3111
837 2204 973 2239 argutas
992 2209 1058 2228 ma-

81 2241 131 2280 gis
166 2249 262 2279 quam
299 2240 507 2269 necessarias
542 2239 777 2269 distinctiones.
842 2239 939 2270 Certe
974 2242 1058 2271 enim

80 2291 219 2312 necesse
259 2287 327 2318 est,
367 2281 509 2311 dist-erni
549 2288 725 2321 praecepta
765 2287 796 2312 et
830 2283 1057 2313 remissionem

81 2331 308 2363 peccatorum,
354 2324 493 2354 discerni
535 2330 711 2364 praecepta
745 2330 776 2355 01
809 2326 1057 2364 promissiones,

80 2368 154 2398 item
172 2367 421 2406 promissionem
441 2367 615 2407 gratuitam
628 2377 647 2396 a
665 2368 949 2406 promissionibus,
973 2379 1057 2409 quae

81 2493 125 2521 61)
146 2494 263 2524 intricati]
286 2495 358 2519 Editt.
379 2495 402 2517 7.
423 2496 444 2519 S.
462 2495 567 2517 11—14.
589 2499 614 2519 et
634 2496 704 2524 Onu:
725 2495 844 2524 implicati

81 2544 126 2570 62)
144 2544 258 2575 inritant]
279 2545 350 2570 Editt.
371 2546 392 2568 7.
414 2547 427 2568 S
459 2546 565 2568 11—14.
586 2548 611 2569 et
630 2546 696 2575 1111111
716 2546 849 2568 immutant

544 125 567 154 Ι.
590 122 691 154 LOCI
713 121 986 153 THEOLOGICI:
1010 123 1047 154 C.
1072 123 1283 154 SECUNDA
1306 123 1461 155 EORUM
1484 124 1640 155 AETAS.

2033 126 2097 157 414

1115 224 1180 244 11011
1200 222 1275 246 511111
1298 217 1470 257 gratuitae.
1517 216 1575 246 Est
1589 223 1696 247 autem
1715 215 1781 253 lex.
1805 222 1951 257 utsupra
1973 218 2093 249 dictum

1115 262 1183 293 051,
1212 257 1361 288 doctrina
1386 260 1557 299 requirens
1580 258 1760 299 perfectam
1789 259 2008 290 obedientiam
2031 270 2093 294 erga

1114 300 1257 336 1101111163)
1278 309 1343 328 non
1368 302 1496 330 remittit
1517 302 1618 341 gratis
1642 307 1789 341 peccata,
1814 311 1878 330 non
1905 301 2093 341 pronuntiat

1113 339 1231 377 iustos,
1255 341 1287 370 id
1307 347 1368 377 051,
1387 346 1542 380 acceptos
1555 342 1640 380 Deo,
1660 344 1721 373 nisi
1740 344 1767 372 si
1786 342 1868 383 Legi
1887 342 2093 374 satisfactum

1114 382 1165 411 sit.
1210 381 1252 411 Et
1275 393 1460 422 quanquam
1495 382 1592 412 habet
1616 385 1868 422 promissiones,
1899 391 2008 416 tamen
2030 385 2093 416 hae

1115 424 1281 463 requirunt
1296 425 1515 454 conditionem
1528 424 1679 464 impletae
1698 425 1792 466 legis.
1828 426 1972 457 Econtra
1985 427 2092 458 Evan-

1115 465 1235 506 gelium
1265 467 1325 496 etsi
1349 468 1562 496 concionatur
1587 467 1627 496 (le
1650 469 1847 506 poenitentia
1878 475 1909 499 et
1933 470 1974 500 de
1997 471 2091 500 bonis

1114 508 1287 546 operibuS‚
1322 514 1429 538 tamen
1465 509 1606 538 continet
1648 511 1900 548 promissionem
1942 511 2092 542 beneficii

1114 548 1244 585 Christi.
1263 560 1346 589 quae
1370 555 1421 580 est
1443 551 1576 590 propria
1596 555 1627 580 et
1650 553 1827 591 praecipua
1844 552 2016 594 Evangelii
2035 554 2091 583 do-

1114 592 1219 621 ctrina
1250 598 1281 621 et
1309 592 1513 633 seiungenda
1540 602 1560 621 a
1589 591 1680 633 lege3
1711 596 1813 634 gratis
1844 595 1929 625 enim
1960 596 2091 626 remittit

1113 639 1262 672 11000313,
1297 639 1328 663 01
1350 634 1538 674 pronuntiat
1561 644 1622 664 nos
1645 636 1761 671 1115105,
1786 637 1910 666 etiamsi
1934 637 2000 678 legi
2024 648 2091 667 non

1114 674 1345 706 satisfacimus.
1402 675 1574 710 Quomodo
1610 682 1717 707 autem
1748 677 1830 707 haec
1866 681 2090 711 consentiant:

1115 718 1202 758 qnod
1225 716 1442 759 Evangelium
1465 719 1587 758 pariter
1616 719 1656 749 de
1686 721 1885 759 poenitentia
1916 723 2089 752 concione-

1113 766 1166 790 tur
1181 762 1225 799 64)
1251 765 1282 790 01
1300 759 1391 801 lege,
1412 766 1443 790 et
1461 767 1570 791 tamen
1589 763 1764 801 promissio
1784 763 1825 792 sit
1844 764 1997 803 gratuita,
2023 770 2089 794 sta—

1113 803 1168 832 tim
1195 812 1408 842 exponemuS.
1461 802 1557 833 Prius
1582 805 1667 834 enim
1693 805 1875 835 monendus
1900 812 1947 835 est
1971 804 2088 843 lector,

1113 850 1147 874 ut
1180 845 1354 874 discrimen
1383 846 1636 884 promissionum
1666 847 1837 883 observet3
1871 847 1970 878 habet
2004 848 2089 878 enim

1116 886 1183 916 Lex
1200 887 1449 927 promissiones.

1198 929 1265 959 Sed
1289 930 1459 959 sciendum
1483 935 1548 966 051,
1577 929 1725 970 duplices
1750 941 1827 961 esse
1852 933 2087 971 promissiones

1111 971 1142 1000 in
1177 972 1348 1011 scripturis
1377 972 1503 1002 divinis.
1550 972 1718 1006 Quaedam
1745 980 1821 1003 sunt
1851 975 1979 1005 additae
2009 974 2087 1016 legi,

1111 1019 1142 1043 et
1166 1013 1289 1043 habent
1319 1014 1539 1043 conditionem
1570 1014 1674 1055 legis,
1702 1014 1766 1045 hoc
1796 1022 1863 1053 051,
1894 1017 2088 1047 exhibentur

1109 1061 1243 1095 propter
1260 1054 1480 1095 impletionem
1499 1056 1593 1097 legis.
1639 1056 1736 1087 Tales
1756 1064 1830 1088 sunt
1850 1060 2086 1098 promissiones

1109 1096 1204 1138 legis.
1240 1097 1309 1128 Lex
1323 1098 1420 1128 docet
1433 1097 1540 1128 Deum
1561 1100 1679 1129 bonum
1693 1105 1725 1129 et
1737 1101 1980 1131 misericordem
1995 1112 2086 1138 055ος

1108 1141 1168 1170 sed
1193 1140 1244 1170 his
1269 1141 1322 1180 qui
1346 1146 1423 1171 sunt
1446 1141 1516 1170 sine
1540 1147 1690 1181 peccato.
1737 1142 1823 1172 Idem
1848 1144 1946 1173 docet
1975 1150 2006 1174 et
2029 1144 2086 1175 hu-

1108 1192 1202 1212 mana
1237 1183 1336 1219 ratio,
1370 1182 1469 1212 habet
1505 1184 1588 1214 enim
1622 1185 1705 1214 ratio
1745 1185 1907 1225 quandam
1942 1187 2086 1217 notitiam

1106 1223 1202 1266 legis.
1259 1224 1319 1255 Hic
1354 1235 1391 1254 se
1421 1225 1491 1265 ipse
1531 1226 1669 1266 quisque
1700 1226 1865 1264 consulat,
1906 1228 2086 1269 deprehen-

1107 1267 1161 1296 det
1180 1268 1265 1297 enim
1289 1266 1480 1298 naturaliter
1503 1278 1540 1298 se
1563 1269 1607 1298 ita
1638 1268 1783 1300 iudicare
1813 1270 1853 1300 de
1877 1270 1967 1308 Deo,
1997 1272 2086 1312 quod

1106 1310 1147 1339 sit
1170 1310 1378 1345 misericors3
1403 1310 1462 1340 sed
1486 1316 1612 1340 tantum
1632 1310 1750 1351 dignis,
1774 1311 1838 1342 hoc
1859 1318 1921 1350 est,
1944 1312 2006 1350 his,
2030 1315 2085 1353 qui

1106 1358 1181 1382 sunt
1203 1353 1274 1383 sine
1286 1358 1442 1391 peccato:
1464 1362 1527 1383 nec
1545 1358 1655 1392 potest
1674 1359 1819 1384 statuere
1838 1364 1875 1384 se
1894 1356 2001 1394 ipsum
2017 1355 2085 1395 pla-

1107 1404 1183 1424 cere
1206 1394 1297 1431 Deo,
1322 1404 1396 1424 cum
1419 1395 1461 1424 sit
1484 1395 1636 1436 indignus
1661 1401 1693 1425 et
1716 1396 1908 1428 immundus.
1954 1397 2001 1427 lta
2029 1396 2083 1428 lex

1106 1442 1137 1466 et
1159 1437 1396 1477 promissiones
1415 1435 1509 1478 legis,
1533 1448 1607 1467 cum
1627 1438 1690 1467 sint
1715 1438 1965 1477 conditionales,
1987 1439 2083 1470 relin—

1106 1485 1207 1519 quunt
1231 1479 1452 1510 conscientias
1474 1480 1506 1510 in
1531 1480 1742 1511 dubitatione.

1192 1520 1266 1552 Alia
1285 1527 1333 1551 est
1357 1522 1531 1562 promissio
1544 1521 1717 1564 Evangelii
1741 1525 1884 1564 propria,
1909 1536 1994 1566 quae
2017 1537 2083 1557 non

1105 1563 1204 1594 habet
1229 1565 1449 1594 conditionem
1472 1563 1556 1604 legis
1575 1571 1730 1606 tanquam
1755 1576 1919 1604 caussam,
1943 1568 2007 1598 hoc
2020 1576 2082 1606 est,

1105 1616 1170 1636 non
1199 1608 1355 1646 promittit
1385 1613 1521 1647 propter
1550 1606 1714 1647 impletam
1743 1607 1868 1650 legem,
1897 1611 1956 1640 sed
1980 1612 2081 1652 gratis

1104 1655 1240 1688 propter
1263 1648 1438 1679 Christum.
1484 1648 1574 1679 Haec
1605 1656 1655 1680 est.
1677 1652 1853 1690 promissio
1878 1653 2081 1683 remissionis

1104 1696 1314 1729 peccatorum
1344 1701 1403 1721 seu
1434 1690 1710 1722 reconciliationis
1741 1704 1801 1723 5011
1829 1694 2081 1733 iustificationis,

1105 1733 1145 1762 de
1165 1744 1228 1773 qua
1252 1734 1467 1763 concionatur
1484 1735 1661 1774 praecipue
1683 1734 1910 1777 Evangelium.
1943 1736 1983 1768 Ut
1998 1739 2081 1768 enim

1104 1775 1185 1806 haec
1207 1774 1364 1806 beneficia
1389 1782 1501 1805 essent
1524 1782 1629 1814 certa,
1653 1787 1719 1807 non
1738 1779 1882 1817 pendent
1906 1789 1946 1809 ex
1970 1780 2080 1813 condi-

1104 1818 1191 1847 tione
1214 1816 1366 1857 impletae
1387 1817 1481 1859 legis.
1513 1817 1546 1848 Si
1566 1820 1649 1849 enim
1668 1821 1871 1851 sentiendum
1885 1829 1983 1860 esset,
2002 1829 2079 1855 tunc

1103 1860 1232 1890 demum
1256 1869 1317 1889 nos
1341 1860 1464 1890 habere
1490 1861 1715 1891 remissionem
1745 1870 1975 1902 peccatorum,
2005 1877 2079 1897 cum

1102 1901 1168 1943 legi
1188 1901 1474 1940 satisfecissemus,
1495 1903 1702 1943 desperanda
1722 1911 1812 1935 esset
1830 1907 1978 1937 remissio
2003 1918 2079 1947 pec—

1103 1950 1261 1974 catorum.
1307 1945 1383 1974 Ideo
1408 1945 1510 1986 gratis
1530 1946 1693 1977 donantur
1711 1949 1860 1978 remissio
1881 1955 1912 1979 et
1930 1951 2078 1981 reconci-

1102 1986 1190 2017 liatio
1211 1996 1271 2017 seu
1294 1987 1494 2024 iustitie-atio,
1517 1987 1582 2018 hoc
1607 1995 1670 2026 est.
1693 2000 1758 2019 non
1779 1997 1914 2030 propter
1932 1998 2078 2023 nostram

1102 2030 1300 2070 dignitatem.
1345 2029 1385 2059 Et
1416 2035 1523 2060 tamen
1547 2033 1687 2070 oportuit
1713 2041 1790 2062 esse
1816 2032 1957 2074 aliquam
1986 2035 2076 2065 victi-

1101 2083 1184 2101 mam
1208 2082 1267 2111 pro
1292 2072 1397 2102 nobis.
1443 2072 1519 2103 111οο
1551 2072 1702 2105 Christus
1727 2076 1867 2106 donatus
1896 2081 1946 2106 est
1969 2078 2076 2114 nobis,

1102 2120 1132 2144 et
1152 2113 1259 2144 factus
1284 2120 1334 2144 est
1357 2114 1476 2151 1105113,
1501 2121 1536 2146 111

1101 2166 1172 2187 mus
1193 2166 1254 2186 nos
1274 2155 1406 2196 plaeere
1429 2157 1529 2187 Patri.

1186 2199 1243 2229 Est
1263 2200 1372 2240 itaque
1390 2199 1472 2230 haec
1486 2200 1687 2241 Evangeliea
1698 2203 1872 2242 promissio
1885 2204 2075 2236 reconcilia-

1100 2243 1196 2272 tionis
1216 2240 1368 2283 legalium
1388 2242 1565 2280 dissimilis.
1589 2244 1663 2284 quia
1684 2245 1785 2284 gratis
1805 2244 1981 2284 pollicetur
1999 2258 2073 2287 pro-

1100 2291 1174 2325 pter
1199 2283 1376 2315 Christum.
1429 2285 1571 2325 Ideoque
1602 2285 1724 2316 Paulus
1754 2287 1839 2317 hanc
1868 2288 2072 2328 particulam,

1102 2329 1249 2360 G1·atis.0'5)
1269 2328 1364 2357 nobis
1384 2326 1556 2369 diligenter
1575 2334 1606 2358 et
1624 2338 1724 2369 saepe
1744 2329 1903 2363 inculcat:
1923 2337 1955 2361 ut
1979 2331 2072 2362 Rom.

1557 2122 1692 2156 propter
1710 2118 1815 2157 ipsum
1838 2125 1930 2148 certo
1955 2124 2075 2150 statua-

1100 2446 1143 2473 63)
1162 2452 1223 2473 erga
1241 2447 1328 2469 Deum.
1349 2445 1461 2467 mldmzr
1480 2444 1551 2469 Editt.
1571 2445 1594 2466 7.
1615 2446 1637 2467 8.
1659 2447 1765 2469 11-14.
1785 2450 1809 2471 et
1828 2449 1887 2478 Opp-

1100 2479 1145 2507 Gi)
1166 2478 1339 2507 concionetur]
1358 2479 1393 2501 sic
1413 2478 1485 2502 Editt.
1507 2478 1529 2500 7.
1549 2479 1571 2501 8.
1596 2480 1702 2502 11-1-1.
1722 2483 1747 2505 et
1767 2482 1840 2512 opu:
1860 2482 1930 2507 Editt.
1955 2484 1973 2505 l.
1990 2484 2011 2506 2.
2024 2485 2071 2506 {—

1170 2511 1192 2532 6.
1213 2511 1235 2533 D.
1255 2512 1417 2536 concionatur

1099 2545 1144 2571 65)
1164 2545 1253 2571 Gratis.
1273 2543 1385 2568 addunt
1405 2545 1475 2569 Editt.
1497 2545 1518 2568 7.
1539 2544 1561 2570 8.
1584 2547 1688 2570 11-14.
1709 2549 1733 2572 et
1752 2549 1811 2578 01111,
