2358 2933
232 109 292 141 391

233 213 347 232 onmes
384 202 567 232 huiusmodi
603 203 781 231 sentcntiae
810 208 884 230 sunt
921 202 1080 241 quaedam
1109 202 1203 241 quasi

234 242 405 283 explicatio
437 242 595 283 decalogi.
653 242 733 271 sum
764 249 871 272 autem
901 244 932 272 in
963 242 1105 282 qualibet
1136 236 1228 286 ariel

233 286 333 325 prosit
356 284 529 314 1010111011(-
554 283 742 313 methodos.
770 292 800 313 ut
829 294 880 314 res
901 283 965 314 late
986 285 1153 324 dispersas
1173 285 1205 314 in

234 328 336 366 capita
357 335 442 355 certa
464 324 656 356 contrahi-re
676 326 859 364 possimus:
879 327 951 356 idco
971 328 1077 356 01111113
1100 336 1206 357 mora-

234 369 274 398 lia
296 378 413 406 praere
429 376 468 396 »ta
490 368 519 396 111
539 366 733 407 decalogum
752 366 958 404 includimus.
978 375 1010 398 ut
1031 369 1123 408 quasi
1143 378 1205 398 mc-
1228 384 1229 401 i

234 409 366 439 thodum
396 379 537 448 aliquam
568 417 755 439 teneamus:
784 420 823 439 3(-
853 409 1001 449 profecto
1031 421 1072 440 ne
1100 416 1207 450 potest

237 451 365 491 quidem
386 450 557 480 methodus
578 452 682 490 aptior
707 450 773 481 ulla
793 453 981 492 excogitari.
1028 452 1133 491 ,λι-56)
1155 464 1205 482 sa-
1228 451 1229 454 ¹

234 495 272 523 tis
300 499 430 531 apparet
463 491 547 522 lianc
567 492 705 530 έιιιιομῆν
728 503 793 523 11011
824 493 980 525 humana.
1007 496 1066 524 sed
1097 495 1205 525 divina

233 535 432 574 quadani-⁹)
459 535 617 573 sapientia
644 536 856 574 compositam
883 546 968 566 esse.
1015 536 1105 566 llaec
1130 537 1204 572 dixi,

234 586 274 606 ne
300 586 394 615 quam
423 577 523 615 pariat
553 577 810 607 conti-mersium
840 588 856 606 a
871 576 1016 616 ipellatio
1041 577 1205 618 decalogi.
1227 581 1228 610 i

233 618 290 648 sul
323 618 423 646 sciant
457 616 597 648 lectores
626 619 666 648 ita
692 629 752 648 nos
771 629 853 658 appe
882 629 937 649 are
961 627 1134 659 praecepta
1165 620 1228 649 de¹

233 660 404 689 virtutibus
429 670 468 689 ac
493 660 637 690 moribus
662 661 845 701 ubicunque
869 669 990 698 extant,
1010 672 1083 691 cum
1102 662 1133 691 in
1153 671 1205 691 vc-

234 702 292 733 teri
320 710 385 731 tum
416 702 447 731 in
482 712 568 731 novo
595 701 815 733 Testamento.
867 702 966 743 quue
997 714 1036 733 eo
1061 704 1206 743 prodest,

232 750 264 774 ut
290 744 385 774 etiam
405 750 533 774 teneant
559 744 697 773 studiosi
722 752 845 775 certam
868 745 1029 784 quandam
1049 756 1205 775 summam

232 795 272 816 ac
292 784 477 815 methodum
503 793 769 825 praeceptorum,
794 794 824 817 ut
848 787 960 816 ordine
980 797 1092 817 omnes
1111 787 1205 828 leges
1226 793 1229 831 ξ

233 835 261 857 et
283 828 422 857 omnium
442 828 594 858 virtutum
618 827 726 857 sontes
750 829 861 858 sidere
885 836 913 858 et
935 828 1107 869 complecti
1130 840 1206 869 pos-

233 870 313 906 sint,
337 869 423 909 quod
437 869 478 898 ad
498 870 702 900 iudicandum
715 871 1000 909 pernecessarium
1024 878 1086 901 est.

320 909 490 941 iudiciales
509 909 601 951 leges
617 920 646 941 et
662 911 896 942 ceremoniales
911 923 994 953 quac
1012 914 1087 950 sint,
1110 912 1207 943 facile

232 961 280 983 est
295 953 449 983 iudicare.
478 952 561 982 Nam
574 952 741 984 iudiciales
755 961 842 991 50111,
856 964 939 995 quae
950 956 1152 995 praecipiunt
1167 955 1207 985 de

233 995 347 1025 ritibus
368 995 610 1036 coniugiorum.
641 996 681 1026 de
705 997 989 1034 successionibus,
1020 997 1060 1027 de
1090 997 1205 1036 poenis

233 1035 427 1067 delictorum
451 1043 480 1066 et
506 1036 665 1068 similibus
697 1039 795 1068 rebus
819 1037 1026 1074 ἴοι-0115111113,
1062 1049 1205 1070 ceremo-

232 1077 336 1109 niales
361 1079 400 1109 de
426 1078 545 1118 templo
566 1088 595 1109 et
622 1081 754 1116 ritibus.
783 1082 836 1121 qui
860 1087 1013 1121 separant
1044 1080 1130 1111 hunc
1149 1091 1205 1121 po-

232 1120 343 1161 pulum
368 1131 386 1150 a
418 1122 535 1151 ceteris
563 1122 731 1162 gentibus,
761 1122 791 1152 in
822 1122 887 1153 1100
909 1133 1030 1163 genere
1061 1134 1206 1164 operum,

233 1163 323 1193 cuius
355 1162 427 1193 finis
457 1164 624 1202 proximus
655 1174 730 1194 esse
760 1164 869 1201 debet,
903 1171 937 1195 ut
965 1166 1029 1195 sint
1059 1166 1153 1206 signa
1177 1171 1205 1195 et

233 1205 416 1235 testimonia
440 1203 658 1244 professionis
676 1216 737 1236 seu
757 1206 830 1237 fidei
854 1217 933 1248 erga
953 1207 1066 1238 Deum.
1099 1207 1206 1242 Quan-

232 1258 328 1288 quam
347 1253 454 1278 autem
478 1254 592 1287 postea
617 1249 777 1285 dicemus,
801 1249 964 1289 quomodo
990 1248 1127 1290 intelligi
1153 1250 1207 1279 de-

232 1291 317 1327 beat,
342 1289 429 1330 quod
454 1289 629 1320 Christiani
650 1291 800 1321 dicuntur
819 1289 912 1322 liberi
931 1292 972 1322 ab
992 1290 1042 1321 his
1064 1290 1208 1331 legibus3

232 1340 339 1362 tamen
371 1342 457 1362 nunc
487 1333 517 1362 in
544 1342 668 1362 slunma
695 1333 864 1363 sciendum
888 1340 954 1370 est,
985 1333 1153 1364 iudiciales
1178 1339 1207 1363 et

233 1372 468 1406 ceremoniales
492 1373 586 1415 leges
615 1374 699 1404 Mos-i
724 1385 861 1414 prorsus
884 1374 963 1405 nihil
987 1376 1029 1406 ad
1054 1385 1115 1405 nos
1134 1385 1207 1416 per-

233 1418 345 1453 tinere,
369 1416 472 1446 nisisi
493 1426 576 1456 quae
589 1416 620 1446 in
640 1415 703 1447 illis
723 1423 798 1447 sunt
817 1417 1005 1453 naturale-53
1023 1424 1057 1448 ut
1078 1418 1118 1448 de
1131 1428 1208 1447 con-

233 1459 342 1498 iugiis,
378 1469 450 1488 cum
486 1457 700 1498 prohibentur
730 1466 946 1500 cognatorum
976 1466 1007 1490 et
1042 1466 1207 1490 certorum

233 1500 377 1531 affinium
408 1502 581 1531 connubia.
628 1501 697 1531 Hae
726 1503 919 1540 sententiae,
943 1512 1016 1533 cum
1039 1503 1102 1532 sint
1125 1503 1207 1532 noti-

234 1543 295 1573 tiae
320 1544 350 1573 in
370 1550 486 1573 natura
509 1544 670 1583 scriptae,
696 1554 760 1573 non
785 1551 923 1583 possunt
949 1545 1121 1585 abrogari,
1147 1544 1206 1574 sed

233 1586 349 1616 durant
371 1596 441 1615 cum
461 1586 531 1625 ipsa
551 1585 691 1615 hominis
712 1592 837 1616 natura.
883 1586 1025 1627 Ideoque
1049 1585 1141 1616 multi
1159 1593 1206 1616 ta-

233 1627 275 1657 lia
294 1634 468 1668 praecepta
489 1634 606 1657 vocant
627 1628 775 1665 moralia,
795 1629 868 1668 quia
892 1630 933 1659 ad
952 1630 1088 1659 virtutes
1108 1630 1205 1668 perti-

233 1677 285 1700 net
300 1670 469 1711 sanguinis
489 1680 538 1700 101
549 1670 682 1707 eremia,
701 1677 731 1700 et
752 1671 845 1700 debet
860 1672 1031 1701 observari
1050 1672 1090 1701 ab
1106 1672 1205 1701 omni-

232 1713 293 1743 bus
317 1713 468 1753 gentibus
489 1719 517 1742 et
539 1713 690 1743 omnibus
709 1712 842 1742 seculis.
879 1712 919 1743 Et
944 1714 1072 1753 quidem
1089 1712 1203 1743 Moses

233 1755 303 1794 ipse
323 1760 460 1784 testatur
484 1753 545 1784 has
574 1753 668 1795 leges
693 1755 732 1785 de
756 1755 911 1795 gradibus
936 1766 1003 1785 non
1021 1762 1146 1786 tantum
1164 1755 1205 1786 ad

233 1795 400 1826 Israelitas
421 1797 599 1835 pertinere,
628 1797 687 1827 sed
710 1797 751 1827 ad
771 1807 884 1828 omnes
909 1804 1043 1838 gentes,
1069 1799 1144 1838 quia
1156 1799 1203 1837 5⁸)

234 1839 309 1868 dicit
333 1837 433 1868 deleri
453 1836 701 1879 cananaeossss)
722 1846 857 1879 propter
874 1841 1018 1870 incestas
1041 1839 1204 1877 libidines,

234 1881 319 1920 quod
351 1881 518 1910 duxissent
550 1887 721 1922 cognatas.
766 1881 878 1922 ltaque
908 1892 980 1912 eum
1010 1888 1206 1913 accusentur

234 1921 417 1959 Cananaei,
443 1932 580 1952 necesse
605 1930 652 1953 est
679 1921 762 1953 tales
781 1923 1018 1963 prohibitiones
1044 1925 1206 1964 pertinere

235 1965 446 1994 communiter
465 1965 505 1994 ad
525 1975 637 1995 omnes
657 1972 785 2005 gentes,
804 1973 834 1996 et
858 1965 949 2007 leges
973 1967 1132 2007 quasdam
1150 1977 1206 1996 na·

234 2014 326 2036 turae
360 2016 452 2043 esse,
480 2016 562 2046 quae
592 2007 814 2047 prohibuerint
845 2010 1003 2039 eiusmodi
1033 1986 1231 2046 connubia‚i

234 2048 329 2078 etiam
349 2055 423 2078 ante
442 2047 547 2089 legem
567 2049 668 2085 Mosi3
694 2050 777 2080 sieut
796 2052 969 2081 extiterunt
989 2058 1020 2081 et
1044 2050 1128 2082 aliae
1150 2062 1206 2081 na-

234 2090 357 2120 turales
377 2091 512 2121 notitiae
535 2098 610 2121 ante
628 2090 734 2132 legem
752 2091 849 2122 Mosi.

322 2132 411 2162 llaec
436 2133 476 2163 de
505 2134 664 2174 coniugiis
696 2140 726 2163 et
758 2134 916 2165 similibus
946 2135 1042 2166 valde
1069 2136 1206 2176 prodest

233 2174 435 2210 meminisse,
462 2185 503 2204 ne
530 2182 699 2215 praetextu
721 2175 882 2207 libertatis
906 2176 1112 2208 Christianae
1135 2178 1205 2208 iura

234 2222 371 2246 naturae
394 2215 566 2247 violentur.

233 2360 278 2387 86)
297 2358 340 2389 Ac]
358 2358 430 2383 Editt.
452 2360 474 2381 3.
498 2360 601 2385 11-13.
621 2364 644 2385 et
665 2361 738 2391 Opp.:
757 2362 784 2386 Et

233 2409 278 2437 87)
297 2409 405 2438 quadam
426 2410 565 2433 omittunt
585 2410 656 2435 Editt.
680 2411 784 2436 11—13.
803 2414 828 2436 et
847 2413 905 2442 Opp.

234 2460 278 2487 228)
299 2459 365 2488 quial
388 2459 457 2484 [diu.
475 2461 497 2483 2.
516 2461 539 2483 6.
559 2461 599 2490 qui

233 2510 278 2535 8¹3)
300 2509 458 2538 cananaeos]
479 2510 550 2534 Editt.
565 2512 587 2534 2.
609 2512 632 2534 5.
654 2512 676 2534 6.
697 2512 776 2535 male:
796 2513 927 2536 sanonaos
1223 2508 1227 2543 Ι

863 110 971 141 Ptin„
996 108 1096 139 MEL.
1117 108 1302 140 SCRIPTA
1319 108 1593 141 DOGMATICA.

1228 478 1229 481 ,
1249 453 1383 494 intelligi
1404 456 1538 492 debeat,
1564 455 1646 486 infra
1677 457 1830 486 dicemus.

1249 496 1391 526 dendum
1411 503 1471 528 est.
1496 498 1570 535 quid
1594 499 1632 525 sit
1655 497 1707 525 lex
1733 502 1880 533 naturae,
1900 502 1928 525 et
1950 495 2131 536 decalogus
2145 507 2220 527 cuin

1227 543 1229 551 ¹
1248 537 1323 576 lege
1343 543 1478 566 naturae
1501 536 1720 568 conserendus
1740 544 1800 568 est.
1839 537 1879 567 [t
1899 543 2007 568 autem
2026 536 2154 568 facilius
2174 538 2218 567 in-

2179 111 2218 121 n«

2156 111 2222 146 3:12

1334 201 1472 232 Moralia
1501 214 1578 234 vcro
1605 205 1764 243 pertinent
1791 205 1831 235 ad
1858 214 1970 235 omnes
1990 210 2122 245 gentes,
2154 216 2220 236 non

1249 251 1383 284 propter
1402 245 1535 282 Mosen,
1565 246 1623 275 sed
1653 253 1789 286 propter
1819 246 1923 287 legem
1954 253 2104 282 naturae3
2133 247 2220 285 item,

1249 286 1323 326 quia
1350 287 1446 316 etiam
1465 286 1681 327 Evangelium
1695 291 1739 319 ¹³⁰)
1763 290 1928 328 praedicat
1956 288 2157 327 spiritualem
2177 290 2220 320 iu—

1249 329 1386 360 stitiam.
1413 336 1441 358 et
1463 330 1678 360 obedientiam
1698 340 1775 370 erga
1796 330 1918 365 Dema:
1941 331 2079 370 ideoque
2105 331 2221 371 repetit

1248 377 1423 409 praecepta
1444 371 1589 402 moralia.
1614 383 1697 412 quae
1721 373 1839 402 docent
1864 373 1904 402 de
1930 373 2084 403 munditie
2111 373 2220 403 cordis

1249 418 1278 441 et
1300 412 1522 451 spiritualibus
1548 415 1687 445 motibus
1713 425 1752 444 30
1779 413 1915 445 officiis:
1945 415 2032 451 quod
2056 413 2219 452 quomodo

1875 454 1969 483 Nunc
1990 454 2086 494 igitur
2110 460 2220 484 osten-

1248 574 1350 618 tel'ligi
1375 577 1465 619 leges
1486 585 1621 610 naturae
1640 581 1780 620 possint,
1801 580 1889 619 prius
1908 580 2151 610 recensebimus
2164 580 2219 610 de-

1249 619 1417 659 calogum,
1450 622 1619 661 quoniam,
1657 629 1689 652 ut
1720 623 1803 659 dixi,
1841 621 2020 662 decalogus
2051 622 2219 660 aptissima

1226 685 1227 692 ,
1248 663 1406 702 quaedam
1427 662 1597 693 methodus
1616 670 1681 695 est.
1701 665 1731 694 in
1755 675 1851 704 quam
1870 674 1983 694 omues
2003 663 2094 704 leges
2114 673 2219 693 mora-

1248 703 1297 734 les
1322 704 1442 735 int-ludi
1465 712 1615 744 possunt.
1660 706 1697 736 Et
1719 707 1760 737 ad
1779 705 1972 746 decalogum
1991 711 2108 745 postea
2124 704 2219 745 leges

1248 754 1383 776 naturae
1407 748 1743 783 accommodabimus3
1773 755 1801 778 et
1831 749 1958 787 quidem
1982 748 2055 777 idco
2078 745 2220 786 promul-

1249 794 1344 828 gatus
1365 795 1412 819 est
1434 787 1631 830 decalogus,
1651 796 1684 819 ut
1702 789 1881 820 illustraret
1901 796 1932 820 et
1951 788 2220 829 interpretaretur

1250 830 1356 871 legem
1374 837 1520 861 naturae.

1605 932 1869 961 Decaiogus.⁹¹)

1334 996 1478 1028 Tabulae
1498 997 1581 1028 duae
1597 1004 1684 1035 sunt,
1707 1008 1842 1038 quarum
1860 999 1964 1038 prima
1981 997 2127 1028 continet
2146 1007 2222 1037 ope-

1250 1049 1303 1075 ra,
1333 1040 1450 1080 quibus
1480 1041 1612 1080 proprie
1640 1050 1776 1081 agamus
1791 1042 1835 1075 92)
1870 1051 1944 1071 cum
1973 1039 2064 1077 Deo,
2094 1038 2223 1071 seilicet

1250 1091 1362 1112 verum
1393 1080 1514 1112 cultum
1547 1082 1609 1112 Dei
1638 1083 1823 1112 interiorem
1852 1088 1883 1112 et
1914 1083 2117 1112 exteriorem.
2158 1081 2222 1112 vSe-

1251 1124 1356 1154 cunda
1371 1124 1514 1154 continet
1535 1134 1635 1165 opera
1648 1135 1728 1165 erga
1747 1125 1925 1164 proximos,
1943 1124 2099 1154 interiora
2116 1129 2221 1160 etex-

1251 1166 1383 1196 teriora.
1428 1166 1592 1197 Interdum
1611 1173 1643 1197 et
1661 1167 1709 1197 sic
1729 1167 1972 1197 discernuntur:
1991 1165 2102 1196 Prima
2119 1165 2222 1197 conti-

1251 1214 1304 1238 net
1325 1209 1422 1238 vitam
1441 1207 1653 1248 spiritualem,
1672 1209 1816 1239 secunda
1835 1208 2009 1248 politicam.

1570 1309 1687 1334 Prima
1713 1308 1902 1339 Tabulaffi)

1337 1374 1479 1406 Primum
1491 1382 1700 1416 praeceptum
1712 1376 1870 1416 praecipit
1890 1375 1930 1405 de
1948 1384 1987 1405 eo
2006 1384 2117 1414 opere,
2135 1375 2223 1415 quod

1252 1428 1411 1447 summum
1430 1426 1459 1448 et
1480 1418 1691 1458 praecipuum
1710 1424 1776 1453 est3
1802 1415 1954 1448 videlieet
1978 1417 2019 1447 de
2043 1427 2123 1448 vera
2138 1418 2222 1448 noti-

1252 1461 1295 1489 tia
1312 1459 1392 1496 Dei,
1417 1460 1457 1490 de
1475 1470 1554 1490 vera
1574 1466 1603 1489 et
1621 1458 1771 1503 perfecta
1795 1459 1980 1490 obedientia
1999 1469 2080 1500 erga
2104 1458 2223 1497 Deum,

1250 1500 1396 1542 perfecto
1416 1503 1541 1539 timore,
1560 1501 1680 1532 fiducia
1698 1512 1738 1532 30
1756 1501 1939 1534 dilectione.
1985 1500 2223 1542 Complectitur

1249 1550 1357 1574 autem
1387 1545 1469 1575 duas
1500 1545 1654 1574 maximas
1684 1554 1755 1581 res,
1784 1543 1911 1575 scilicet
1938 1544 2069 1575 modum
2099 1553 2223 1585 cogno-

1250 1586 1363 1616 scendi
1382 1586 1445 1616 Dei
1468 1593 1499 1616 et
1518 1596 1630 1617 verum
1649 1585 1779 1616 cultum.
1824 1586 1943 1617 Modus
1963 1592 2031 1624 est,
2055 1591 2091 1616 ut
2108 1595 2222 1627 appre-

1249 1629 1412 1659 hendatur
1436 1628 1528 1659 Deus
1558 1638 1616 1669 per
1645 1639 1739 1659 suum
1768 1630 1904 1660 verbum
1933 1634 1965 1658 et
1994 1629 2222 1661 testimonium·

1250 1670 1333 1705 Quia
1353 1672 1436 1700 enim
1456 1672 1538 1701 ratio
1567 1671 1723 1708 humana,
1754 1682 1828 1702 cum
1853 1672 1924 1701 sine
1952 1671 2054 1703 verbo
2079 1677 2111 1701 et
2133 1671 2222 1702 testi-

1249 1714 1357 1745 monio
1380 1712 1443 1743 Dei
1470 1714 1595 1754 quaerit
1624 1712 1730 1744 Deum
1757 1720 1812 1744 aut
1841 1713 1979 1744 instituit
2008 1712 2134 1751 cultus,
2157 1721 2223 1744 non

1250 1762 1359 1797 potest
1379 1756 1470 1785 reddi
1490 1761 1598 1792 00113,
1617 1756 1676 1785 sed
1695 1756 1836 1793 dubitat,
1865 1762 1973 1787 utrum
1999 1755 2222 1796 apprehende-

1251 1799 1289 1827 rit
1309 1797 1432 1835 Deum,
1463 1804 1567 1827 utrum
1590 1797 1684 1827 Deus
1709 1804 1800 1828 curet
1823 1797 1981 1834 humana,
2015 1803 2122 1828 utrum
2146 1797 2221 1828 Deo

1250 1839 1401 1880 placeant
1431 1840 1484 1870 isti
1514 1838 1621 1870 cultus
1646 1846 1726 1875 etc.;
1756 1840 1828 1870 ideo
1852 1839 1906 1869 hie
1935 1840 2138 1879 propositum
2171 1843 2223 1869 est

1252 1888 1377 1913 certum
1402 1883 1537 1912 verbum
1563 1888 1595 1912 et
1618 1883 1838 1912 testiinonium
1859 1881 1976 1920 [Exod.
1993 1881 2046 1919 20,
2065 1882 2124 1921 2.]:
2148 1881 2221 1922 Ego

1251 1935 1323 1955 sum
1341 1924 1502 1955 Dominus
1521 1923 1614 1954 Deus
1642 1930 1730 1961 1008,
1761 1924 1814 1964 qui
1833 1924 1928 1954 eduxi
1947 1930 1978 1953 te
1996 1924 2037 1954 de
2054 1930 2143 1954 terra
2160 1923 2221 1954 Ae-

1252 1967 1353 2008 gjpti·
1399 1966 1552 1996 Testatur
1570 1966 1653 1996 enim
1670 1965 1758 1995 hunc
1776 1965 1900 2002 Deum,
1925 1966 1978 2005 qui
2003 1966 2067 1997 hoc
2085 1966 2221 1996 verbum

1251 2009 1380 2039 tradidit
1405 2014 1435 2038 et
1448 2009 1479 2037 in
1498 2008 1562 2038 hoc
1581 2018 1680 2048 opere
1698 2009 1834 2048 agnosci
1853 2007 1965 2045 voluit,
1984 2018 2097 2039 verum
2114 2007 2222 2038 Deum

1252 2061 1337 2081 esse.
1382 2050 1430 2080 Ita
1453 2056 1483 2080 et
1503 2051 1597 2080 nobis
1618 2050 1806 2090 propositus
1827 2056 1877 2079 est
1895 2049 2059 2088 Christus,
2077 2055 2113 2080 ut
2137 2050 2221 2081 scia-

1251 2103 1323 2124 mus
1347 2093 1433 2123 hunc
1457 2102 1531 2122 esse
1549 2103 1661 2123 verum
1684 2092 1801 2129 Deum,
1821 2093 1875 2132 qui
1898 2093 1985 2123 misit
2003 2091 2170 2123 Christum
2189 2095 2221 2121 et

1251 2141 1385 2176 propter
1399 2134 1564 2165 Christum
1583 2133 1681 2164 filium
1701 2135 1795 2165 nobis
1815 2133 1884 2164 vult
1898 2144 1975 2165 esse
1986 2134 2146 2174 placatus.
2171 2133 2221 2164 Ita

1252 2185 1377 2208 eertiun
1402 2178 1537 2207 verbum
1562 2183 1593 2207 et
1620 2183 1742 2207 certum
1772 2177 1991 2207 testimonium
2020 2175 2219 2216 apprehendi

1251 2226 1395 2260 oportet,
1419 2230 1483 2259 quo
1503 2225 1713 2260 agnoscatur.
1760 2218 1873 2250 Cultus
1893 2225 2016 2256 autem,
2042 2219 2082 2249 de
2100 2219 2218 2259 quibus

1249 2364 1294 2393 90)
1313 2363 1488 2392 Evangelium]
1507 2363 1548 2387 Ed.
1573 2364 1591 2386 1.
1612 2363 1706 2392 typoth.
1727 2368 1828 2387 errore:
1847 2362 2002 2391 Euangelum

1248 2414 1293 2442 91)
1314 2414 1381 2437 Hanc
1400 2413 1584 2442 inscriptionem
1604 2413 1720 2437 omittunt
1738 2412 1808 2437 Editt.
1829 2414 1849 2435 l.
1870 2412 1892 2434 2.
1912 2411 1987 2434 4—6.

1248 2464 1293 2494 92)
1313 2464 1432 2493 agamus]
1451 2463 1522 2487 Editt.
1544 2463 1649 2485 11—13.
1670 2466 1694 2487 et
1713 2464 1786 2492 Opp.:
1805 2461 1930 2491 agendum
1949 2463 1991 2486 est

1248 2514 1292 2544 93)
1313 2514 1379 2538 Haec
1397 2520 1495 2544 quoque
1514 2514 1640 2543 inscriptio
1659 2514 1683 2538 in
1702 2513 1772 2538 Editt.
1788 2514 1808 2536 1.
1830 2512 1852 2534 2.
1871 2511 1946 2534 4—6.
1967 2511 2047 2536 deest.
