2358 2933
108 104 169 134 765

292 281 351 312 DE
375 278 584 311 SECUNDA
607 278 898 315 QUAESTIONE.

214 357 386 393 Quomodo
409 362 549 397 possunt
570 358 614 396 72)
650 355 718 386 fieri
743 356 829 385 bona
852 354 972 394 opera?

191 450 265 481 Non
297 448 533 491 indulgendum
567 455 618 480 est
651 447 801 489 ignaviae
824 446 996 483 humanae,
1020 446 1080 477 sed

106 502 207 534 saepe
230 493 296 524 dixi
320 498 473 523 externos
493 501 601 522 mores
624 489 765 520 humana
788 488 954 530 diligentia
977 494 1008 519 et
1022 487 1079 519 hu-

106 537 209 567 manis
233 536 357 565 viribus
380 540 544 574 utcunque
566 533 635 573 regi
658 541 770 572 posse,
794 537 826 562 et
838 531 944 562 Deum
967 536 1079 571 postu-

103 577 174 609 lare
196 577 281 608 hanc
306 575 517 618 diligentiam,
538 580 574 606 ut
596 575 754 614 scriptmn
778 579 843 604 est:
867 573 937 604 Lex
960 578 1012 604 est
1034 573 1079 603 in-

104 620 199 651 iustis
228 620 345 660 posita.
390 619 488 649 Item:
521 617 571 648 Ne
602 616 802 646 contristetis
827 615 982 656 Spiritum
1005 625 1079 645 san-

106 669 204 693 ctum.
251 661 317 692 Sed
343 661 478 691 interior
506 659 690 690 obedientia
713 668 778 689 non
801 663 909 698 potest
931 657 1079 688 inchoari

106 705 177 735 sine
211 704 375 745 agnitione
408 701 581 743 Evangelii
623 707 653 732 et
688 701 759 731 5100
792 700 916 740 Spiritu
949 705 1078 730 sancto.

106 745 248 776 Primum
272 745 355 775 enim
379 743 510 775 dilectio
534 743 597 774 Dei
622 743 765 774 existere
788 753 854 774 non
872 748 992 783 potest,
1016 742 1076 772 nisi

105 788 196 829 prius
221 787 331 818 audita
361 796 444 817 voce
474 784 647 827 Evangelii
670 786 711 816 de
734 785 936 816 remissione.
982 783 1078 815 Mens

104 832 220 871 ignara
242 828 517 860 reconciliationis
544 834 599 858 aut
624 828 802 859 contenmit
824 827 931 858 Deum
954 833 1008 857 aut
1031 825 1078 857 su-

106 873 152 914 git
173 873 306 907 iratum3
346 871 422 902 Ideo
447 881 511 901 non
534 876 644 910 potest
662 868 809 901 inchoari
834 868 983 906 dilectio,
1017 869 1079 899 nisi

103 915 195 956 prius
236 915 345 945 audita
380 923 463 944 voce
505 911 676 953 Evangelii
718 912 759 942 de
799 911 1077 943 reconciliatione.

104 957 194 988 Haec
228 955 495 987 manifestissima
525 960 611 985 sunt.
656 954 699 985 Ut
722 955 819 996 igitur
842 952 971 984 dilectio
995 954 1078 984 oria-

104 1006 166 1039 tur,
190 1008 329 1029 necesse
353 1004 403 1028 est
426 997 626 1038 praecedere
645 996 754 1034 fidem,
777 996 840 1027 hoc
854 1002 913 1033 est„
927 995 1078 1026 fiduciam

103 1041 358 1077 misericordiae,
391 1040 431 1070 de
455 1049 518 1080 qua
549 1039 699 1069 diximus.
745 1039 810 1068 lam
833 1043 865 1069 et
887 1038 951 1068 hoc
975 1038 1078 1067 scien-

103 1083 180 1114 dum
193 1089 256 1120 est,
269 1093 342 1113 cum
355 1082 419 1112 fide
432 1082 602 1123 eriguntur
613 1079 871 1120 perterrefactae
887 1085 1024 1117 mentes,
1037 1080 1078 1109 si-

104 1124 169 1156 mul
193 1125 288 1156 datur
311 1125 450 1164 Spiritus
474 1129 628 1159 sanctus,
663 1123 717 1163 qui
741 1123 859 1153 excitat
883 1131 989 1152 novos
1012 1131 1078 1151 mo-

103 1174 156 1199 tus
190 1168 223 1198 in
257 1167 356 1198 corde
390 1171 611 1207 congruentes
641 1163 706 1206 legi
736 1164 809 1195 Dei.
854 1164 895 1194 Et
925 1165 973 1194 sic
1008 1164 1079 1194 dari

104 1210 259 1250 Spiritum
283 1215 444 1245 sanctum,
479 1207 567 1238 clare
591 1207 689 1238 docet
712 1206 836 1237 Paulus
861 1205 936 1236 Gal.
959 1205 989 1235 3.
1015 1208 1077 1243 [vs.

106 1253 168 1290 144
213 1251 257 1281 Ut
296 1251 547 1291 promissionem
587 1248 730 1289 Spiritus
776 1249 975 1288 accipiamus
1020 1257 1079 1287 per

104 1294 212 1331 fidem,
235 1300 266 1324 01
287 1293 373 1323 113110
396 1293 500 1332 ipsam
524 1291 798 1322 condonationem
818 1292 860 1327 73)
897 1297 927 1321 et
951 1291 1077 1330 praeci-

102 1346 186 1377 puos
210 1335 346 1366 effectus
359 1334 499 1375 Spiritus
524 1334 641 1371 sancti,
665 1332 864 1365 dulcissimis
889 1333 998 1364 verbis
1023 1332 1076 1362 de-

103 1379 217 1410 scribit
247 1377 424 1408 Zacharias
455 1387 527 1416 cap.
558 1376 607 1406 12.
625 1378 669 1417 7⁴)
706 1379 768 1413 [VS.
796 1376 857 1414 111]
903 1374 1076 1405 Effundam

103 1431 201 1462 super
235 1420 364 1450 domum
388 1419 497 1449 David
520 1419 675 1459 Spiritum
709 1419 833 1459 gratiae
868 1423 898 1448 et
933 1427 1074 1457 precum.

102 1463 210 1494 Vocat
224 1462 380 1502 Spiritum
403 1461 538 1501 gratiae,
562 1471 600 1490 eo
625 1461 712 1501 quod
732 1460 925 1491 testificatur
947 1461 977 1490 in
1003 1469 1074 1489 cor-

103 1506 198 1536 dibus
221 1505 364 1541 nostris,
386 1503 473 1544 quod
497 1503 588 1533 Deus
613 1504 653 1533 sit
675 1504 770 1533 nobis
794 1503 972 1543 propitius,
1002 1512 1075 1532 cum

105 1546 256 1578 videlicet
279 1552 388 1577 movet
412 1546 524 1582 corda,
560 1550 593 1575 01.
615 1545 823 1585 promissioni
846 1545 1074 1580 assentiamur,

103 1597 134 1620 01
157 1595 338 1620 statuamus
362 1598 423 1618 nos
448 1598 467 1618 a
488 1587 562 1618 Deo
587 1587 697 1627 recipi.
728 1587 855 1618 Deinde
878 1597 951 1617 cum
974 1597 1075 1627 agno-

103 1634 207 1663 vimus
232 1630 486 1662 misericordiam
515 1638 521 1653 1
545 1630 589 1668 ei,
624 1630 833 1667 invocamus,
858 1628 1020 1670 diligimus
1044 1634 1075 1658 et

102 1675 291 1706 subiicimus
315 1683 375 1703 nos
400 1673 439 1703 ei.
484 1672 636 1702 Nominat
664 1672 760 1713 igitur
782 1678 897 1712 postea
921 1671 1075 1711 Spiritum

102 1727 246 1758 precum.
293 1714 492 1755 Complexus
527 1720 577 1744 est
611 1715 710 1755 ig1tur
733 1715 930 1754 praecipuos
955 1712 1075 1751 cultus,

102 1760 157 1801 qui
186 1763 261 1789 sunt
282 1756 392 1788 sontes
414 1757 588 1788 universae
612 1757 833 1797 obedientiae,
857 1756 953 1786 fidem
977 1762 1008 1786 et
1030 1756 1076 1786 in-

102 1802 319 1833 vocationem.
364 1799 537 1831 Sumamus
567 1803 674 1829 autem
699 1809 739 1829 ex
768 1798 831 1829 hoc
855 1799 941 1829 dicto
966 1803 998 1828 et
1021 1798 1076 1828 (10-

103 1845 239 1876 ctrinam
273 1849 304 1873 01
339 1841 612 1872 adhortationem.
673 1840 916 1871 Meminerimus
944 1840 977 1870 in
1012 1840 1076 1870 hoc

101 1887 173 1927 ipso
209 1886 295 1917 dicto
330 1885 426 1914 nobis
460 1884 614 1924 praecipi,
645 1889 678 1914 ut
712 1883 774 1913 hos
799 1882 905 1914 cultus
928 1890 1075 1923 praeste—

101 1939 192 1966 mus,
226 1934 259 1959 ut
282 1927 454 1958 credamus
476 1926 549 1957 Deo
573 1932 601 1956 et
627 1926 816 1957 invocemus
841 1936 923 1956 eum.
970 1925 1075 1956 Excu-

102 1972 179 2002 titur
202 1980 282 2011 ergo
306 1976 338 2000 et
363 1969 573 1999 contristatur
597 1967 737 2008 Spiritus
760 1974 908 2004 sanctus,
932 1969 1075 1998 extincta

101 2013 165 2044 fide
201 2018 233 2043 et
267 2012 462 2043 conturbata
495 2011 702 2042 invocatione
736 2021 794 2051 per
827 2009 939 2049 lapsus
964 2010 1071 2041 malae

102 2055 333 2086 conscientiae.

186 2097 268 2127 Post
290 2095 420 2137 lapsum
444 2096 575 2127 humani
599 2098 729 2138 generis
755 2103 867 2127 secuta
892 2102 943 2126 est
954 2097 1072 2137 ingens

100 2140 280 2176 infirmitas,
315 2144 347 2169 et
381 2139 544 2170 accedunt
576 2140 712 2170 insidiae
734 2138 884 2176 Diaboli,
919 2138 973 2179 qui
997 2138 1071 2168 odio

100 2182 160 2213 Dei
195 2187 366 2224 grassatur
400 2181 431 2210 111
462 2191 566 2222 genus
591 2181 782 2219 humanum,
816 2182 926 2212 studet
949 2190 1071 2222 augere

99 2225 260 2256 adversus
294 2223 402 2254 Deum
436 2224 689 2261 contumaciam,
724 2223 955 2263 contumelias,
985 2223 1071 2254 blas-

98 2266 257 2308 phemias,
290 2264 427 2306 impellit
457 2266 498 2296 ad
522 2267 613 2297 varia
635 2273 774 2306 peccata
796 2264 991 2297 imbecillem
1013 2264 1071 2296 ho-

99 2310 218 2341 minum
240 2314 401 2341 naturam.
425 2309 535 2339 incitat
557 2318 659 2349 prava
681 2309 810 2350 ingenia
833 2309 873 2339 ad
898 2309 1070 2350 fingendas

101 2426 144 2456 72)
164 2426 282 2456 possunt]
306 2427 380 2451 Editt.
404 2429 475 2452 1—3.
496 2430 519 2452 (5.
540 2428 563 2451 7.
584 2430 606 2452 9.
628 2429 664 2452 12.
684 2429 780 2457 possint

99 2475 143 2507 73)
163 2476 384 2507 condonationem]
403 2477 474 2502 Editt.
498 2478 587 2503 1—12.
609 2479 646 2503 17.
668 2478 707 2503 21.
728 2479 888 2504 donationem

97 2527 143 2557 74)
165 2527 212 2558 12]
234 2527 304 2553 Editt.
326 2530 413 2553 1—16.
435 2530 472 2553 19.
494 2529 532 2553 23.
552 2529 632 2553 male:
652 2530 674 2552 2.

574 103 597 133 l.
620 101 720 134 Loci
742 100 1016 133 THEOLOGICI:
1039 101 1081 132 D.
1105 100 1263 133 TERTIA
1286 101 1442 133 EORUM
1466 100 1621 133 AETAS.

1090 2377 1093 2422 ι’

2038 104 2100 135 766

1124 195 1293 235 opiniones
1330 201 1445 226 contra
1479 196 1615 226 verbum
1638 194 1720 232 Dei,
1755 194 1893 235 dissipat
1916 194 2099 227 Ecclesiam

1124 243 1155 267 et
1178 246 1300 278 regna,
1325 243 1356 268 et
1378 238 1496 268 miscet
1519 238 1632 268 orbem
1656 243 1815 267 terrarum
1837 237 1967 267 iniustis
1991 237 2098 275 bellis.

1123 277 1215 320 pellit
1237 278 1424 310 Ecclesiam
1459 290 1498 310 ex
1521 279 1671 320 hospitiis
1695 280 1781 316 suis,
1815 285 1850 309 ut
1869 288 1941 309 eam
1964 280 2099 320 dissipet

1123 331 1163 356 ac
1187 320 1305 352 deleat.
1351 321 1399 352 Ita
1421 322 1558 362 primum
1582 322 1726 352 incendit
1738 319 1819 352 Cain
1841 320 1946 352 livore
1969 328 2001 352 et
2023 323 2099 353 odio

1124 361 1248 400 fratris,
1279 374 1383 404 eaque
1407 364 1528 395 caedes
1551 374 1617 394 non
1641 362 1747 393 solum
1770 365 1878 404 ipsum
1902 363 2005 401 Abel,
2041 365 2101 395 sed

1124 405 1221 435 etiam
1240 412 1394 445 parentes
1416 404 1508 436 luctu
1530 404 1762 443 interfecisset,
1786 406 1848 436 nisi
1861 407 2014 437 divinitus
2028 417 2100 438 sus-

1124 448 1238 478 tentati
1262 446 1423 478 fuissent.
1470 448 1560 479 Haec
1583 446 1732 487 exempla
1764 448 2023 479 tristissimos-um
2048 459 2100 480 ca-

1124 500 1219 520 ¹suum
1259 491 1292 520 in
1331 495 1400 520 toto
1442 499 1564 531 genere
1605 488 1747 520 humano
1788 491 1977 531 quotidiana
2013 497 2099 522 sunt.

1125 531 1230 566 Quam
1263 529 1469 562 miserabiles
1503 532 1609 562 exitus
1640 530 1770 562 fuerunt
1793 543 1993 563 summorum
2016 535 2100 564 viro-

1124 584 1206 611 rum,
1220 573 1311 611 Saul,
1334 573 1499 611 Ionathae,
1519 574 1683 611 Hectoris,
1708 573 1838 612 Priami,
1861 574 2012 613 Achillis,
2024 575 2101 606 Aia-

1125 616 1190 653 cis,
1224 615 1386 656 Pompeii,
1417 615 1573 647 Caesaris
1597 622 1627 646 et
1650 615 1931 648 innumerabilium
1954 616 2099 648 aliorum.

1124 657 1275 699 Denique
1298 664 1397 689 notae
1416 664 1491 689 sunt
1514 657 1668 699 querelae
1692 659 1732 688 de
1756 659 1977 690 inconstantia
2000 659 2099 691 fortu-

1124 710 1196 737 nae,
1231 701 1271 731 de
1304 701 1422 731 subitis
1457 702 1558 732 ruinis
1588 701 1735 731 florentis
1770 700 1936 732 fortunae:
1971 702 2100 739 Nescis,

1124 743 1199 782 quid
1223 753 1319 773 serus
1344 753 1464 783 vesper
1488 742 1653 780 vehat.⁷⁵)
1676 742 1734 773 Et:
1764 743 1879 775 Subito
1904 754 1997 781 casu,
2017 755 2101 785 quae

1124 784 1271 822 valuere,
1296 791 1391 816 ruunt
1412 787 1468 820 ⁷⁵³)

1210 827 1404 868 Quanquam
1434 828 1532 868 igitur
1566 829 1752 859 universum
1787 838 1891 870 genus
1926 828 2100 860 humanum

1123 870 1153 899 in
1194 871 1360 910 perpetuis
1402 869 1557 910 periculis
1599 876 1765 907 versatur,
1795 877 1904 901 tamen
1945 870 2097 902 Ecclesia

1122 911 1224 942 multo
1249 913 1362 943 durius
1386 913 1590 947 concutitur3
1631 914 1708 954 quia
1730 912 1893 944 Diabolus
1927 913 2100 945 vehemen-

1123 954 1186 985 tius
1210 964 1281 985 eam
1300 961 1487 996 oppugnat,
1522 956 1605 986 sicut
1629 955 1737 985 statim
1760 956 1791 985 in
1816 955 1941 987 Genesi
1965 956 2007 993 [3,
2035 957 2098 995 15.]

1123 997 1243 1027 dictum
1283 1003 1350 1027 est:
1396 998 1542 1038 Serpens
1583 998 1743 1028 mordebit.
1784 996 1976 1029 calcaneum
2017 999 2098 1030 eius.

1123 1038 1213 1069 Sicut
1248 1046 1410 1070 venenato
1445 1050 1557 1070 morsu
1581 1049 1646 1070 non
1670 1040 1825 1081 exiguum
1844 1040 1965 1072 vulnus
1985 1041 2098 1072 inflixit

1122 1080 1252 1118 Davidi,
1276 1082 1319 1112 ita
1343 1081 1480 1122 singulis
1504 1082 1676 1112 insidiatur
1698 1088 1852 1122 tanquam
1875 1081 1927 1113 leo
1952 1084 2098 1124 rugiens,

1123 1124 1352 1163 vagabundus,
1387 1130 1417 1154 et
1454 1134 1616 1164 quaerens
1653 1134 1749 1164 quem
1774 1125 1920 1155 devoret.
1966 1125 2095 1159 Quanta

1122 1165 1260 1195 saevitia
1284 1172 1459 1206 grassatus
1483 1172 1533 1195 est
1555 1167 1587 1196 in
1610 1165 1806 1203 Ecclesiam,
1830 1172 2006 1208 postquam
2028 1168 2097 1198 Ma-

1121 1206 1303 1238 hometicus
1326 1206 1417 1238 furor
1441 1209 1543 1239 crevit
1566 1218 1672 1238 annos
1694 1209 1758 1238 iam
1781 1210 1991 1250 nongentos?
2014 1220 2097 1250 quae

1122 1250 1234 1279 ruinae
1258 1249 1482 1280 Ecclesiarum
1506 1256 1641 1280 secutae
1664 1250 1762 1280 sunt?
1785 1261 1869 1291 quae
1892 1252 1954 1282 iam
1978 1258 2027 1282 est
2048 1262 2097 1283 re·

1122 1302 1259 1332 gnorum
1295 1293 1424 1332 species
1457 1293 1489 1322 in
1525 1293 1623 1323 tantis
1657 1292 1783 1333 Regum
1814 1294 2097 1325 dissensionibus?

1121 1335 1196 1374 quid
1219 1333 1306 1365 aliud
1331 1335 1467 1376 cogitari
1491 1341 1620 1375 potest,
1654 1345 1751 1375 quam
1783 1336 1874 1366 brevi
1898 1335 2023 1367 Turcas
2048 1347 2095 1367 re-

1120 1376 1207 1417 liqua
1230 1376 1361 1417 Europa
1385 1377 1547 1417 potituros
1572 1378 1671 1407 esse?

1206 1419 1286 1449 Cum
1310 1420 1408 1460 igitur
1432 1429 1485 1449 res
1505 1420 1670 1457 ostendat,
1693 1421 1840 1461 grassari
1864 1420 2041 1452 Diabolum
2065 1428 2094 1452 et

1119 1461 1263 1491 insidiari
1276 1462 1382 1499 nobis,
1402 1468 1432 1492 et
1446 1461 1617 1492 manifesta
1629 1462 1669 1492 sit
1687 1461 1854 1493 infirmitas
1866 1462 2030 1494 humanae
2040 1475 2094 1495 na-

1119 1509 1223 1540 turae,
1249 1513 1454 1544 opponamus
1478 1503 1631 1534 auxilium
1650 1505 1747 1535 nobis
1760 1511 1931 1536 ostensum
1943 1506 1974 1535 111
1988 1506 2093 1537 Εν311-

1119 1544 1214 1587 gelio.
1261 1546 1454 1580 Quodnam?

1204 1588 1227 1618 l.
1273 1587 1451 1619 Pollicetur
1475 1588 1562 1619 filius
1585 1588 1648 1620 Dei
1671 1599 1708 1620 se
1727 1590 1834 1629 ipsum
1858 1591 1952 1621 nobis
1976 1590 2091 1622 affutu-

1120 1641 1189 1661 rum
1214 1640 1308 1663 esse,
1343 1636 1373 1661 et
1398 1630 1607 1671 depulsurum
1633 1631 1765 1662 Diaboli
1790 1633 1970 1664 saevitiam.
2016 1633 2091 1664 Ideo

1120 1673 1219 1713 inquit
1244 1673 1397 1703 loannes:
1439 1674 1491 1704 Ad
1515 1673 1579 1705 hoc
1603 1675 1751 1715 apparuit
1774 1674 1860 1706 filius
1882 1675 1957 1713 Dei,
1980 1682 2015 1706 ut
2039 1676 2091 1706 de-

1120 1721 1223 1746 struat
1259 1726 1360 1755 opera
1382 1715 1526 1752 Diaboli,
1562 1723 1744 1756 peccatum,
1767 1723 1915 1755 mortem,
1938 1717 2092 1758 blasphe-

1119 1758 1216 1795 mias,
1251 1758 1501 1798 dissipationes,
1536 1769 1618 1799 quas
1654 1757 1783 1790 molitur
1816 1759 1990 1791 Diabolus.
2036 1761 2091 1792 Sic

1120 1801 1243 1830 servati
1278 1806 1351 1830 sunt
1376 1800 1481 1830 Adam
1517 1806 1548 1831 et
1570 1800 1640 1832 Eva
1674 1802 1705 1831 in
1734 1800 1841 1839 luctu,
1874 1803 2036 1833 intuentes
2061 1804 2092 1833 in

1119 1843 1379 1882 promissionem,
1413 1842 1476 1873 fide
1510 1853 1547 1874 se
1582 1850 1825 1882 sustentarunt,
1855 1850 1886 1875 et.
1908 1848 2092 1885 petiverunt

1118 1895 1136 1915 a
1149 1884 1221 1914 Deo
1245 1884 1340 1915 aliam
1364 1884 1524 1922 sobolem,
1548 1895 1607 1926 per
1631 1896 1727 1927 qnam
1750 1893 1990 1928 propagaretur
2013 1898 2092 1918 vera

1119 1927 1264 1957 doctrina
1295 1934 1357 1957 etc.
1403 1927 1442 1957 Et
1478 1929 1617 1968 protexit
1653 1938 1711 1959 eos
1736 1928 1820 1960 filius
1843 1929 1906 1960 Dei
1929 1930 2090 1961 adversus

1118 1968 1307 2007 Diabolum,
1332 1976 1362 2000 et
1376 1969 1500 2010 Spiritu
1523 1977 1638 2001 sancto
1661 1971 1766 2002 erexit
1788 1978 1934 2003 moestas
1953 1979 2090 2004 mentes.

1118 2011 1173 2042 Sic
1196 2011 1295 2043 Iacob
1319 2012 1421 2053 inquit
1444 2013 1484 2043 de
1506 2011 1573 2043 filio
1592 2012 1671 2044 Dei:
1695 2012 1857 2056 Angelus,
1881 2015 1935 2055 qui
1958 2025 2009 2045 me
2033 2016 2090 2046 eri-

1117 2054 1183 2094 puit
1208 2064 1247 2084 ex
1271 2055 1398 2085 cunctis
1422 2054 1528 2092 malis,
1552 2056 1725 2087 benedicat
1747 2058 1856 2097 pueris
1880 2058 1960 2088 istis.
2006 2058 2090 2088 Nam

1116 2096 1198 2127 haec
1221 2098 1352 2137 propria
1378 2102 1452 2127 sunt
1476 2096 1531 2128 filii
1546 2097 1609 2128 Dei
1634 2096 1755 2136 officia,
1781 2099 1976 2130 benedicere
2000 2105 2031 2130 et
2053 2099 2089 2130 li-

1117 2140 1233 2170 berare
1257 2150 1275 2169 a
1299 2140 1427 2170 cunctis
1451 2139 1557 2177 malis,
1582 2142 1623 2171 ab
1646 2141 1693 2171 ira
1716 2141 1795 2179 Dei,
1818 2152 1836 2172 a
1860 2148 1965 2173 morte
1983 2148 2088 2173 aeter-

1115 2192 1158 2212 na
1181 2188 1211 2212 et
1235 2182 1351 2222 poenis
1376 2181 1447 2212 aliis
1471 2183 1549 2212 iram
1574 2181 1635 2213 Dei
1650 2184 1891 2214 comitantibus.
1936 2184 1978 2215 Et
2001 2185 2087 2225 apud

1115 2224 1250 2255 lesaiam
1258 2225 1301 2261 [7,
1313 2224 1376 2262 14.]
1386 2230 1525 2255 vocatur
1535 2224 1686 2256 Christus
1693 2225 1861 2264 Emanuel,
1869 2227 1901 2257 id
1909 2232 1969 2264 est,
1977 2228 2086 2257 nobis-

1115 2277 1187 2298 cum
1199 2266 1303 2303 Deus,
1319 2267 1406 2307 quod
1418 2267 1513 2297 nobis
1528 2267 1611 2298 adsit
1626 2266 1812 2308 opitulator.
1825 2268 1976 2300 Excubat
1990 2270 2087 2310 igitur

1113 2320 1173 2350 pro
1198 2310 1293 2340 nobis
1318 2315 1348 2339 et
1371 2308 1503 2349 depellit
1526 2308 1710 2341 Diabolum.

1200 2351 1374 2382 Praeterea
1411 2351 1542 2382 effundit
1567 2351 1721 2392 Spiritum
1756 2359 1907 2385 sanctum
1930 2355 1960 2384 in
1985 2355 2083 2385 corda

1090 2516 1091 2520 Ἰ
1114 2480 1159 2509 75)
1180 2479 1249 2504 cont.
1267 2480 1332 2508 Virg-
1352 2480 1441 2509 Georg.
1463 2481 1479 2505 1.
1498 2482 1555 2505 461.

1113 2531 1170 2555 75⁴¹>
1189 2531 1257 2555 mid.
1279 2531 1349 2560 epist.
1370 2537 1401 2555 ex
1420 2531 1500 2555 Ponto
1518 2532 1554 2557 IV.
1574 2532 1596 2556 3.
1616 2533 1654 2556 36.
