2358 2933
656 229 708 259 XI*
724 232 752 259 5)

264 290 318 320 Ex
344 289 441 320 Fului
467 288 547 319 EST
572 287 753 318 ll'S'l'l'l‘lA
767 288 807 316 ad
821 288 885 317 duo
899 289 1047 327 pertinet.
1073 287 1188 320 Adim-

223 334 412 373 peti-:indum
447 333 593 371 spiritum
625 336 887 369 perseverantem
918 336 948 359 et
980 331 1188 362 innovantem

220 384 247 405 et
280 377 511 405 instaurantem
547 384 617 402 nos.
666 372 790 401 Deinde
821 378 850 401 et
883 373 924 401 ad
956 374 1188 404 conscientiam

220 416 491 456 trampiillandam
517 423 544 444 et
571 413 767 444 alwlendum
785 421 954 453 peccatum
968 417 1186 455 praeteritum.

222 460 359 489 l’rinnnn
391 460 415 487 si
449 458 550 487 sentis
575 457 803 486 infirmiorem.
839 467 936 496 quam
960 463 991 487 ut
1017 457 1187 488 affectibus

221 511 401 541 repugnare
426 510 539 539 queas.
563 508 641 527 eece
665 497 763 528 nullis
787 499 941 538 operibus
955 502 1114 530 exemeris
1133 501 1188 530 πά-

219 540 313 579 ρη-μιιζ
338 543 394 571 scd
421 541 494 571 solo
523 541 637 579 spiritu
662 541 867 581 purgaberis.
896 541 923 570 si
948 540 1112 572 Christum
1143 544 1188 573 in-

220 585 388 614 voraxeris
413 592 440 613 et
468 582 704 622 imploraxeris.
735 584 790 613 Sit·
814 582 993 623 Propheta:
1018 584 1188 615 Fortitudo

220 637 288 657 ntra
321 635 348 655 et
382 625 453 655 laus
479 636 548 655 mea
574 624 753 654 Dominus.
788 632 816 655 et
848 624 954 655 tiu-tus
985 632 1033 655 est
1058 627 1132 657 mihi
1158 628 1187 657 iu

219 669 366 699 salutem.
387 668 442 698 Sic
456 667 604 697 christus
614 666 726 696 Matth.
742 666 868 704 Xles
879 666 930 697 28.
941 667 1087 705 :lVenite
1095 671 1188 699 adme

220 722 342 741 onines.
367 711 419 750 qui
444 709 602 740 laboratis
626 715 655 738 et
680 710 802 739 onerati
827 709 921 739 estis!
966 710 1091 741 Deinde
1115 722 1188 741 cum

220 753 371 783 delictum
395 752 487 783 suerit
503 774 510 781 .
546 750 643 781 nullis
667 753 821 791 operibus
851 752 1077 791 tranquillabis
1111 763 1186 783 ron-

220 796 402 825 s‹·ienti:un.
426 795 484 823 sed
508 793 579 823 sola
604 800 632 823 et
659 804 736 832 pura
762 794 825 823 tide
849 795 880 823 in
904 794 1067 824 Christum
1091 806 1187 834 paca-

220 839 323 868 beris.
352 847 414 876 qua
440 836 545 866 credis
570 837 753 876 iniquitates
777 842 907 866 nostras
931 837 1036 876 ipsum
1060 837 1186 867 tulisse.

221 879 278 909 llla
303 878 467 909 ‹unil'essio
491 886 552 907 est.
578 888 676 917 super
700 888 795 917 quain
819 878 961 908 ecclesia
980 878 1113 909 fundata
1126 885 1187 916 est,
1208 889 1210 900 ¹

222 929 333 951 eontra
358 921 441 951 liant·
464 927 578 960 portae
600 919 777 950 inferorum
802 930 867 950 non
889 920 1136 960 praevalebunt.

670 1011 739 1041 ΧΠ.

265 1072 384 1101 Gratia
408 1081 472 1100 non
496 1069 597 1100 semel
620 1069 729 1101 abolet
753 1076 940 1110 peccatum,
970 1072 1029 1102 sed
1051 1072 1191 1102 subinde

224 1120 378 1153 expurgat
407 1114 422 1142 7
449 1120 477 1142 et
501 1112 522 1142 8
546 1112 636 1143 Rom.
661 1113 702 1142 ad
726 1119 862 1143 mortem
890 1124 1004 1153 usque.
1050 1114 1192 1145 Proinde

223 1157 328 1196 quood
354 1156 494 1191 rivium-ss.
518 1164 641 1194 semper
662 1159 850 1193 prm-atores
872 1165 996 1193 sumus,
1020 1166 1149 1196 semper
1160 1157 1192 1186 in

222 1199 316 1228 nobis
341 1204 412 1227 sunt
439 1203 567 1227 veteres
591 1195 747 1237 reliquiae
769 1199 889 1228 veteris
903 1197 1053 1237 hominis,
1077 1200 1193 1236 donec,

223 1239 343 1270 abolita
368 1250 483 1269 earne.
518 1246 581 1269 tam
605 1240 745 1269 iucunda
769 1240 809 1269 sit
834 1239 886 1270 lex
910 1239 993 1277 Dei,
1024 1251 1119 1281 quam
1143 1247 1194 1272 est

224 1283 486 1321 concupiscentia
496 1282 632 1321 peccati.
646 1282 701 1312 Sic
714 1281 859 1323 intellige
867 1282 955 1313 Psal.
968 1286 993 1314 l.
1008 1284 1138 1322 [vs.2.1:
1161 1284 1191 1314 in

224 1324 297 1365 lege
321 1324 449 1354 Domini
473 1323 604 1354 delitiae
627 1325 706 1353 eius.

662 1407 746 1437 XIII.

266 1464 506 1496 DISCRIMEN
537 1465 752 1497 IUSTITIAE
777 1466 975 1497 GENTIUM
998 1466 1052 1497 ET
1076 1466 1190 1499 CHRI-

223 1507 421 1539 STlANAE.
446 1507 571 1538 Iustitia
595 1508 815 1546 Gentiumso,
847 1519 930 1549 quae
954 1511 985 1540 in
1008 1510 1190 1551 Evangelio

222 1550 417 1590 phzuisaica,
430 1561 448 1580 a
462 1549 565 1580 Paulo
578 1551 709 1588 iustitia,
722 1562 781 1582 seu
793 1553 934 1582 servitus
946 1551 1029 1593 legis
1043 1559 1190 1590 vocatur,
1212 1587 1214 1590 ¹

307 1603 369 1632 qua
394 1591 531 1622 facimus
555 1599 689 1624 externa
713 1604 847 1634 operum
865 1593 1062 1632 simulacra,
1096 1606 1190 1636 repu-
1212 1594 1214 1605 '

223 1599 283 1623 eSl.

222 1641 342 1675 gnante
365 1633 493 1664 affectu.
518 1634 668 1665 Facimus
691 1643 798 1667 autem
821 1635 874 1666 vel
897 1636 1014 1667 affectu
1030 1638 1192 1668 commodi

222 1676 273 1706 vel
298 1676 408 1706 servili
432 1682 529 1706 metu.
553 1677 588 1707 In
611 1677 674 1708 hac
698 1679 817 1709 iustitia
840 1679 976 1718 primum
1000 1680 1103 1710 virtus
1126 1690 1192 1710 non

222 1725 269 1749 est
294 1719 434 1749 iuciuida
448 1725 478 1748 et
502 1717 618 1750 facilis.
642 1719 769 1751 Deinde
786 1720 998 1760 impossibile,
1021 1728 1067 1759 ut,
1081 1733 1192 1763 quam-

223 1762 275 1790 diu
299 1761 330 1790 in
354 1761 449 1790 nobis
473 1767 523 1790 est
541 1772 633 1791 amor
645 1764 764 1800 nostri,
799 1769 829 1793 et
843 1769 947 1793 metus
960 1773 1084 1800 eorum,
1109 1774 1193 1804 quae
1214 1786 1216 1792 .

222 1803 316 1832 nobis
330 1803 556 1839 adversantur,
570 1805 646 1844 quin
659 1804 761 1836 multa
773 1805 850 1835 vitia
870 1806 1040 1836 insideant.
1064 1805 1193 1836 AMOR
1214 1802 1216 1823 ἶ

221 1843 379 1874 NosTm
402 1845 493 1875 radix
517 1847 622 1876 omnis
646 1846 722 1877 mali
746 1853 806 1878 est.
830 1846 897 1878 Iam
921 1853 953 1878 et
974 1847 1138 1878 hominem
1159 1849 1193 1878 in

222 1886 373 1916 fiduciam
401 1887 450 1916 sui
481 1897 598 1918 vanam
628 1890 725 1919 ducit.
778 1889 949 1920 Postremo
981 1900 1087 1930 neque
1119 1900 1193 1920 eum

221 1927 390 1958 affectibus
415 1931 672 1969 repugnantibus
696 1932 849 1962 dimicare
872 1938 990 1971 potest.
1036 1932 1146 1967 Quare
1164 1933 1192 1963 si

221 1971 349 2000 saevire
373 1972 517 2010 coeperit
531 1973 557 2007 ⁹)
581 1972 728 2011 affectus,
751 1974 814 2004 iam
827 1984 932 2014 neque
945 1980 1079 2006 externa
1091 1985 1193 2016 opera
1214 1990 1215 1999 π

222 2013 330 2042 caveri
354 2023 374 2052 p
382 2018 521 2043 oterunt.

263 2070 450 2101 IUSTITIA
473 2071 659 2103 Christiana
682 2080 743 2111 est,
767 2084 831 2114 qua
849 2074 1001 2105 ultroneo
1014 2077 1128 2116 spiritu
1150 2077 1192 2107 ad

223 2113 308 2143 bona
332 2114 484 2152 rapimur,
508 2115 632 2145 etiamsi
656 2115 747 2146 nulla
765 2122 854 2147 esset
866 2116 930 2147 lex.
955 2117 1097 2149 Primum
1110 2119 1192 2149 haec

222 2154 368 2185 humiliat
391 2161 423 2185 et
445 2155 530 2186 tollit
554 2156 705 2188 fiduciam
732 2160 847 2196 nostri,
876 2169 983 2200 neque
1017 2162 1192 2202 quidquam

221 2197 271 2226 sui
294 2198 455 2237 agnoscit.
499 2197 627 2230 Deinde
650 2206 682 2230 et
704 2199 834 2231 facilius
857 2207 924 2237 est3
946 2208 1113 2242 postremo
1136 2205 1192 2234 ad-
1214 2201 1215 2207 ¹

221 2236 363 2269 fectuum
387 2249 521 2279 compos
545 2247 606 2278 est,
631 2243 706 2282 quia
721 2244 762 2283 ¹⁰)
785 2253 916 2284 semper
938 2254 977 2275 ex
1001 2245 1107 2277 oculis
1129 2257 1193 2286 χρι-
1214 2263 1215 2266 =

237 2381 266 2408 8)
289 2380 340 2410 XL]
359 2381 398 2405 nic
416 2387 539 2408 numerus
557 2383 582 2408 in
601 2384 644 2408 Ed.
664 2391 701 2414 pr.
722 2388 761 2410 est
774 2387 892 2412 omissus.

237 2430 278 2458 δ’)
294 2431 420 2461 Gentium]
440 2432 480 2456 Ed.
499 2439 535 2463 pr.
556 2435 699 2463 typothetae
719 2441 818 2461 errore:
838 2438 960 2463 centiam.

242 2480 271 2509 9)
291 2482 412 2511 coeperit]
432 2483 467 2507 sic
485 2483 578 2513 Fried.;
599 2484 639 2508 Ed.
659 2491 694 2515 pr.
714 2489 740 2510 et
760 2488 855 2511 Sti-oo:
875 2489 976 2518 ceperit.

222 2530 265 2557 10)
290 2531 356 2560 quia]
376 2533 411 2557 sic
430 2533 471 2557 Ed.
489 2539 537 2563 ιπ.;
556 2535 638 2560 Strob.
659 2538 683 2560 et
701 2536 796 2561 Fried.:
815 2538 880 2567 quin.

840 136 947 168 PHIL.
971 135 1072 166 MEL.
1096 133 1282 166 SCRIPTA
1303 131 1577 165 DOGMATICA.

2161 134 2204 165 56

1208 234 1210 275 Ι
1230 228 1299 258 σποῦ
1321 228 1451 267 pendet.
1496 227 1622 257 Deinde
1645 227 1676 256 in
1700 227 1762 257 hac
1776 227 1863 267 quod
1883 227 1986 264 deest,
2010 228 2203 260 confidimus

1208 282 1210 287 ¹
1232 279 1296 299 non
1321 269 1468 308 imputari
1494 275 1625 309 propter
1648 268 1769 299 Christi
1794 270 1951 299 meritum.

1209 299 1211 336 i
1274 311 1423 351 Denique
1433 312 1604 342 discrimen
1614 321 1774 351 operosae
1782 312 1920 342 iustitiae
1929 317 1960 342 et
1969 311 2043 343 fidei
2053 322 2141 343 mors
2151 314 2204 344 de-

1209 352 1211 386 ,’
1233 352 1380 384 clarabit.
1394 353 1455 383 Ubi
1474 354 1552 384 nihil
1566 364 1712 393 operum,
1730 353 1808 383 nihil
1827 359 2001 384 conatuum
2019 360 2205 386 nostrorum

1210 394 1211 403 ¹
1232 402 1355 426 tantum
1379 397 1450 426 erit.
1474 397 1561 436 quod
1586 407 1658 426 cum
1682 401 1785 426 morte
1809 397 1965 436 congredi
1987 398 2100 437 possit.
2125 398 2204 428 Bre-

1209 438 1211 463 1'
1232 438 1331 468 viter:
1355 438 1540 477 pharisaica
1554 439 1673 469 iustitia
1696 443 1824 469 nonest
1838 438 1967 474 iustitia,
1990 440 2050 469 sed
2068 440 2205 470 mendax

1233 491 1367 519 operum
1390 481 1518 520 specics
1532 504 1540 510 .
1570 492 1631 511 nec
1666 481 1824 511 immutari
1859 481 1899 511 ab
1923 479 1992 510 ullo
2015 487 2071 511 aut
2094 481 2205 522 aliquo

1232 523 1329 552 modo
1354 524 1453 553 corda
1478 529 1627 562 possunt.
1640 524 1700 553 nisi
1713 524 1754 553 ab
1768 533 1817 554 eo.
1831 524 1884 563 qui
1899 522 2052 553 condidit.
2065 523 2205 555 Hierem-

1234 564 1318 594 xlll.
1336 568 1400 601 lvs.
1416 564 1500 602 23.:]
1530 566 1581 595 An
1605 571 1730 596 mutare
1746 567 1785 598 ¹¹)
1811 570 1920 605 potest
1942 565 2063 604 αἶ’θιωψ
2087 565 2207 605 pellem

1233 608 1346 636 suam?
1359 613 1412 638 aut
1436 609 1558 647 pardus
1573 610 1747 639 varietates
1763 608 1862 638 suas?
1879 613 1911 638 et
1925 617 1984 638 vos
1998 609 2145 646 poteritis
2159 607 2206 639 fa-

1233 649 1434 687 cerbomnn,
1459 660 1531 681 cum
1554 651 1729 680 didiceritis
1742 649 1886 680 malum?
1908 649 2045 689 Insuper
2058 655 2089 680 et
2102 650 2206 681 omnis

1232 700 1366 731 operum
1390 698 1422 722 et
1445 692 1604 723 bonorum
1628 692 1723 723 huius
1748 693 1832 722 vitae
1856 692 1986 729 iustitia,
2009 702 2070 722 nec
2088 702 2205 732 peeca-

1232 738 1309 764 tum.
1334 744 1394 763 nec
1418 733 1589 771 infernum,
1614 745 1719 775 neque
1742 739 1879 764 mortem
1903 734 2012 771 vineit,
2036 739 2067 764 et
2080 734 2205 765 servari

1232 781 1359 814 oportet
1385 786 1444 805 nos
1467 776 1540 806 sola
1563 777 1652 807 verbi
1679 778 1752 814 fide,
1776 777 1827 806 cui
1850 777 2048 816 incorporati
2063 781 2096 806 et
2118 777 2206 807 insiti

1233 827 1357 854 sumus,
1383 817 1513 848 Christo
1545 820 1667 849 victore
1689 824 1720 850 et
1750 829 1811 849 nos
1846 819 2000 848 victuros.

1273 875 1361 906 Eece
1395 877 1471 916 quid
1494 876 1599 907 fides?
1643 877 1764 908 Unicus
1786 882 1911 917 portus,
1933 877 2064 907 unicum
2085 876 2207 916 praesi-

1233 918 1330 950 diurn,
1354 919 1450 948 unica
1473 919 1630 956 anchora,
1653 921 1784 950 unicum
1806 918 1940 949 vallum.
1976 917 2137 949 Omnibus
2151 919 2208 949 du-

1234 960 1294 989 biis
1320 961 1418 990 rebus
1442 962 1564 991 nostris
1595 961 1669 991 sola
1693 962 1774 992 fides
1798 970 1881 991 onus
1905 959 1992 1001 legis
2017 966 2048 990 et
2080 961 2208 1000 peccati

1235 1001 1364 1038 elevat,
1400 1002 1473 1032 sola
1505 1003 1585 1033 fides
1610 1009 1741 1034 nostras
1766 1003 1983 1033 conscientias
2007 1002 2208 1043 tranquillat,

1236 1043 1309 1073 sola
1332 1043 1414 1075 fides
1437 1050 1573 1075 mortem
1586 1046 1686 1075 vincit
1709 1052 1741 1076 et
1753 1045 1924 1076 infernum.
1949 1044 2053 1075 Crede
2065 1044 2208 1081 Christo,

1237 1087 1350 1116 invoca
1373 1087 1532 1117 (v'lm‘stum
1552 1097 1610 1126 per
1633 1088 1747 1128 fidem,
1777 1089 1840 1118 iam
1859 1087 1995 1126 spiritns
2016 1086 2208 1128 iustificatm·

1236 1132 1264 1158 et
1282 1133 1443 1168 purgator
1466 1129 1580 1159 adest!
1607 1129 1673 1159 lam
1697 1141 1761 1170 pax
1782 1131 1877 1160 datur
1890 1129 2122 1166 conscientiae,
2144 1129 2209 1161 iam

1237 1172 1351 1201 mortis
1375 1171 1459 1201 cedit
1482 1171 1610 1208 horror,
1633 1173 1696 1202 iam
1719 1171 1835 1202 inferni
1858 1172 1962 1202 minae
1976 1170 2109 1202 clausae
2121 1177 2207 1202 sunt.

1239 1213 1304 1250 Qui
1324 1214 1402 1243 enim
1422 1214 1525 1243 credit
1545 1214 1686 1251 Christo,
1708 1219 1838 1244 mortem
1860 1223 1923 1244 non
1944 1213 2073 1243 videbit.
2117 1212 2208 1243 Haec

1237 1254 1307 1285 fere
1328 1257 1432 1295 primo
1455 1255 1530 1285 loco
1554 1256 1630 1286 mihi
1653 1256 1788 1287 aPaulo
1811 1256 1865 1296 agi
1887 1257 2052 1286 videntur:
2076 1255 2117 1286 de
2139 1256 2208 1296 qui·

1237 1299 1298 1328 bus
1322 1299 1349 1328 si
1373 1299 1446 1338 quis
1470 1299 1610 1329 rectiora
1632 1299 1740 1336 sentit,
1763 1299 1892 1329 minime
1913 1297 2088 1329 molestum
2110 1296 2208 1328 fuerit

1239 1340 1344 1380 sequi,
1368 1345 1429 1370 etc.

1280 1397 1514 1430 SECUNDUS
1521 1398 1667 1430 LOCUS
1679 1398 2133 1431 PRAEDESTINATIONIS
2147 1403 2208 1436 est,

1237 1442 1276 1472 de
1289 1451 1355 1482 qua
1366 1446 1496 1481 praeter
1508 1452 1558 1479 ea,
1571 1452 1654 1482 quae
1668 1443 1781 1482 paucis
1795 1443 1904 1473 verbis
1920 1440 2043 1472 Paulus
2056 1440 2145 1478 dixit,
2161 1441 2208 1471 ni-

1236 1483 1281 1513 hil
1304 1489 1413 1523 potest
1434 1483 1575 1514 hominis
1598 1484 1667 1515 ulla
1690 1485 1784 1520 ratio,
1807 1483 1910 1515 ullum
1921 1484 2096 1525 ingenium.
2119 1482 2207 1514 Vide

1240 1526 1280 1556 ad
1304 1526 1386 1557 haec
1409 1525 1465 1556 Vl.
1490 1525 1619 1557 Ioannis
1643 1526 1759 1567 Caput.

1277 1584 1462 1615 TERTIUS
1484 1585 1594 1616 Locus
1618 1585 1745 1616 Momm
1767 1591 1855 1616 totus
1882 1590 1950 1622 est,
1978 1584 2033 1615 ubi
2060 1583 2208 1626 regulam

1235 1627 1322 1657 hanc
1345 1628 1499 1658 observa:

1280 1686 1429 1717 Omnium
1455 1686 1701 1718 indifferentium
1732 1697 1866 1727 operum
1889 1685 2037 1728 regulam
2068 1686 2205 1717 charita-

1237 1734 1301 1760 tem
1324 1739 1408 1759 esse.

1414 1838 1502 1863 PAULI
1519 1839 1556 1863 ΑΙ)
1576 1839 1716 1864 ROMANOS
1734 1838 1894 1863 EPISTOLAE
1912 1839 2024 1864 SUMMA.

1280 1905 1393 1936 Status
1417 1915 1565 1935 caussae.
1601 1905 1730 1934 Iustitia
1752 1914 1792 1933 ea·
1812 1905 1874 1946 fide
1897 1907 1967 1937 sine
1987 1907 2152 1947 operibuS,
2175 1912 2208 1937 et

1238 1946 1362 1978 nullum
1386 1957 1467 1987 opus
1491 1953 1600 1987 potest
1621 1947 1772 1978 affectum
1794 1948 1962 1979 immutare
1977 1950 2029 1988 ¹2),
2052 1949 2112 1980 sed
2134 1948 2208 1980 sola

1213 2002 1215 2031 ⁴]
1238 1990 1319 2020 fides
1349 1989 1498 2030 impetrat
1521 1990 1691 2027 iustitiam,
1715 1990 1779 2022 hoc
1802 1996 1862 2028 est,
1886 1990 2128 2022 innovationem
2148 2000 2206 2021 no-

1214 2043 1215 2046 *
1238 2032 1306 2062 stri.

1281 2090 1445 2121 ORATIO
1475 2096 1525 2121 est
1547 2092 1677 2132 generis
1692 2091 1871 2128 iudicialis,
1898 2091 1998 2122 habet
2027 2092 2206 2129 exordium,

1238 2133 1468 2171 narrationem,
1492 2134 1780 2171 confirmationem,
1803 2140 1878 2174 apte
1899 2135 2089 2175 composita.

1279 2192 1466 2232 Inscriptio:
1490 2191 1611 2222 Paulus
1635 2192 1759 2224 Servus
1782 2193 1855 2224 Iesu
1879 2192 1999 2224 Christi
2022 2198 2084 2224 eto.
2106 2193 2142 2224 In
2166 2203 2205 2224 ea

1214 2270 1215 2285 χ
1237 2235 1448 2275 inscriptione
1471 2235 1663 2265 observabis

1368 2293 1453 2328 Quid
1477 2293 1618 2323 servitus
1642 2293 1747 2335 legis?

1367 2336 1517 2367 Servitus
1541 2333 1688 2366 Christi?

1214 2497 1215 2501 ¹
1241 2489 1283 2519 11)
1308 2487 1418 2517 mutare]
1437 2488 1473 2512 sic
1490 2487 1570 2512 Fried.
1592 2488 1636 2518 [=
1651 2487 1747 2516 Vulg.];
1771 2493 1807 2517 pr.
1829 2489 1854 2512 et
1872 2487 1966 2515 sti-ou:
1985 2488 2083 2513 Fried.:
2102 2489 2201 2513 mutari.

1240 2539 1283 2569 12)
1308 2538 1454 2568 immutare]
1473 2538 1508 2563 sic
1526 2538 1569 2563 Ed.
1591 2544 1625 2568 pr.
1632 2545 1638 2568 ;
1657 2538 1737 2563 Sti-ob.
1755 2540 1780 2562 et
1798 2537 1891 2563 Fried.:
1910 2540 2016 2563 mutare.
