2358 2933
235 112 292 143 931

239 203 454 242 belligerante
488 214 546 232 seu
571 203 778 233 sacrificante
803 214 932 243 semper
955 212 1003 234 est
1030 215 1150 235 sensus
1175 206 1210 234 ti-

238 247 336 275 moris
361 246 420 275 llei
456 253 483 274 et
512 246 583 274 lidci
608 245 811 275 consolantis
841 248 981 276 aninnnn
1005 258 1044 276 ac
1068 254 1210 277 statuen-

237 289 275 317 tis
302 299 378 317 vere
404 287 504 316 Deum
525 289 657 319 adesse,
683 289 868 327 gubernare
891 296 919 317 ct
944 289 1101 318 adiuvare
1125 289 1209 318 han(¹
1231 294 1232 297 ’

236 331 451 358 mirationem.
490 329 526 358 lli
552 336 656 358 motus
681 330 827 359 oriuntur
851 340 867 359 a
893 331 1017 369 Spiri=u
1040 337 1157 360 sancto
1178 336 1207 359 et

236 382 312 400 vere
335 379 518 410 agnoscunt
534 370 656 402 Deum:
682 371 749 400 Noc
773 378 846 402 sunt
870 371 1003 411 sagaces
1028 379 1057 402 et
1078 374 1208 402 moritu-
1228 394 1230 399 .

237 423 290 441 rae
303 414 449 442 umbrae.
463 413 520 441 scd
534 421 607 442 sunt
622 412 784 442 inchoatio
799 415 884 443 vitae
897 421 1055 444 aeternae.
1071 414 1107 443 Et
1123 414 1206 444 hanc

235 454 339 484 lucem
353 455 488 484 accendi
503 462 531 484 et
547 456 657 494 augeri
672 456 762 494 petit.
775 465 847 486 cum
860 456 959 496 inquit
977 456 1046 493 [Ps.
1058 456 1112 493 50,
1128 457 1188 492 124
1202 470 1204 473 v

235 495 301 526 sor
324 497 476 526 mnndum
501 507 575 527 crea
600 498 632 526 in
657 508 723 527 me.
746 496 856 534 Deus,
880 498 911 527 id
935 505 1001 534 est,
1036 508 1093 528 cor
1117 504 1206 528 recte

233 538 272 567 de
298 537 368 568 Deo
393 540 551 575 sentiens,
575 549 765 579 agnoscens
789 541 866 569 iram
879 539 940 570 Dei
965 541 1204 580 etpromissam

233 581 498 610 miseriem-«litun.
532 588 682 611 statuens
713 592 789 611 vere
814 592 873 611 nos
897 583 1026 622 respici,
1049 583 1204 619 exaudiri,

232 623 347 653 iuuari.
383 624 509 663 protegi
533 630 561 653 et
586 625 722 653 servari.
768 623 807 653 Et
831 625 979 664 spiritum
1004 631 1139 661 rectum,
1174 625 1205 654 id

231 674 293 701 est,
330 664 453 694 lirnium
488 666 607 695 innova
643 666 673 694 in
698 667 881 696 visceribus
905 667 996 703 meis,
1020 667 1050 696 id
1075 673 1138 703 est,
1163 667 1203 696 sit

231 706 321 736 lirina
358 706 440 737 haec
475 706 527 737 lux
564 708 603 737 de
627 707 715 744 Deo,
750 719 815 738 non
845 709 1051 749 extinguatur
1073 708 1206 739 Diaboli

230 749 433 789 praestigiis,
457 750 710 789 cogitationibus
723 749 891 789 Epicureis
915 757 967 781 aut
987 751 1204 787 Academicis,

230 791 311 820 sieut
339 789 428 820 multi
453 793 619 830 sapientes
644 802 832 832 merguntur
856 795 885 822 in
911 799 1061 823 aeternas
1080 794 1205 823 dubita·

231 833 348 862 tiones.
396 832 530 868 ll'salm.
553 834 606 868 50,
630 834 689 870 134
734 834 784 864 Ne
808 835 960 874 proiicias
984 846 1056 865 mea
1079 845 1098 865 a
1120 834 1204 865 facie

230 882 295 905 tua.
321 882 350 904 et
377 875 533 914 Spiritum
557 883 704 906 sanctum
729 886 769 906 ne
791 876 923 907 auferas
947 887 964 907 a
990 888 1052 914 me,
1086 877 1202 914 idest,

230 916 352 956 spiritu
387 924 503 947 sancto
535 925 590 948 tuo
614 919 759 958 guberna
785 918 921 950 consilia
945 926 975 949 et
1001 930 1114 949 omnes
1138 929 1203 949 mo-

231 966 281 988 tus
317 970 420 995 meos,
455 966 485 989 et
515 961 660 990 accende
696 962 726 990 in
761 970 813 991 me
847 968 955 991 motus
981 967 1203 999 congmentes

230 1001 310 1041 Legi
327 1009 411 1031 tuae.
421 1000 594 1039 Timorem,
604 1002 727 1038 Fidem,
735 1001 953 1033 Dilectionem
962 1003 1035 1040 Dei,
1049 996 1204 1033 Toleran-

230 1044 317 1079 tiam,
331 1043 525 1074 ludustriam
540 1045 572 1074 in
586 1045 759 1074 vocatione
772 1051 833 1075 etc.
848 1045 933 1081 [ibid
950 1056 999 1075 vs.
1016 1046 1076 1083 144
1091 1045 1205 1075 Redde

229 1084 304 1115 mihi
329 1084 481 1116 laetitiam
506 1085 662 1116 salutaris
687 1088 742 1123 tui,
768 1087 798 1117 id
817 1094 879 1123 est,
901 1093 1050 1117 sustenta
1074 1098 1124 1117 me
1147 1094 1202 1118 tua

229 1127 458 1158 consolatione
483 1129 513 1157 in
535 1130 717 1165 aerumnis,
742 1140 783 1159 ne
806 1130 983 1169 pavoribus
1007 1136 1059 1160 aut
1085 1128 1204 1159 dolori-

231 1170 291 1200 bus
327 1168 451 1200 fractus
485 1180 627 1209 peream.
685 1171 807 1211 Spiritu
837 1178 1020 1211 spontaneo
1045 1172 1202 1202 confirma

228 1221 288 1243 me,
314 1212 345 1242 id
370 1218 430 1249 est,
454 1211 609 1253 largiaris
632 1213 708 1243 mihi
733 1215 832 1244 robur
855 1214 886 1243 in
899 1212 1145 1251 afflictionibus,
1168 1219 1203 1244 ut

227 1255 391 1284 sustinere
426 1264 484 1284 eas
518 1255 642 1294 possim
677 1262 707 1285 et
744 1256 799 1285 tibi
830 1254 945 1285 volens
970 1256 1203 1295 obtemperem,

229 1306 293 1326 non
328 1295 475 1326 deficiam
505 1308 523 1327 a
547 1304 579 1327 te
602 1296 745 1328 fremens
769 1308 808 1327 ac
832 1298 983 1328 dubitans
1007 1298 1048 1328 de
1070 1304 1125 1327 tua
1146 1298 1203 1327 mi-

228 1339 421 1375 sericordia,
455 1340 541 1369 sicut
575 1338 664 1370 Saul.
712 1340 768 1369 Sic
805 1341 884 1379 petit
919 1340 1033 1370 ordine
1066 1340 1202 1379 primum

227 1379 343 1415 lucem,
367 1391 430 1420 qua
456 1391 533 1411 vere
555 1388 717 1421 agnoscat
740 1380 847 1412 Deum
870 1389 900 1411 et
924 1383 994 1412 eius
1028 1382 1202 1423 agnitionis

228 1422 429 1460 firmitatem,
454 1421 582 1453 Deinde
606 1424 850 1453 renovationem
875 1430 904 1453 et
929 1424 1202 1464 gubernationem

229 1465 260 1495 in
283 1465 480 1502 actionibus,
508 1464 629 1496 Postea
653 1465 914 1496 consolationem
938 1472 968 1495 et
992 1466 1202 1496 sustentatio-

228 1517 301 1537 nem
325 1508 356 1536 in
381 1508 553 1537 aemnmis.

315 1548 396 1579 Cum
421 1550 518 1590 igitur
542 1550 624 1580 haec
646 1549 703 1579 lux
725 1550 757 1579 in
781 1555 887 1580 mente
899 1549 1036 1580 Davidis
1060 1560 1202 1580 accensa

230 1599 291 1628 est,
328 1602 442 1623 omnes
467 1592 535 1621 eius
562 1593 667 1622 bonae
690 1593 839 1623 actiones
862 1592 1034 1622 interiores
1059 1598 1089 1622 et
1113 1598 1203 1622 exte-

228 1635 345 1671 riores,
375 1632 522 1671 moralis,
545 1633 697 1674 politicae
720 1641 751 1664 et
776 1635 981 1664 ceremoniae
1004 1640 1079 1663 sunt
1102 1635 1203 1664 actio-

229 1688 287 1707 nes
310 1677 451 1716 Spiritus
485 1678 609 1713 sancti,
643 1686 709 1706 non
742 1682 818 1707 sunt
841 1675 954 1706 literae
978 1682 1031 1706 aut
1055 1677 1201 1706 umbrae.

229 1719 371 1750 Econtra
397 1719 428 1748 in
451 1717 623 1758 hypocrita
649 1717 765 1755 Saule,
789 1719 842 1758 qui
867 1724 916 1748 est
939 1718 1010 1748 sine
1034 1716 1107 1748 luce
1129 1717 1202 1757 Spi-

229 1762 306 1791 n’tus
341 1762 460 1797 sancti,
494 1770 674 1800 oppressus
709 1761 963 1791 dubitationibus
987 1759 1201 1801 hypocriticis

228 1814 287 1833 seu
310 1803 535 1839 Academicis.
560 1812 674 1833 omnes
697 1804 843 1832 actiones
866 1803 1037 1832 interiores
1061 1808 1092 1832 et
1114 1808 1202 1832 exte-

230 1846 346 1882 riores,
372 1846 477 1875 bonae
500 1845 695 1875 intentiones
719 1850 750 1874 et
774 1855 873 1884 opera
898 1854 957 1875 seu
981 1843 1116 1874 moralia
1141 1854 1202 1875 seu

230 1887 363 1929 politica
388 1898 446 1917 seu
471 1888 676 1917 ceremoniae
698 1893 773 1917 sunt
807 1885 922 1916 literae
936 1893 967 1916 et
980 1888 1114 1917 umbrae
1134 1897 1201 1917 mo-

229 1931 363 1967 rientes,
382 1940 442 1959 nec
466 1929 660 1960 inchoantes
685 1930 782 1960 vitam
805 1936 981 1959 aeternam.

317 1972 408 2003 Haec
432 1979 480 2002 est
495 1970 586 2002 Pauli
611 1972 773 2001 sententia
795 1971 825 2001 2.
840 1970 916 2001 Cor.
940 1970 970 2000 3.
997 1974 1078 2008 lvss.
1091 1970 1200 2008 6-8.1

231 2026 303 2046 cum
338 2014 461 2054 Legem
496 2021 590 2044 vocat
626 2013 751 2044 literam
782 2024 820 2043 ac
843 2013 1054 2043 ministerium
1078 2014 1202 2050 mortis,

232 2056 445 2097 Evangelium
468 2067 546 2087 vero
570 2057 782 2086 ministerium
805 2056 948 2095 spiritus.
994 2054 1100 2085 Sentit
1119 2056 1203 2085 enim

232 2100 302 2130 sine
321 2099 434 2129 notitia
448 2098 618 2139 Evangelii
641 2097 748 2139 legem
772 2104 897 2127 tantum
919 2104 973 2127 aut
999 2096 1202 2137 disciplinam

231 2142 492 2184 philosophicam
516 2148 570 2171 aut
594 2147 739 2171 terrores
763 2139 908 2169 efficere.
953 2139 995 2170 At
1021 2138 1203 2180 disciplina,

231 2187 263 2216 id
297 2192 363 2222 est,
396 2184 516 2214 iustitia
540 2184 701 2214 humanae
723 2182 870 2214 rationis,
894 2188 927 2211 ut
952 2182 1122 2221 Pomponii
1145 2181 1203 2211 At-

231 2229 286 2258 tici
309 2234 363 2258 aut
387 2226 629 2265 hvpocritarum
653 2226 722 2254 sine
746 2235 825 2254 vero
849 2225 965 2254 timore
984 2224 1047 2253 Dei
1071 2231 1101 2254 et
1126 2233 1203 2254 vera

232 2270 294 2301 fide
318 2261 491 2300 invocante
509 2268 614 2299 Deum
637 2268 803 2308 agnitione
827 2266 959 2302 Christi,
984 2265 1061 2295 nihil
1085 2272 1136 2296 est
1157 2266 1204 2295 ni-

233 2313 260 2342 si
284 2312 388 2348 litera,
424 2310 486 2340 hoc
512 2317 573 2340 est.
610 2311 723 2339 umbra
748 2320 812 2339 non
837 2308 975 2338 afferens
1000 2309 1107 2338 vitam.
1152 2306 1204 2338 De

232 2354 424 2389 terroribus,
447 2359 479 2382 ut
504 2353 534 2382 in
549 2351 658 2389 Saule,
682 2350 889 2382 manifestum
913 2357 963 2380 est
985 2356 1110 2380 mentes
1133 2360 1205 2389 per-

234 2394 425 2426 terrefactas
459 2395 624 2434 agnitione
654 2395 722 2423 irae
745 2393 817 2430 Dei,
852 2403 923 2423 cum
948 2403 1013 2422 non
1037 2393 1206 2433 eriguntur

236 2448 316 2467 vot-e
340 2436 522 2476 Evangelii.
557 2435 670 2475 sugere
694 2435 800 2465 Deum
830 2441 860 2465 et
883 2445 978 2464 ruere
996 2435 1028 2463 in
1053 2435 1204 2473 despera-

235 2481 355 2509 tionem
379 2486 408 2508 et
432 2485 598 2508 aeternum
622 2478 762 2507 exitium.

321 2521 364 2551 At
388 2519 598 2560 Evangelium
634 2526 683 2549 est
715 2519 923 2549 ministerium
947 2518 1089 2558 spiritus.

864 111 971 142 PHlL.
994 110 1094 141 MEL.
1118 107 1305 144 SCRIPTA
1328 114 1600 147 DoGMAthA.

1229 369 1231 384 Α

1135 2517 1205 2547 Hac
1225 2505 1228 2550 i

2160 119 2224 151 932

1257 216 1339 237 voce
1372 206 1451 237 nihil
1485 206 1611 238 dulcius
1646 219 1685 238 ac
1699 210 1745 241 ³²⁵)
1779 210 1903 249 gratius
1938 211 2071 249 cogitari
2101 217 2221 250 potest.

1254 248 1428 279 Manifesta
1471 250 1611 280 affirmat
1656 260 1713 290 per
1744 250 1914 291 Evangelii
1950 248 2222 291 praedicationem

1254 291 1322 320 dari
1358 292 1511 329 Spiritum
1547 298 1708 327 sanctum,
1739 293 1822 324 sicut
1856 294 1896 325 ad
1921 292 2058 324 Galatas
2087 294 2131 331 13,
2157 294 2220 332 14.Ι

1253 333 1343 363 dicit:
1370 333 1411 363 Ut
1424 334 1672 372 promissionem
1686 335 1819 373 spiritus
1832 335 2030 374 accipiamus
2044 346 2102 374 per
2114 336 2220 367 fidem.

1253 373 1333 404 Cum
1368 381 1493 405 mentes
1524 374 1781 414 perterrefiictae
1814 377 1947 407 audiunt
1977 386 2092 408 vocem
2115 377 2221 408 Evan—

1251 415 1327 455 gelii
1362 423 1394 447 et
1423 417 1559 447 credunt
1595 424 1728 457 propter
1751 417 1961 448 Mediatorem
1997 428 2074 449 vere
2106 421 2220 450 remitti

1250 464 1405 496 peccata,
1440 460 1619 498 concipitur
1642 459 1782 499 Spiritus
1815 466 1967 497 sanctus,
2003 466 2034 491 et
2057 470 2144 492 nova
2165 461 2219 492 lux

1251 506 1283 530 et
1317 501 1377 530 xita
1403 501 1434 530 in
1465 502 1619 532 cordibus·
1643 502 1850 538 accenditur,
1880 503 1961 532 sicut
1987 503 2073 542 apud
2097 502 2221 533 Zacha-

1252 542 1331 572 riam
1357 542 1423 580 112,
1450 542 1511 581 Ηλ]
1553 544 1711 582 scriptum
1735 550 1801 574 est:
1846 543 2017 574 Effundam
2040 554 2141 584 super
2162 554 2221 575 eos

1250 583 1402 623 Spiritum
1426 586 1551 624 gratiae
1574 591 1603 616 et
1628 595 1772 624 precum,
1795 586 1824 616 id
1849 592 1910 622 est,
1935 596 2004 616 mea
2024 585 2220 617 consolatio-

1250 635 1290 656 ne
1309 627 1430 667 erigam
1455 636 1526 662 eos.
1551 633 1581 657 et
1605 628 1767 657 adiuvabo
1792 628 1913 668 Spiritu
1927 634 2055 664 sancto,
2075 634 2106 659 ut
2120 638 2220 668 agno-

1250 674 1344 698 scant
1380 678 1417 697 se
1440 676 1593 708 receptos
1618 679 1693 699 esse
1715 671 1746 699 in
1771 671 1906 710 gratiam
1931 676 1962 701 et
1985 671 2108 709 recepti
2131 671 2220 701 invo-

1250 716 1323 740 cent
1346 709 1451 740 Deum
1477 716 1507 739 et
1531 711 1559 740 ei
1583 712 1818 751 obtemperent.
1864 712 1929 742 Sed
1953 712 2075 742 Paulus
2099 713 2221 742 diserte

1250 752 1325 782 dicit
1350 752 1419 781 dari
1443 752 1597 790 Spiritum
1621 759 1770 784 sanctum
1793 763 1852 793 per
1868 754 1979 784 Fidem
2003 764 2064 784 seu
2087 755 2220 784 creden-

1250 795 1348 824 tibus.
1382 794 1492 828 Quare
1503 794 1554 829 iis,
1568 796 1622 834 qui
1636 805 1701 824 non
1714 803 1939 834 expavescunt
1951 806 2050 826 sensu
2064 797 2132 826 irae
2143 796 2218 832 Dei,

1249 846 1311 866 nec
1346 836 1482 866 credunt
1516 837 1590 867 voci
1613 836 1794 877 Evangelii,
1830 838 1888 866 sed
1924 844 2052 868 manent
2087 837 2121 867 in
2143 847 2220 868 con·

1249 883 1372 917 temptu
1394 877 1456 908 Dei
1480 884 1533 908 aut
1558 879 1768 916 dubitatione,
1787 878 2001 919 Evangelium
2025 885 2148 910 tantum
2169 884 2220 910 est

1248 919 1341 950 litera
1361 926 1391 950 et
1415 920 1529 950 mnbra
1552 921 1623 950 sine
1645 920 1773 951 effectu.

1338 1002 1563 1043 Explodantur
1595 1014 1675 1045 ergo
1709 1004 1920 1035 deliramenta
1954 1004 2130 1046 Origeuis,
2148 1004 2219 1045 &qui

1248 1045 1377 1076 literam
1411 1046 1454 1076 ait
1489 1055 1564 1076 esse
1597 1056 1732 1077 sensum
1767 1046 2020 1077 Granunaticum
2042 1047 2075 1077 in
2097 1046 2216 1077 descri-

1248 1089 1358 1127 ptione
1383 1089 1639 1119 ceremoniarum
1659 1094 1690 1118 et
1713 1087 1939 1126 historiarum,
1962 1088 2117 1128 Spiritum
2138 1097 2218 1118 -vero

1249 1128 1459 1170 allegoricam
1484 1130 1780 1170 interpretationem
1805 1131 2061 1161 ceremoniarum
2073 1135 2105 1160 et
2122 1129 2221 1160 histo-

1249 1173 1379 1202 riarum.
1425 1171 1518 1202 Hanc
1541 1178 1677 1203 secutus
1700 1171 1898 1212 hypothesin
1922 1178 2037 1212 postea
2050 1172 2142 1205 nimis
2154 1181 2220 1202 ma-

1249 1224 1313 1254 gna
1348 1213 1477 1244 licentia
1501 1220 1531 1244 et
1555 1213 1704 1253 profecto
1728 1224 1794 1244 non
1818 1214 2030 1244 concedenda
2052 1215 2085 1244 in
2107 1211 2221 1244 Eccle-

1249 1257 1307 1292 sia,
1331 1254 1406 1285 lusit
1431 1255 1592 1296 fingendis
1614 1257 1950 1295 interpretationibus,
1972 1255 2041 1286 sere
2063 1261 2097 1286 ut
2119 1256 2221 1296 picto-

1249 1308 1302 1328 res
1336 1296 1466 1334 ludunt,
1487 1308 1561 1328 cum
1583 1299 1721 1338 pingunt
1739 1297 1944 1334 Chimaeras,
1967 1297 2112 1338 Scyllas,
2135 1297 2220 1328 Cen-

1249 1346 1370 1370 tauros.

1335 1381 1405 1411 Una
1434 1388 1481 1411 est
1507 1382 1668 1412 sententia
1690 1381 1800 1412 nativa
1824 1382 1980 1411 orationis
2002 1380 2220 1421 propheticae

1248 1430 1278 1453 et
1301 1422 1516 1462 Apostolicae
1548 1423 1580 1453 in
1609 1422 1748 1463 singulis
1770 1423 1938 1459 membris,
1973 1433 2067 1463 quam
2089 1422 2220 1463 phrasis

1248 1466 1361 1495 dextre
1400 1463 1563 1495 intellecta
1598 1466 1686 1496 iuxta
1710 1471 1898 1505 ,praecepta
1930 1464 2044 1497 harum
2078 1474 2216 1496 commu-

1248 1509 1334 1537 nium
1368 1508 1501 1544 artium,
1531 1517 1614 1547 quae
1647 1506 1802 1547 loquendi
1835 1508 1992 1537 rationem
2026 1511 2220 1543 monstrant,

1249 1549 1361 1589 gignit.
1407 1548 1528 1585 Postea
1562 1549 1622 1589 ipsi
1652 1550 1733 1580 ritus
1767 1555 1823 1579 aut
1845 1548 2001 1579 historiae
2023 1549 2220 1583 suntzinter·

1248 1592 1323 1621 dum
1356 1591 1515 1631 imagines
1548 1591 1684 1621 aliarum
1719 1601 1824 1621 rerum
1854 1597 1908 1621 aut
1949 1589 2110 1630 exempla,
2146 1613 2149 1616 .
2175 1589 2220 1620 Ut

1248 1632 1365 1672 Agnus
1393 1633 1573 1672 paschatos
1598 1633 1655 1665 fuit
1679 1634 1809 1674 signum
1835 1639 1991 1664 venturae
2013 1632 2219 1666 mactationis

1248 1673 1380 1704 Christi.
1425 1674 1543 1705 Daniel
1577 1681 1728 1706 servatus
1762 1677 1844 1705 inter
1872 1675 2002 1705 Leones
2036 1673 2219 1714 exemplum

1249 1722 1299 1746 est
1322 1715 1495 1747 multorum
1515 1718 1683 1748 doctorum
1701 1724 1731 1747 et
1744 1718 1916 1748 tuiiversae
1929 1715 2111 1755 Ecclesiae,
2135 1726 2219 1756 quae

1248 1757 1344 1788 simili
1366 1757 1428 1788 Dei
1465 1759 1623 1791 beneficio
1657 1761 1740 1790 inter
1757 1764 1954 1800 grassantes
1977 1758 2151 1799 Tyrannus
2172 1764 2218 1788 te-

1248 1801 1343 1840 gitur.
1389 1800 1458 1830 Hae
1483 1800 1675 1832 collationes
1699 1808 1775 1832 sunt
1804 1800 2004 1841 allegoricae
2020 1801 2217 1840 ¹interpreta-

1247 1843 1364 1880 tiones
1399 1852 1481 1882 quas
1515 1849 1589 1883 apte
1623 1850 1654 1873 et
1689 1844 1847 1873 concinne
1869 1843 2058 1879 instituere,
2079 1851 2219 1882 magnae

1248 1885 1450 1921 eruditionis,
1475 1886 1666 1925 prudentiae
1690 1891 1722 1916 et
1745 1884 1872 1915 consilii
1895 1891 1963 1921 est;
1997 1890 2028 1914 et
2051 1890 2159 1914 tamen
2182 1889 2217 1914 ut.

1247 1926 1356 1966 Leges
1380 1937 1444 1956 non
1468 1927 1627 1968 figuratae
1651 1933 1703 1958 aut
1728 1928 1932 1957 narrationes
1955 1924 2125 1965 Evangelii
2150 1936 2216 1956 non

1247 1968 1461 2009 figurataessfi)
1487 1971 1558 2000 sine
1579 1970 1768 2000 ardentibus
1790 1969 1930 1999 motibus
1954 1979 1972 1998 a
1996 1968 2117 2008 Spiritu
2140 1977 2216 1997 san-

1248 2016 1300 2040 cto
1335 2012 1486 2041 accensis
1510 2017 1584 2041 sunt
1606 2010 1720 2041 literae
1745 2017 1776 2040 et
1799 2012 1944 2046 umbrae,
1981 2011 2029 2040 sic
2052 2009 2114 2040 hae
2137 2008 2216 2040 alle-

1248 2053 1383 2093 goricae
1407 2054 1690 2092 interpretationes
1714 2053 1785 2082 sine
1808 2053 1949 2083 motibus
1971 2051 2036 2082 illis
2061 2058 2136 2082 sunt
2160 2051 2215 2081 do-

1248 2096 1373 2125 ctm'nae
1395 2105 1434 2125 ac
1456 2094 1581 2126 literae.

1335 2136 1430 2171 Quod
1454 2138 1537 2167 enim
1561 2135 1682 2167 Paulus
1706 2137 1785 2167 dixit
1808 2135 1902 2166 Rom.
1927 2136 1956 2166 7.
1981 2139 2045 2174 [vs.
2066 2135 2130 2172 14.]
2154 2134 2217 2165 Le-

1249 2188 1324 2219 gem
1347 2188 1422 2209 esse
1444 2178 1657 2218 spiritualem,
1681 2177 1853 2209 manifeste
1877 2178 1917 2208 de
1935 2176 2216 2217 mol-aliloquitur.¹

1249 2231 1309 2250 nec
1333 2220 1400 2250 vult
1425 2230 1494 2251 eam
1517 2220 1742 2251 transformari
1766 2220 1797 2250 in
1822 2218 2012 2261 allegorias,
2037 2219 2095 2250 sed
2119 2224 2216 2249 vocat

1249 2261 1460 2303 spiritualem,
1494 2263 1581 2303 quod
1614 2263 1653 2293 sit
1687 2263 1837 2293 iudicium
1860 2262 1922 2292 Dei
1945 2259 2122 2302 spirituale,
2151 2270 2214 2290 non

1250 2409 1294 2436 35)
1314 2408 1354 2438 ar]
1374 2408 1446 2432 Editt.
1468 2408 1488 2430 1.
1508 2407 1533 2429 3.
1553 2409 1595 2430 aut

1249 2458 1295 2487 36)
1315 2461 1357 2482 aut
1376 2458 1536 2482 narrationes
1547 2456 1674 2485 Evangelii
1692 2462 1740 2480 non
1761 2455 1896 2484 figuratae]
1915 2455 1989 2483 naec,
2010 2460 2082 2483 qnae
2101 2454 2128 2478 in
2144 2454 2215 2478 Editt.

1321 2493 1340 2513 1.
1361 2492 1383 2513 3.
1403 2491 1574 2519 exhibentur,
1593 2489 1758 2514 exciderunt
1776 2489 1809 2513 oo
1827 2487 2063 2512 homoeoteleuton
2082 2488 2109 2512 in
2127 2487 2169 2511 Ed.
2191 2487 2213 2509 2.

1304 2525 1422 2554 ideoque
1440 2525 1475 2549 ab
1493 2524 1620 2549 omuibus
1638 2523 1845 2553 posterioribus
1865 2522 1977 2547 absunt.
