2358 2933
243 132 305 162 395

244 232 275 254 ut
297 224 497 254 ceremonias
516 223 666 252 dizinitus
686 220 865 249 institutas.
892 226 921 249 et
939 217 1102 259 publicum
1122 220 1211 250 mini-

244 267 374 297 sterium
399 265 488 294 verbi
516 263 575 292 Dei
602 270 855 292 conservemus:
878 262 1033 301 praecipit
1057 262 1155 302 igitur
1173 262 1213 291 de

245 309 344 338 rebus
370 307 525 336 maximis.
570 302 668 333 Nulla
688 304 772 333 enim
802 312 856 333 res
887 304 991 343 magis
1022 304 1212 333 necessaria

244 357 303 379 est.
323 358 416 389 quam
441 346 653 376 ministerium
673 346 763 375 verbi
778 344 850 375 Dei.
886 345 995 379 Quare
1014 345 1134 386 uulgus
1148 355 1212 376 non

245 390 354 420 leviter
381 395 515 429 peccat.
541 387 627 427 quod
658 387 722 418 hoc
745 393 951 427 praeceptum
978 393 1079 418 totum
1103 389 1146 417 ita
1173 388 1213 417 ad

245 432 379 461 ludaeos
404 431 516 460 reiicit.
535 436 567 459 ut
588 430 713 459 interim
733 427 878 470 negligat
891 431 1094 459 ceremonias
1106 429 1214 460 Evan-

244 472 365 514 gelicas
384 480 412 502 et
431 472 640 502 ministerium
658 470 839 511 Evangelii.
871 471 976 511 Atque
994 470 1075 501 haec
1095 472 1135 502 de
1153 473 1215 512 1111-

243 526 294 545 ma
313 513 423 545 tabula
443 512 619 543 sufficiant.

303 599 570 626 lsossfinltx'rm
602 599 738 624 urnam
766 598 898 623 CORDIS
927 599 971 622 ΑΙ)
1000 597 1157 622 SlNGULA

593 639 857 667 PRAECEPTA.⁹⁹)

328 692 422 722 Nunc
446 689 644 721 conferenda
669 696 735 719 erat
760 689 978 719 inobedientia
999 688 1129 718 humani
1144 698 1215 718 cor·

245 736 294 765 dis
313 735 353 765 ad
378 732 507 774 singula
529 738 713 773 praecepta.
749 731 897 771 Pugnant
921 741 994 760 cum
1007 731 1109 771 primo
1122 739 1215 770 prae-

245 785 339 818 cepto
364 776 524 807 securitas
548 775 578 804 in
603 774 717 804 animis
742 772 922 809 hominum,
957 774 1011 813 qui
1040 778 1156 802 vacant
1182 772 1217 801 ti-

244 829 335 849 more
350 818 423 854 Dei.
443 817 611 847 dubitatio.
632 814 809 845 diffidentia
823 816 863 845 (le
882 814 1119 849 misericordia3
1143 814 1216 843 item

246 862 363 891 fiducia
393 860 543 899 propriae
563 860 620 897 ¹⁰⁰)
653 858 794 887 iustitiae
823 867 863 886 30
897 857 1072 897 potentiae.
1118 856 1216 884 lieni-

246 913 307 943 que
330 903 438 932 variae
462 899 565 931 salsae
586 900 754 939 opiniones
775 900 814 929 de
827 898 899 928 Deo
913 905 941 928 et
962 896 1175 934 idololatriae.
1194 900 1215 929 ¹)

245 954 328 985 quae
351 944 507 974 honorem
531 942 604 972 Deo
629 942 787 977 debitum.
811 940 961 971 fiduciam
985 947 1015 970 et
1039 940 1217 970 invocatio-

245 997 316 1017 nem
341 987 482 1016 tribuunt
508 985 676 1014 creaturis.
722 983 803 1014 Cum
827 983 972 1014 secundo
995 987 1140 1023 pugnant
1161 981 1216 1012 du-

247 1029 357 1059 bitatio
382 1038 505 1064 eorum.
525 1027 579 1067 qui
599 1028 669 1056 sine
692 1025 756 1056 fide
776 1027 941 1062 invocant,
961 1032 1013 1055 aut
1039 1034 1104 1054 non
1127 1024 1217 1054 invo-

247 1078 333 1108 cant,
353 1071 427 1111 quia
447 1080 512 1099 non
535 1074 673 1109 possunt
693 1078 730 1098 se
753 1068 882 1109 erigere
904 1073 937 1097 ut
962 1067 1116 1102 credant;
1141 1067 1217 1096 item

247 1114 331 1155 impii
352 1111 471 1143 cultus.
494 1112 591 1151 impia
615 1111 775 1141 doctrina.
800 1109 1023 1150 blasphemiae
1046 1115 1107 1139 etc.

332 1154 357 1185 C
361 1165 413 1185 um
436 1155 530 1184 tertio
549 1159 696 1195 pugnant
718 1152 932 1193 prophanatio
962 1152 1219 1182 ceremoniarum

249 1205 276 1228 et
298 1203 504 1237 contemptus
522 1196 689 1226 ministerii
707 1196 809 1225 verbi.
840 1194 977 1225 Constat
996 1199 1104 1225 autem
1119 1193 1218 1223 omni-

250 1242 310 1271 bus
339 1239 390 1269 his
427 1239 513 1269 vitiis
547 1238 700 1269 mundum
730 1237 861 1278 plenum
896 1246 982 1269 esse.

1038 1235 1219 1274 Praecipue
1241 1256 1243 1266 .

866 127 973 159 pun..
997 124 1098 157 MEL.
1121 124 1304 157 SCRIPTA
1327 124 1601 159 DOGMA‘HCA.

248 1289 355 1313 autem
376 1286 515 1322 peccant
539 1281 702 1310 adversus
726 1280 860 1320 primam
885 1277 1027 1308 tabulam
1051 1278 1136 1317 impii
1163 1277 1219 1306 do·
1242 1286 1243 1290 ¹

251 1331 358 1355 ctores
383 1330 413 1354 et
436 1322 619 1363 pontifices.
643 1323 698 1364 qui
720 1322 802 1351 haec
827 1326 916 1351 tanta
935 1321 1009 1350 vitia
1035 1320 1221 1360 approbant.

250 1374 348 1407 atque
384 1364 483 1396 alunt.

252 1419 316 1439 non
346 1417 421 1438 esse
448 1413 616 1447 poematum
649 1406 829 1437 naturalem
857 1405 1103 1441 immunditiem,

252 1450 340 1488 facit.
362 1460 404 1482 ne
421 1449 568 1490 perfecte
587 1449 777 1479 obediamus
797 1448 880 1478 Deo.

253 1494 369 1525 fiducia
389 1493 550 1534 gratuitae
569 1491 822 1522 misericordiae.
846 1490 912 1520 lmo
925 1490 1042 1519 docent
1061 1499 1127 1519 non
1146 1497 1221 1518 esse

252 1542 388 1578 peccata
412 1535 558 1565 dubitare
578 1541 609 1564 et
633 1532 781 1564 diffidere
800 1533 840 1563 de
863 1531 1096 1562 misericordia.
1138 1530 1222 1560 Uon-

253 1585 304 1609 tra
327 1578 505 1608 secundum
528 1582 737 1617 praeceptum
769 1573 945 1605 defendunt
967 1573 1082 1613 impias
1106 1572 1223 1603 doctri-

254 1631 332 1657 1135,
361 1630 444 1661 quae
467 1618 597 1650 abolent
629 1628 738 1648 veram
762 1617 1018 1653 invocationem,
1047 1614 1224 1646 defendunt

254 1664 368 1703 impios
394 1661 517 1698 cultus,
540 1661 624 1691 sicut
647 1658 898 1695 idololatriam2)
928 1658 1118 1694 missarum,
1148 1658 1223 1689 item

255 1703 493 1736 monachatum.
539 1705 604 1740 tlt-³)
637 1703 734 1742 impio
764 1706 936 1742 praetextu
958 1701 1097 1730 nominis
1128 1699 1225 1729 divini

255 1757 412 1778 summam
452 1744 675 1776 crudelitatem
717 1750 880 1774 exercent.
943 1741 1064 1772 Contra
1098 1742 1225 1771 tertium

256 1790 435 1830 depravant
457 1798 550 1818 usum
576 1787 849 1822 ceremoniarum,
873 1784 999 1825 fingunt
1021 1785 1111 1824 ipsas
1136 1793 1226 1813 cere-

257 1833 381 1863 monias
411 1831 526 1861 mereri
554 1829 778 1859 remissionem
813 1833 1022 1868 peccatorum
1057 1836 1096 1857 ex
1127 1835 1226 1865 opere

257 1880 392 1915 operato
415 1874 485 1903 sine
504 1872 577 1902 fide.
625 1871 764 1911 {deoque
784 1868 947 1900 cumulant
971 1870 1040 1899 sine
1058 1868 1155 1898 modo
1176 1878 1227 1898 ce-

258 1917 438 1951 remonias,
470 1921 499 1944 et
534 1914 659 1944 interim
688 1913 869 1953 opprimunt
899 1912 1112 1942 ministerium
1137 1910 1226 1940 verbi

258 1959 339 1995 Dei,
372 1962 506 1998 propter
538 1956 626 1997 quod
660 1955 836 1995 praecipue
870 1954 1022 1984 divinitus
1063 1953 1228 1983 institutae

259 2007 332 2031 sunt
357 1999 571 2031 ceremoniae.
617 1997 738 2028 Omitto
763 1997 889 2027 interim
909 2000 1064 2036 quantum
1083 2004 1227 2025 ceremo-

259 2044 382 2074 niarum
406 2041 663 2082 excogitaverint
686 2045 811 2070 tantum
833 2048 892 2078 per
911 2038 1079 2068 avaritiam
1096 2042 1151 2067 aut
1169 2046 1229 2077 per

260 2085 475 2116 ambitionem.
520 2082 600 2113 Tale
630 2088 679 2112 est
708 2091 843 2122 regnum
867 2080 1035 2120 impiorum
1061 2080 1229 2109 doctorum

261 2134 291 2157 et
309 2126 514 2168 pontificum.
543 2124 640 2165 plane
669 2124 866 2154 contrarium
888 2123 1011 2162 primae
1034 2120 1164 2152 tabulae
1185 2119 1229 2150 le-

261 2170 311 2210 gis
342 2169 414 2199 Dei.
459 2167 534 2198 Dixi
564 2173 671 2197 autcm
697 2175 796 2206 supra
824 2164 888 2195 hos
918 2173 1048 2194 errores
1076 2164 1168 2194 nasci
1190 2172 1231 2193 ex

262 2211 347 2243 salsa
364 2211 588 2251 persuasione.
608 2209 683 2249 quia
693 2209 721 2247 ⁴)
742 2207 903 2237 somniant
921 2205 1068 2236 homines
1081 2204 1156 2246 lege
1168 2205 1229 2235 Dei

281 2350 326 2377 99)
344 2349 411 2373 Hanc
430 2348 617 2377 inscriptionem
638 2345 733 2369 addunt
752 2344 822 2370 Editt.
845 2345 882 2367 12,
906 2344 941 2366 13,

268 2401 327 2427 100)
346 2397 474 2429 propriae]
493 2397 534 2421 Ed.
548 2398 585 2419 11.
606 2396 704 2425 propria

302 2450 326 2479 1)
347 2447 514 2477 idololatriae]
533 2447 567 2471 sic
586 2449 652 2470 recte
672 2446 742 2470 Editt.
761 2446 783 2467 ὅ,
805 2446 842 2471 ἢκ,
863 2448 917 2469 (011.
937 2445 1019 2468 Ε(1111.;
1046 2443 1176 2467 idolatriae

300 2500 327 2529 2)
347 2497 524 2527 idololatriam]
544 2502 631 2521 omnes
651 2496 722 2520 Editt.
741 2496 870 2519 exhibent:
896 2494 1037 2519 idolatriam

306 2554 327 2577 a)
347 2550 372 2573 Et
392 2546 502 2571 addunt
522 2547 592 2571 Editt.
613 2547 634 2568 2.
650 2546 723 2567 6-8.
746 2547 851 2568 11ἤ14,
874 2549 897 2568 et
917 2545 976 2574 opp.

529 1364 653 1394 Contra
683 1365 818 1405 primum
845 1368 1055 1403 praereptum
1091 1362 1219 1398 docent,
1242 1357 1244 1365 '

1138 1413 1221 1444 quae

926 1445 1012 1477 Nihil
1032 1447 1150 1476 docent
1181 1446 1221 1476 de
1243 1443 1245 1453 ¹

1243 1487 1246 1499 l

2163 126 2225 162 396

1257 227 1379 251 tantum
1402 221 1521 261 requiri
1541 219 1646 251 civilia
1669 230 1729 251 seu
1748 228 1881 252 externa
1900 232 2009 263 opera.
2035 221 2123 253 Haec
2143 222 2226 253 Pha-

1257 263 1375 292 risaica
1398 263 1506 302 opinio
1525 264 1607 303 parit
1631 261 1776 303 reliquos
1796 273 1937 295 errores.

1544 356 1731 387 Secunda
1760 355 1926 387 Tabula.
1941 358 1970 396 ⁵)

1345 436 1459 460 Secunda
1479 437 1564 461 tabula
1579 433 1606 465 6)
1624 432 1799 472 praecipit,
1824 430 1938 472 quales
1961 434 1986 464 7)
2011 439 2087 460 esse
2109 431 2226 462 debea-

1259 483 1330 504 mus
1350 482 1429 513 erga
1448 473 1639 513 proximum.
1685 473 1878 511 Quanquam
1902 476 2010 502 autem
2033 472 2165 503 ethaeo
2188 473 2229 504 de

1259 520 1395 545 naturae
1428 515 1581 543 munditie
1606 513 1776 553 praecipit,
1810 518 1915 543 tamen
1945 513 2040 544 simul
2068 513 2122 544 hie
2149 513 2229 554 poli-

1261 557 1336 585 tiam
1370 555 1545 585 constituit.
1592 554 1719 586 Primus
1754 555 1877 596 gradus
1913 556 1944 585 in
1973 555 2037 586 hae
2072 557 2229 587 societate

1259 596 1388 627 humani
1409 597 1539 637 generis
1568 603 1615 627 est
1640 597 1824 637 imperium,
1854 602 1889 627 ut
1911 595 1963 627 3111
1992 598 2154 637 praesint,
2177 597 2229 628 3111

1259 645 1406 679 pareant.
1458 638 1534 669 ldeo
1568 640 1671 679 prima
1701 639 1803 669 virtus
1838 644 1888 669 est
1917 639 2102 670 obedientia
2134 640 2231 670 etiam

1260 680 1346 720 apud
1369 678 1595 720 philosophos,
1614 681 1666 721 qui
1692 691 1763 711 eam
1787 687 1907 712 vocant
1926 680 2161 712 honestissimo
2173 691 2231 712 110-

1260 723 1361 759 1111110,
1394 721 1551 752 Iustitiam
1584 721 1813 754 universalem.
1858 723 1968 757 Quare
1998 729 2031 754 et
2059 723 2113 754 hic
2142 723 2231 754 initio

1261 764 1418 804 praecipit
1453 763 1492 793 de
1516 765 1709 796 obedientia.
1754 764 1795 795 Et
1825 765 1954 805 quidem
1983 765 2118 805 requirit
2147 775 2232 795 sum-

1262 817 1345 837 mum
1370 815 1452 845 opus
1482 807 1701 843 obedientiae,
1729 805 1881 836 videlicet
1909 806 2079 837 honorem.
2126 805 2232 846 Signi-

1262 849 1336 878 ficat
1358 848 1439 877 enim
1464 847 1590 884 honos,
1620 849 1763 878 tribuere
1788 847 1880 878 alteri
1907 858 1948 878 ex
1972 849 2078 878 animo
2103 849 2232 888 sapien-

1262 891 1338 920 tiam
1362 895 1392 919 et
1417 890 1584 925 iustitiam,
1618 889 1682 919 hoc
1713 895 1781 926 est,
1815 900 1931 930 parere
1962 891 2029 920 eius
2060 891 2178 920 iudicio
2202 896 2232 920 et

1263 932 1436 963 autoritati.
1482 932 1615 962 (lrditur
1644 938 1751 962 autem
1780 941 1800 962 a
1827 932 1930 971 primo
1963 933 2066 972 gradu
2100 932 2234 972 imperii,

1263 972 1387 1004 scilicet
1416 973 1457 1003 ab
1487 974 1659 1004 autoritate
1688 979 1868 1013 parentum.
1914 972 2043 1004 Deinde
2072 973 2137 1004 huc
2159 973 2234 1004 addi

1264 1017 1383 1047 debent
1401 1015 1500 1046 ceteri
1525 1016 1658 1057 gradus.
1703 1015 1750 1045 Ita
1774 1014 2000 1055 complectitur
2021 1014 2086 1047 hoc
2103 1015 2234 1046 manda-

1240 1073 1241 1087 :
1263 1064 1329 1089 tum
1347 1063 1534 1099 praecepta,
1558 1067 1642 1098 quae
1667 1062 1776 1088 extant
1795 1058 1835 1087 de
1846 1057 2101 1098 magistratibus,
2119 1057 2233 1087 Roma.

1265 1101 1314 1131 13.
1339 1106 1371 1130 et
1400 1099 1486 1130 alibi.
1531 1099 1572 1130 Et
1595 1100 1757 1140 pertinent
1781 1100 1822 1129 ad
1846 1099 1931 1130 hanc
1955 1098 2062 1139 legem
2088 1108 2235 1130 summae

1263 1143 1420 1179 virtutes.
1439 1140 1607 1179 videlicet,
1631 1142 1757 1172 servire
1780 1141 1954 1178 vocationi,
1974 1141 2147 1178 modestia,
2168 1139 2234 1170 hoc

1265 1190 1325 1222 est,
1348 1195 1413 1215 non
1435 1185 1628 1224 perturbare
1651 1182 1855 1224 respublicas
1875 1189 1930 1213 aut
1953 1184 2158 1213 vocationem
2176 1192 2236 1222 per

1264 1226 1542 1267 πολυπραγμοσύνην
1565 1232 1619 1256 aut
1633 1226 1851 1256 ambitionem.
1885 1225 1957 1256 Huc
1974 1225 2114 1264 pertinet
2130 1225 2235 1264 pietas

1266 1279 1344 1311 erga
1357 1273 1524 1308 parentes,
1548 1278 1627 1307 erga
1646 1266 1877 1308 rempublicam
1897 1273 1926 1297 et
1950 1265 2071 1297 similes
2089 1267 2236 1297 virtutes,

1535 1362 1692 1391 Quintum
1711 1362 1974 1392 praeceptum&

1353 1420 1530 1461 Sequentia
1551 1426 1728 1460 praecepta
1751 1420 1917 1450 continent
1940 1418 2084 1460 reliquas
2102 1421 2236 1451 virtutes

1268 1468 1298 1493 et
1323 1461 1432 1493 officia
1454 1462 1644 1492 necessaria
1664 1463 1705 1491 ad
1728 1463 1918 1493 societatem
1941 1462 2072 1502 generis
2094 1461 2236 1493 humani.

1266 1505 1467 1536 Necessaria
1490 1510 1541 1534 est
1564 1502 1770 1544 particularis
1789 1504 1921 1541 iustitia,
1945 1505 2038 1535 cuius
2060 1503 2144 1534 haec
2162 1509 2238 1535 sunt

1245 1548 1416 1588 =propriat
1443 1547 1604 1577 neminem
1633 1544 1783 1583 laedere,
1812 1556 1907 1577 suum
1937 1547 2056 1587 cuique
2083 1547 2237 1577 tribuere.

1269 1590 1346 1620 Ideo
1370 1589 1524 1629 deinceps
1547 1589 1703 1628 praecipit
1720 1587 1773 1618 lex
1797 1587 1933 1626 [Ex.20,
1954 1587 2039 1626 13.]:
2060 1588 2136 1619 Non
2151 1588 2238 1618 occi-

1270 1633 1340 1662 des.
1384 1631 1475 1661 Haec
1493 1630 1546 1661 lex
1570 1639 1696 1660 omnem
1707 1630 1866 1670 privatam
1884 1630 2059 1661 vindictam
2070 1629 2238 1670 prohibet3

1270 1684 1345 1705 nam
1362 1673 1573 1713 magistratus
1596 1677 1713 1712 postea
1730 1671 1828 1702 habet
1852 1682 1912 1703 sua
1929 1677 2107 1712 praecepta
2118 1672 2160 1702 de
2169 1672 2238 1702 vin-

1271 1717 1368 1747 dicta.
1413 1715 1517 1745 Porro
1537 1715 1612 1755 quia
1629 1713 1681 1744 lex
1700 1724 1765 1744 non
1784 1719 1908 1744 tantum
1925 1715 1966 1744 de
1986 1719 2120 1744 externo
2140 1722 2239 1754 opere

1271 1758 1431 1799 loquitur,
1461 1757 1520 1787 sed
1551 1757 1681 1787 damnat
1711 1765 1839 1786 omnem
1872 1757 2029 1796 privatam
2055 1756 2243 1793 vindictam,

1272 1799 1422 1841 prohibet
1449 1809 1513 1829 non
1545 1798 1652 1829 solum
1682 1797 1872 1829 manifestas
1901 1798 2052 1834 iniurias,
2080 1798 2141 1828 sed
2176 1797 2244 1828 vin-

1273 1844 1381 1873 dictae
1395 1842 1613 1881 cupiditatem.
1633 1841 1718 1878 odia,
1742 1841 1948 1870 invidentiam
1971 1845 2004 1869 et
2022 1838 2146 1870 similes
2168 1838 2245 1870 affe—

1274 1891 1357 1915 ctus.
1404 1884 1459 1914 Sic
1473 1883 1625 1914 Christus
1644 1882 1728 1913 113110
1746 1881 1853 1923 legem
1865 1880 2018 1912 Matth.5.
2029 1884 2113 1919 [vss.
2126 1881 2165 1911 21
2180 1885 2243 1922 sq.}

1273 1927 1512 1966 interpretatur.
1558 1925 1668 1960 Quare
1691 1923 1808 1954 multas
1838 1925 1974 1954 virtutes
2006 1921 2243 1962 complectitur,

1273 1969 1440 2004 iustitiam,
1465 1967 1762 2003 mansuetudinem,
1791 1966 2023 2002 constantiam,
2046 1965 2245 2006 patientiam,

1275 2009 1488 2041 clementiam.

1547 2104 1678 2127 Sextum
1705 2100 1967 2132 praeceptum.⁸)

1362 2161 1494 2192 Sextum
1516 2166 1727 2201 praeceptum
1746 2159 1820 2198 [Ex.
1832 2158 1885 2196 20,
1900 2159 1978 2197 14.]:
2002 2157 2076 2189 Non
2095 2157 2245 2189 moecha-

1278 2205 1382 2241 beris,
1417 2204 1521 2234 sancit
1556 2203 1717 2243 coniugia.
1762 2200 1892 2232 Nullum
1927 2206 2035 2231 autem
2064 2201 2244 2231 encomium

1296 2340 1324 2367 4)
1343 2339 1411 2368 quia]
1431 2338 1471 2363 Ed.
1492 2339 1511 2363 1.
1532 2344 1579 2368 qua

1297 2390 1324 2415 5)
1346 2388 1459 2413 Secunda
1478 2388 1583 2418 Tabula]
1608 2387 1679 2411 Editt.
1703 2387 1739 2409 12.
1766 2386 1800 2409 13.
1820 2387 1957 2416 Praecepta
1980 2385 2110 2410 Secundae
2126 2385 2244 2409 Tabulae.

1298 2440 1325 2469 6)
1346 2438 1461 2463 Secunda
1471 2438 1568 2467 tabula]
1588 2435 1642 2462 lma
1657 2442 1744 2461 voces
1753 2435 1865 2460 addunt
1874 2436 1944 2460 Editt.
1956 2436 1978 2458 7.
1990 2436 2012 2457 8.
2025 2435 2131 2458 11-14.
2149 2435 2173 2459 et
2185 2435 2245 2464 opp.

1256 2490 1258 2505 '³
1299 2492 1327 2519 7)
1346 2489 1446 2519 quales]
1465 2489 1508 2513 Ed.
1530 2489 1568 2510 11.
1587 2488 1681 2518 typoth.
1699 2492 1801 2511 errore:
1832 2486 1912 2516 qualis

1256 2544 1258 2551 ¹
1302 2540 1329 2564 Sl
1349 2541 1416 2563 Ham·
1435 2542 1565 2568 utramque
1585 2537 1769 2566 inscriptionem
1790 2536 1885 2560 addunt
1904 2536 1975 2560 Editt.
1997 2536 2034 2558 12.
2055 2535 2092 2557 13.
