2358 2933
222 91 299 121 1071

218 182 377 214 voluerint
412 191 523 224 partes
558 182 679 223 aliquid
714 184 931 222 constituere,
967 186 1054 226 quod
1078 189 1216 226 postea*

217 235 281 255 non
302 233 415 265 posset
440 227 553 256 mutari
577 232 710 266 propter
732 237 867 267 gravem
893 237 1065 266 caussam,
1101 229 1192 259 euius

219 276 294 299 tunc
319 268 468 297 fortassis
493 269 573 298 ratio
598 266 707 298 habita
731 275 790 299 est.

302 311 383 341 Sunt
413 318 520 340 autem
554 309 723 350 sponsalia
759 311 798 340 de
821 309 931 341 futuro
955 313 1191 351 promissiones

216 362 342 383 omnes.
379 353 496 392 quibus
531 353 639 382 addita
663 358 713 383 est
737 354 879 383 conditio
903 352 1063 392 honesta,
1100 356 1192 385 cuius

218 396 298 425 ratio
323 395 354 424 in
378 395 550 425 iudicando
574 393 725 425 habenda
749 401 816 432 est,
849 402 900 426 ut:
941 395 1069 427 Ducam
1094 403 1142 434 te,
1165 398 1193 427 si

216 444 370 477 parentes
411 438 624 467 assenserint.
671 435 769 467 Tales
811 439 1048 478 promissiones
1083 440 1191 470 irritas

216 489 306 509 esse.
332 479 360 508 si
385 479 561 509 conditioni
586 490 650 509 non
674 478 771 509 suerit
790 479 1007 518 satisfactum,
1027 492 1128 521 supra
1148 482 1192 512 tli-

218 529 305 551 ctum
329 528 389 551 est.

301 563 381 593 Sunt
417 569 446 593 et
482 562 648 603 sponsalia
684 565 725 595 de
759 563 884 602 futuro,
907 565 1037 605 quando
1062 566 1192 596 nomine

215 606 417 646 impuberum
438 606 469 635 tit
495 607 669 646 promissio
692 618 711 637 a
735 607 926 648 parentibus
950 606 1004 637 vel
1028 609 1190 639 tutoribus

214 648 254 678 de
279 648 431 688 coniugio
458 648 684 679 contrahendo
708 650 792 679 inter
815 648 876 679 hos
895 650 1093 689 impuberes,
1117 661 1191 681 cum

213 698 305 720 aetas
324 691 383 721 erit
407 690 536 722 idonea.
557 698 613 721 aut
639 702 711 722 cunt
735 692 796 732 ipsi
809 692 1007 731 impuberes,
1021 692 1075 723 vel
1088 691 1191 723 altera

213 742 368 780 persona,
393 734 484 763 cuius
507 739 599 763 aetas
625 734 765 764 nondum
790 740 839 764 est
864 735 991 771 idonea,
1006 735 1190 776 coniugium

213 775 355 805 {uturum
390 775 556 814 promittit.
603 775 692 806 Haec
715 775 883 816 sponsalia
908 776 1045 807 dissolvi
1076 788 1189 818 posse,

214 828 287 847 cum
311 817 427 847 deinde
452 816 603 848 voluntas
626 819 786 858 puberum
809 829 874 848 non
899 819 1042 857 accedit,
1066 827 1190 850 certum

214 867 274 889 est.
319 859 387 889 Nec
412 860 561 899 cogenda
586 867 635 890 est
655 871 796 900 persona
822 871 1021 901 repugnans,
1047 873 1130 903 quae
1153 873 1190 893 se

214 912 278 932 non
315 900 471 942 obligavit
507 903 578 942 ipsa
603 909 734 942 postea.
766 914 839 934 cum
862 909 954 933 aetas
978 903 1041 934 iam
1066 911 1190 935 matura

215 950 302 974 esset
329 945 480 985 coniugio
505 950 535 974 et
559 955 620 975 suo
646 945 763 975 iudicio
789 952 933 976 statuere
957 953 1082 986 posset.

299 986 340 1016 Ut
366 993 473 1017 autem
497 986 645 1017 homines
669 986 740 1017 aliis
760 987 868 1018 multis
887 989 984 1018 rebus
1003 990 1098 1020 bonis
1111 991 1190 1020 abu-

216 1036 342 1059 tuntur.
366 1030 409 1059 ita
435 1037 462 1059 et
490 1030 629 1070 coniugii
654 1031 766 1060 umbra
792 1041 892 1070 saepe
915 1029 1024 1061 stultis
1051 1039 1106 1062 aut
1126 1043 1191 1062 ma-

215 1071 255 1101 lis
271 1072 500 1111 cupiditatibus
515 1073 723 1112 praetexitur.
748 1072 856 1112 Saepe
869 1080 1003 1113 propter
1020 1076 1191 1114 pecuniam

215 1122 268 1143 aut
304 1114 465 1157 praesidia
501 1116 580 1144 fiunt
612 1121 707 1154 pacta
731 1116 771 1145 de
794 1116 997 1155 impubertun
1021 1117 1214 1157 coniugiis,¹

215 1166 287 1185 cum
318 1157 349 1186 in
384 1159 446 1186 hoc
476 1163 567 1187 tanto
590 1155 723 1187 foedere
746 1165 924 1198 perpetuae
951 1159 1190 1190 coniunctionis

214 1197 388 1228 honestum
423 1199 574 1229 iudicium
610 1205 641 1229 et
675 1206 783 1230 mutua
819 1199 1049 1231 benevolentia
1072 1201 1189 1232 horum

213 1241 375 1280 ipsorum,
406 1242 459 1281 qui
483 1242 678 1282 iunguntur,
702 1243 821 1282 requiri
851 1248 881 1273 et
904 1241 1016 1273 valere
1039 1244 1190 1281 debeant,

216 1293 276 1312 nec
313 1283 427 1313 deceat
463 1294 604 1324 corpora
615 1285 660 1322 32)
696 1290 846 1315 natorum
868 1284 998 1316 venalia
1018 1296 1093 1316 esse
1116 1297 1190 1326 pro-

213 1332 286 1363 pter
320 1326 491 1365 pecuniam
525 1333 579 1356 aut
621 1325 683 1356 alia
718 1327 963 1364 πλεονεκτῇματιι.
1030 1328 1069 1358 Et
1100 1329 1189 1368 punit

216 1366 308 1397 Deus
331 1367 415 1398 hanc
440 1368 562 1398 ordinis
587 1369 983 1408 depravationempoenis
996 1369 1189 1400 manifestis.

215 1410 325 1443 Quare
350 1417 504 1450 parentes
524 1409 665 1447 honesti,
701 1411 949 1441 considerantes
975 1412 1121 1441 ordinem
1145 1413 1190 1441 di-

217 1452 339 1489 vinum,
374 1452 471 1482 saluti
508 1451 644 1483 filiorum
669 1459 699 1482 et
728 1451 867 1482 filiarum
891 1458 980 1483 recte
1005 1452 1189 1491 consulant,

216 1505 275 1524 net·
307 1501 425 1535 rogant
456 1494 540 1525 tilios
576 1501 629 1525 aut
654 1494 738 1525 filias
763 1501 878 1525 contra
901 1502 1037 1525 naturae
1057 1495 1191 1526 inclina-

215 1537 334 1567 tionem
357 1538 397 1567 ad
424 1539 590 1578 coniugia,
616 1548 633 1567 a
659 1538 777 1578 quibus
801 1537 997 1574 abhorrent,
1032 1548 1135 1578 eaque
1159 1539 1190 1568 in

217 1590 250 1609 rc
284 1587 477 1609 moveantur
512 1579 561 1609 his
593 1581 738 1610 maximis
774 1581 919 1610 caussis:
962 1579 1027 1610 Ubi
1050 1591 1116 1610 non
1140 1587 1189 1610 est

216 1628 344 1652 mutuus
369 1632 460 1652 amor
484 1623 675 1663 coniugum,
699 1623 741 1652 ibi
766 1622 931 1653 discordia
954 1623 1078 1653 sauciat
1102 1633 1190 1653 men-

215 1673 276 1694 tes.
302 1665 431 1705 impedit
462 1666 701 1695 invocationem
724 1664 803 1701 Dei,
828 1666 933 1695 turbat
958 1671 1058 1696 totam
1083 1666 1190 1696 dome-

215 1708 331 1736 sticam
368 1708 638 1738 consuetudinem
663 1713 693 1737 et
717 1707 800 1747 parit
823 1706 923 1738 multa
946 1714 1094 1748 peccata.
1140 1708 1189 1738 In-

217 1750 342 1779 terdum
367 1755 397 1779 et
418 1760 488 1780 cum
513 1749 699 1780 voluntates
724 1750 901 1780 distractae
925 1756 1019 1780 sunt.
1048 1760 1189 1791 sequun-

216 1799 267 1822 tur
302 1791 460 1822 adulteria
495 1798 525 1822 et
548 1802 692 1832 poenae,
724 1792 755 1822 in
780 1793 899 1832 quibus
924 1791 1015 1823 inulti
1038 1800 1132 1823 ruunt
1157 1794 1187 1823 in

218 1845 299 1863 nova
321 1833 446 1864 scelera
472 1842 501 1864 et
526 1835 557 1864 in
581 1835 724 1875 tragicas
749 1834 961 1865 calamitates.

303 1876 390 1906 Haec
415 1876 537 1907 infinita
562 1876 646 1907 mala
669 1877 844 1917 praecipue
866 1885 1039 1917 parentes,
1074 1878 1126 1919 qui
1151 1888 1189 1908 ea

217 1917 324 1959 aliquo
350 1920 446 1949 modo
470 1918 653 1960 intelligere
676 1925 827 1959 possunt,
851 1921 1061 1950 considerent
1081 1927 1112 1950 et
1124 1931 1190 1950 me-

219 1968 318 1998 suam,
343 1968 373 1991 et
397 1972 437 1991 ne
461 1962 613 1992 accisam
638 1961 711 1992 filiis
737 1968 765 1992 et
786 1961 928 1999 filiabus,
944 1962 1049 1993 Deum
1073 1963 1190 1993 arden-

217 2004 301 2034 tibus
326 2005 411 2034 votis
436 2010 620 2043 precentur.
651 2004 778 2035 Deinde
796 2005 857 2044 ipsi
881 2011 1029 2043 caveant,
1054 2016 1094 2035 ne
1113 2004 1190 2036 stul-

217 2047 256 2075 tis
280 2054 331 2076 aut
357 2047 460 2086 impiis
485 2045 631 2077 consiliis
656 2057 693 2077 ea
716 2054 899 2077 accersant.

302 2088 334 2118 ln
370 2088 478 2119 multis
513 2088 804 2120 deliberationibus
830 2091 924 2120 nimis
949 2100 1066 2131 magna
1090 2089 1190 2131 negli-

216 2133 322 2171 gentia
359 2138 389 2161 et
424 2130 559 2162 futilitas
595 2138 644 2162 est
677 2138 847 2171 parentum
872 2133 912 2163 de
935 2133 1095 2173 coniugiis
1114 2143 1189 2163 suo-

217 2185 296 2204 rum.
344 2174 434 2204 [Inde
469 2181 583 2214 postea
619 2181 649 2204 et
685 2175 891 2204 tristissimae
915 2174 1116 2206 calamitates
1139 2186 1190 2205 sem

216 2225 369 2256 quumur,
395 2223 422 2246 et
448 2215 587 2247 familiae
611 2217 689 2247 fiunt
712 2228 777 2247 non
802 2216 974 2248 Ecclesiae
1000 2217 1078 2255 Dei,
1102 2218 1189 2259 quod

216 2269 291 2288 esse
311 2259 484 2296 debebant,
511 2260 570 2290 sed
584 2258 800 2290 Diabolorum
824 2258 940 2297 lustra,
965 2266 995 2290 et
1019 2259 1111 2291 multi
1135 2262 1190 2291 nti-

217 2302 281 2331 seri
302 2300 451 2331 homines
475 2303 506 2331 in
532 2301 593 2332 illis
618 2301 857 2333 calamitatibus
882 2309 978 2333 ruunt
993 2303 1023 2332 in
1044 2304 1190 2344 indigna-

217 2344 334 2374 tionem
359 2344 517 2374 adversus
542 2344 663 2381 Deum,
687 2346 718 2375 in
743 2345 1003 2385 desperationem
1028 2352 1058 2376 et
1082 2346 1112 2376 in
1138 2355 1190 2377 ae·
1210 2373 1212 2383 ,

1210 2388 1212 2398 .

217 2395 342 2417 ternum
363 2387 503 2418 exitium.

218 2524 247 2546 Ὦ
282 2524 397 2554 rumora]
417 2524 486 2548 Editt.
507 2524 545 2548 22.
566 2524 604 2546 24.
626 2529 674 2554 εζφ.
697 2531 796 2549 errore:
817 2531 948 2555 corporum

815 92 925 123 pun..
948 93 1051 123 MEL.
1075 93 1259 126 SCRIPTA
1283 97 1557 129 DOGMATICA.

2128 101 2209 133 1072

1324 192 1392 222 Oro
1421 197 1529 222 autem
1562 190 1668 222 Deum
1698 198 1885 230 aeternum,
1919 199 2044 233 patrem
2078 193 2208 227 Domini

1238 234 1341 264 nostri
1364 233 1437 264 Iesu
1462 232 1601 270 Christi,
1631 234 1830 264 numitorem
1865 236 1994 275 generis
2027 235 2158 268 humani
2177 244 2209 269 et

1238 276 1407 307 custodem
1426 275 1587 306 honestae
1611 277 1846 313 societattsut
1869 278 1939 317 ipse
1963 288 2024 308 nos
2048 280 2208 320 gubernet

1237 324 1268 348 et
1292 316 1401 356 saciat,
1425 325 1458 349 ut
1482 323 1595 348 nostra
1618 319 1771 359 coniugia
1795 324 1827 349 et
1845 317 1985 351 familiae
1998 327 2130 352 nostrae
2144 323 2209 353 sint

1238 370 1336 391 verae
1359 361 1561 391 domesticae
1583 360 1766 397 Ecclesiae,
1785 361 1888 401 ipsum
1913 368 2000 393 recte
2015 364 2208 395 invocantes

1237 408 1269 433 et
1291 403 1319 432 ei
1343 403 1605 443 obtemperantes
1620 404 1651 433 in
1668 404 1788 434 tuendo
1808 404 1932 441 ordine,
1952 415 2047 445 quem
2059 407 2207 445 instituit,

1238 455 1298 476 nec
1328 446 1411 476 sinat
1442 446 1634 476 domesticis
1669 446 1841 476 discordiis
1865 447 2010 487 impediri
2029 449 2207 480 invocatio-

1236 497 1310 518 nem
1333 494 1362 518 et
1387 487 1451 519 alia
1474 486 1582 518 officia
1602 489 1807 523 necessaria:
1831 488 1948 519 Amen.

1235 571 1295 602 DE
1326 571 1498 603 0FF1C10
1522 572 1836 604 MAGISTRATUS
1860 573 1903 603 IN
1926 573 2114 607 TUENDIS
2137 575 2207 606 LE-

1543 639 1673 672 GIBUS
1693 641 1900 671 coNIUGn.

1321 733 1547 764 Cet-tissimum
1574 740 1622 764 est
1653 733 1828 765 salutarem
1852 736 2121 776 gubernationem
2143 735 2207 767 Dei

1235 786 1319 816 opus
1343 786 1430 806 esse.
1475 775 1525 806 Ae
1548 774 1756 806 manifestum
1781 782 1831 806 est
1849 778 2002 808 divinitus
2024 778 2207 809 institutum

1235 829 1309 849 esse
1343 817 1431 848 hunc
1458 819 1605 848 ordinem
1628 819 1660 848 in
1683 828 1804 860 genere
1827 818 1981 858 humano,
2003 826 2038 850 ut
2060 821 2207 860 praesint

1234 861 1451 902 Magistratus
1483 859 1688 891 multitudini.
1744 860 1785 891 Et
1818 861 1869 892 his
1904 861 1996 893 Deus
2029 863 2207 903 praecipua

1235 902 1344 934 officia
1367 908 1507 944 quatuor
1529 904 1685 933 attribuit.
1730 902 1871 934 Primum
1895 910 1957 941 est,
1976 909 2010 935 ut
2032 903 2208 946 Magistra-

1234 952 1287 977 tus
1311 952 1405 976 sonet
1427 956 1544 975 vocem
1568 944 1652 986 legis
1677 946 1805 976 divinae
1828 947 1859 976 in
1883 947 2003 977 tuenda
2026 945 2208 988 disciplina,

1235 989 1309 1030 quia
1332 989 1435 1029 prima
1458 994 1489 1018 et
1513 988 1645 1018 immota
1667 999 1780 1018 norma
1804 989 1889 1019 vitae
1908 999 1982 1019 esse
2009 989 2105 1020 debet
2136 989 2206 1020 Lex

1235 1032 1353 1061 divina.
1400 1030 1600 1068 Secundum,
1633 1037 1666 1061 ut
1701 1031 1744 1061 sit
1773 1030 1914 1073 vigilans
1940 1037 2053 1063 custos
2078 1032 2208 1063 divinae

1234 1073 1318 1115 legis
1352 1083 1391 1104 ac
1426 1073 1601 1104 severitate
1634 1083 1814 1113 poenarum
1844 1076 1997 1105 coerceat
2031 1080 2061 1105 et
2096 1075 2206 1115 puniat

1235 1122 1445 1147 contumaces
1469 1121 1499 1145 et
1520 1114 1671 1145 defendat
1697 1116 1897 1147 obedientes.
1943 1116 2038 1147 Hunc
2061 1117 2207 1147 ordinem

1234 1160 1279 1189 ita
1302 1157 1525 1188 sanxitDeus.
1560 1157 1601 1187 Et
1624 1157 1829 1188 manifestum
1849 1165 1899 1189 est
1922 1157 2014 1200 leges
2035 1159 2208 1197 contemni,

1234 1202 1288 1232 ubi
1311 1199 1399 1231 nulla
1423 1206 1497 1231 sunt
1521 1210 1701 1239 poenarum
1720 1199 1879 1240 exempla.
1926 1201 2017 1232 Sicut
2040 1211 2118 1232 vere
2139 1200 2208 1232 lau-

1235 1245 1287 1273 dat
1318 1244 1438 1273 dictum
1468 1241 1644 1273 Aeschinis
1679 1242 1940 1273 Demosthenes:
1983 1243 2065 1274 οὐδὲν
2102 1243 2209 1284 ὄφελος

1233 1287 1282 1323 τῆς
1315 1287 1466 1319 πολιτείας
1488 1284 1527 1322 μή
1553 1284 1672 1322 ἐχούσης
1691 1286 1777 1324 νεῦρα
1799 1285 1873 1313 κατὰ
1898 1285 2083 1315 ἀδικούντων.
2129 1285 2207 1316 Ter—

1234 1328 1311 1358 tium
1346 1326 1491 1357 officium
1526 1332 1591 1355 est:
1631 1325 1847 1367 Magistratus
1877 1327 1997 1357 addere
2019 1332 2126 1367 potest
2150 1326 2207 1359 ali-

1234 1380 1317 1410 quas
1340 1368 1434 1409 leges
1458 1368 1589 1403 divinis,
1612 1378 1817 1407 nequaquam
1841 1374 1947 1398 tamen
1972 1369 2206 1400 dissentientes

1234 1410 1455 1447 adivinis,sed
1470 1419 1552 1449 quae
1566 1410 1630 1438 sint
1643 1408 1848 1447 adminicula,
1860 1416 1895 1440 ut
1908 1410 2096 1447 divinaew)
2108 1412 2205 1441 maio-

1234 1463 1270 1483 re
1290 1463 1368 1483 cura
1381 1457 1564 1482 serventur.
1588 1451 1761 1488 Quartum,
1781 1458 1814 1482 ut
1833 1454 1924 1489 et³²³)
1936 1451 1997 1482 has
2009 1451 2102 1494 leges
2115 1462 2208 1484 seve-

1234 1496 1328 1526 ritate
1351 1504 1529 1535 poenarum
1549 1499 1688 1524 tueatur.

1320 1537 1410 1567 Haec
1446 1535 1555 1566 officia
1579 1536 1793 1577 Magistratus
1818 1543 1849 1567 et
1880 1537 1910 1567 in
1931 1537 2071 1579 coniugii
2094 1536 2206 1568 defen-

1234 1580 1327 1610 sione
1362 1579 1582 1609 considerent.
1647 1578 1759 1609 Sciant
1793 1580 2010 1611 severissimis
2044 1580 2205 1611 mandatis

1233 1622 1297 1653 Dei
1331 1622 1491 1662 praecipi,
1522 1626 1556 1651 ut
1588 1619 1682 1662 leges
1706 1622 1930 1662 coniugiorum
1954 1627 2151 1653 conservent
2174 1628 2206 1653 et

1234 1666 1367 1704 puniant
1399 1663 1570 1700 adulteria,
1600 1674 1704 1704 vagas
1738 1670 1768 1694 et
1799 1665 1946 1695 incestas
1969 1664 2138 1702 libidines,
2173 1671 2205 1696 et

1235 1705 1348 1737 tollant
1375 1717 1392 1737 e
1414 1706 1521 1736 medio
1546 1705 1602 1736 illa
1625 1707 1696 1736 dira
1718 1712 1879 1746 portenta,
1899 1717 1982 1748 quae
2006 1713 2037 1738 et
2049 1708 2130 1738 iram
2142 1706 2204 1738 Dei

1232 1750 1357 1780 irritant
1371 1756 1400 1779 et
1424 1747 1569 1788 polluunt
1595 1759 1700 1789 genus
1726 1748 1901 1780 humanum
1923 1750 2016 1781 tetris
2038 1749 2205 1781 libidinum

1234 1791 1499 1828 confusionibus,
1523 1793 1597 1831 quia
1627 1792 1843 1822 certissimum
1867 1799 1918 1823 est
1939 1792 2045 1823 Deum
2068 1791 2205 1823 horribi-

1232 1834 1306 1864 liter
1334 1835 1431 1864 irasci
1459 1840 1489 1864 et
1518 1835 1596 1874 ipsis
1625 1833 1793 1865 libidinum
1822 1834 2072 1866 confusionibus
2095 1840 2127 1865 et
2150 1844 2206 1865 ne-

1234 1876 1409 1918 gligentiae
1432 1877 1703 1917 gubernatorum,
1728 1878 1781 1917 qui
1806 1887 1862 1907 eas
1886 1888 1951 1908 non
1974 1878 2120 1917 puniunt,
2143 1887 2204 1908 nec

1234 1926 1348 1950 sontes
1385 1930 1401 1949 e
1436 1920 1541 1949 medio
1565 1917 1692 1949 tollunt.
1737 1919 1777 1949 Et
1806 1926 1941 1960 propter
1962 1919 2046 1950 haec
2076 1918 2203 1950 scelera

1234 1968 1398 2002 vagantur
1422 1962 1451 1991 in
1475 1971 1595 2002 genere
1618 1961 1758 1992 humano
1772 1960 1892 1992 multae
1903 1972 2030 2002 poenae
2040 1961 2204 2003 publicae,

1234 2003 1338 2041 bella,
1374 2005 1592 2039 vastationes,
1628 2004 1860 2043 dissipationes
1883 2004 2049 2035 hominum
2067 2009 2099 2035 et
2121 2003 2205 2034 aliae

1234 2057 1371 2088 magnae
1390 2045 1603 2083 calamitates,
1627 2052 1658 2075 ut
1683 2047 1857 2077 ostendunt
1883 2045 2031 2087 exempla
2047 2046 2205 2078 Sodomo-

1233 2101 1314 2127 rum,
1338 2088 1598 2125 Cananaeorum,
1623 2090 1726 2119 tribus
1749 2089 1931 2126 Beniamin,
1953 2088 2041 2120 exilii
2052 2088 2204 2125 Davidis,

1234 2132 1416 2162 eversionis
1439 2131 1567 2168 Troiae,
1586 2137 1615 2161 et
1641 2129 1702 2161 alia
1727 2131 1982 2163 innumerabilia.
2027 2131 2084 2162 Sic
2106 2131 2206 2173 igitur

1233 2175 1333 2215 inquit
1370 2184 1433 2204 vox
1465 2174 1571 2204 divina
1594 2173 1699 2204 Levit.
1725 2174 1773 2205 18.
1799 2176 1862 2213 [vs.
1885 2174 1952 2213 ζ.)8.]
1987 2175 2027 2206 de
2049 2174 2204 2204 incestis:

1234 2217 1368 2254 Cavete,
1392 2227 1432 2246 ne
1457 2227 1516 2246 vos
1530 2215 1676 2247 similiter
1689 2223 1819 2247 evomat
1837 2223 1936 2254 terra,
1955 2228 2028 2248 cum
2041 2215 2204 2250 similia33)

1234 2258 1374 2297 facietis,
1394 2260 1475 2289 sicut
1501 2260 1642 2289 evomuit
1663 2258 1869 2289 Cananaeos.
1905 2259 1947 2290 Et
1966 2269 2124 2300 expresse
2147 2269 2205 2301 gu-

1234 2302 1463 2333 bernatoribus
1486 2302 1659 2342 praecipit,
1694 2309 1726 2332 ut
1751 2301 1864 2332 tollant
1889 2308 2021 2339 sontes,
2043 2302 2203 2342 inquiens.

1236 2439 1295 2468 32³)
1315 2439 1413 2464 divinae
1434 2441 1519 2468 atque
1539 2442 1562 2463 et
1581 2438 1747 2464 exciderunt
1766 2439 1792 2464 in
1812 2439 1884 2469 corp.
1908 2441 1929 2461 1.

1198 2483 1201 2485 “
1235 2490 1280 2520 3ν.)
1300 2490 1402 2521 similia]
1435 2490 1506 2514 adiit.
1528 2490 1567 2512 17.
1587 2491 1627 2512 21.
1647 2490 1686 2513 22.
1709 2491 1747 2513 24.
1769 2490 1875 2515 28—34.
1894 2490 2008 2515 similiter
2043 2489 2163 2520 (vulgata
2181 2490 2205 2514 ιι.

1302 2525 1317 2549 1.
1338 2525 1412 2549 habet
1433 2525 1515 2554 paria)
