2358 2933
136 157 197 190 185

194 421 221 439 lo

204 671 230 690 15

198 881 229 900 20

168 1090 211 1119 98,
231 1090 255 1114 11,

206 1520 233 1538 10

207 1730 234 1748 15

202 1940 233 1959 20

574 151 599 181 Ι.
622 150 725 182 LOCI
746 148 1022 180 THEOLOGICI:
1045 149 1084 180 Β.
1108 148 1247 180 PRIMA
1269 148 1427 181 EORUM
1450 149 1605 180 AETAS.

285 245 441 288 adpellat,
464 243 562 275 aliam
580 253 702 279 veram,
720 242 768 272 lta
779 241 919 271 Iacobus
937 239 1034 270 aliam
1052 250 1108 271 vo-

285 296 350 326 cat,
357 288 454 319 fidem
462 287 581 322 vivam,
590 284 686 315 aliam
693 289 862 314 mortuam.
874 282 994 313 Vivam
1000 282 1108 319 fidem,

284 331 455 363 efficacem
482 327 572 359 illam
599 332 631 357 et
652 327 820 357 ardentem
841 324 993 354 fiduciam
1014 324 1108 354 mise-

284 373 447 404 ricordiae
481 371 548 407 dei,
580 378 747 409 nunquam
778 376 844 396 non
877 366 1132 406 parturientem.

285 417 393 447 bonos
410 412 529 444 foetus.
573 411 645 441 Hoc
669 414 674 445 Ι
699 415 760 446 est,
783 409 871 449 quod
893 409 937 438 ait
961 408 1007 446 [2,
1029 407 1109 456 22],

286 457 450 498 Operibus
472 455 556 485 fides
574 456 798 484 consummata
816 456 874 480 est.
920 450 1010 487 Item,
1034 459 1109 489 quia

286 501 435 531 vivacem
460 498 494 528 in
516 495 705 527 Abrahamo
730 493 827 523 fidem
855 491 975 529 fuisse,
1008 501 1109 531 opera

286 541 467 577 declarant,
490 539 564 569 ideo
586 537 750 576 scriptura
771 534 905 575 impleta
928 540 978 564 est
996 534 1108 564 dicens

287 585 334 623 [2‚
356 583 442 621 234
477 580 623 612 Credidit
634 577 804 609 Abraham
827 578 900 614 deo,
925 582 957 606 et
979 582 1109 616 reputa-

286 632 355 657 tum
376 631 427 656 est
445 625 474 654 ei
495 623 538 653 ad
559 622 722 652 iustitiam.
766 619 880 660 Itaque
907 619 940 648 in
963 617 1106 648 summa¹

284 668 350 699 1108
378 668 446 708 agit
473 665 625 701 lacobus,
648 668 810 693 mortuam
828 662 936 698 fidem,
959 660 1024 690 hoc
1047 666 1108 696 est,

284 709 438 749 frigidam
448 708 669 738 Parisiensem
682 704 867 745 opinionem
879 713 945 733 non
957 702 1109 732 iustifica-

287 761 334 781 re.
347 751 460 781 Fidem
472 750 580 779 vivam
591 747 778 777 iustificare.
812 746 931 776 Vivam
943 754 1023 775 vero
1036 754 1111 774 esse

287 802 372 834 quae
395 802 432 822 se
453 792 487 822 in
510 800 611 830 opera
634 788 778 819 effundit.
824 788 879 818 Sic
902 787 987 817 enim
1009 787 1112 827 inquit

287 835 334 874 [2,
360 833 436 873 18.],
459 832 604 863 Ostende
626 831 703 861 mihi
725 830 822 860 fidem
839 835 927 860 tuam
945 830 1015 859 sine
1034 838 1111 869 ope-

285 879 388 914 ribus,
413 885 416 910 ι
443 881 474 906 et
507 884 569 915 ego
601 874 772 904 ostendam
800 872 857 902 tibi
886 882 927 902 ex
956 872 1112 912 operibus

285 920 384 951 fidem
406 928 520 949 meam.
548 917 623 946 Non
646 921 754 946 autem
777 915 832 951 ait,
855 924 917 954 ego
941 914 1113 944 ostendam

288 962 347 993 tibi
381 970 484 1001 opera
517 960 588 989 51118
620 957 694 988 11(18.
751 956 899 991 Quadrat
933 962 1041 986 autem
1070 955 1112 985 ad

286 1005 374 1035 hanc
396 1012 500 1034 meam
518 1000 754 1041 expositionem
771 999 950 1038 aptissime,
972 998 1005 1028 id
1024 998 1112 1038 quod

288 1047 409 1077 dictum
447 1050 513 1081 est,
552 1043 650 1073 Fides
684 1042 711 1071 si
744 1051 811 1070 non
844 1040 966 1070 habeat
1000 1050 1111 1080 opera,

290 1092 420 1118 mortua
447 1091 498 1117 est
526 1085 559 1114 in
599 1084 784 1123 semetipsa.
811 1081 815 1108 l
841 1088 875 1112 ut
903 1082 984 1111 satis
1012 1082 1112 1122 adpa-

287 1135 357 1160 reat
392 1138 465 1158 eum
486 1127 551 1157 hoc
584 1132 709 1156 tantum
737 1125 875 1161 docere,
902 1125 991 1164 quod
1018 1125 1051 1154 in
1073 1124 1113 1153 iis

287 1172 501 1202 intermortua
523 1170 565 1199 sit
587 1168 686 1205 fides,
709 1168 764 1207 qui
786 1165 927 1196 fructum
949 1166 1022 1196 fidei
1047 1176 1113 1196 non

287 1213 423 1250 faciunt,
445 1221 632 1252 quanquam
653 1212 687 1241 in
709 1210 853 1250 speciem
871 1209 1008 1239 credere
1026 1209 1113 1239 vide-

288 1262 395 1287 antur.
419 1263 423 1294 ι

332 1298 408 1328 Νο11
436 1296 497 1326 erit
523 1294 635 1325 inutile
666 1300 698 1325 et
718 1293 783 1324 hoc
806 1303 956 1330 monere,
985 1293 1026 1323 de
1049 1303 1114 1334 quo

290 1339 410 1380 ambigi
432 1338 559 1379 passim
580 1337 688 1374 video,
712 1337 767 1377 qui
789 1337 872 1366 sciat
894 1336 1005 1373 homo,
1029 1335 1115 1366 Num

288 1382 322 1412 in
339 1381 446 1423 gratia
465 1381 516 1411 dei
534 1381 587 1417 sit,
599 1380 758 1420 cognosci
776 1389 818 1409 ne
837 1379 942 1418 possit
954 1379 987 1408 in
999 1384 1114 1408 nostro

289 1425 391 1455 corde
413 1423 557 1461 fidemffl)
580 1422 711 1452 inesse?
733 1420 867 1462 Duplex
884 1421 1034 1461 quaestio
1053 1427 1115 1458 est,

288 1476 364 1497 nam
386 1465 507 1506 priore,
531 1466 572 1495 de
594 1464 763 1495 voluntate
786 1464 838 1494 dei
856 1474 936 1505 erga
954 1474 1029 1500 nos,
1048 1474 1115 1493 non

289 1509 331 1539 de
354 1527 359 1546 ι
384 1510 508 1539 nostris
535 1505 735 1538 adfectibus.
780 1505 971 1536 Posteriore
994 1507 1035 1536 de
1056 1516 1114 1536 no-

289 1551 368 1582 stris
385 1556 510 1581 tantum
532 1549 728 1586 adfectibuS,
752 1549 929 1589 quaeritur.
959 1548 1001 1579 Et
1017 1548 1113 1579 seho-

289 1592 397 1623 lastici
424 1593 554 1632 quidem
586 1590 777 1622 foedissimo
803 1601 930 1629 errore,
963 1598 1114 1622 neutrum

290 1635 366 1665 sciri
388 1644 490 1674 posse
513 1634 726 1670 tradiderunt,
748 1639 783 1663 ut
805 1633 860 1663 vel
881 1633 945 1663 hoc
969 1633 1042 1664 solo
1065 1633 1114 1663 lo-

290 1687 330 1708 80
361 1676 442 1706 satis
464 1676 639 1716 adpareat,
668 1674 747 1705 nihil
776 1674 878 1705 fuisse
902 1676 1053 1715 spiritus,
1081 1676 1114 1706 in

292 1724 360 1750 toto
390 1719 453 1749 isto
483 1725 635 1759 gemere.
679 1717 764 1747 Nam
793 1718 881 1758 quod
911 1718 953 1747 ad
981 1728 1114 1748 carnem

291 1761 419 1798 attinet,
453 1771 527 1790 cuin
548 1759 607 1790 illa
628 1761 661 1790 in
683 1760 871 1790 universum
893 1760 935 1789 sit
956 1760 1113 1800 ignorans

291 1804 354 1841 dei,
383 1801 585 1833 voluntatem
619 1812 700 1842 erga
723 1812 760 1832 se
783 1802 941 1839 divinam,
976 1803 1030 1843 qui
1060 1812 1113 1832 co-

290 1844 450 1886 gnoscat?
472 1844 513 1874 Et
535 1845 701 1885 quomodo
719 1845 760 1875 de
783 1843 1006 1885 spiritualibus
1026 1844 1115 1876 adfe-

291 1889 397 1918 ctibus
420 1897 499 1917 caro
521 1887 687 1924 iudicabit,
711 1897 795 1927 quae
818 1897 859 1917 ne
882 1897 961 1917 suos
984 1888 1115 1928 quidem

290 1929 441 1961 adfectus
469 1930 553 1959 118118
574 1935 772 1969 compertos
799 1929 918 1960 habet?
959 1929 1032 1967 [181.
1063 1930 1114 1967 17,

289 1972 334 2010 9.]
359 1972 503 2002 Pravum
530 1972 615 2002 enim
642 1981 700 2002 cor
721 1972 880 2010 hominis,
903 1978 934 2002 et
956 1973 1115 2003 inscruta-

290 2014 357 2045 bile
380 2020 440 2044 est.
486 2014 541 2045 Sic
565 2024 645 2055 ergo
664 2013 869 2052 scholastici,
893 2014 1060 2056 fingebant
1082 2016 1115 2046 in

289 2056 430 2087 hominis
460 2057 581 2094 anima,
609 2063 747 2088 stertere
776 2057 900 2098 aliquot
929 2057 1115 2098 qualitates,

292 2109 375 2139 quas
397 2099 458 2139 ipsi
481 2108 544 2129 nos
571 2100 810 2139 ignoraremus.
854 2100 990 2130 Praeter
1009 2111 1058 2138 ea,
1082 2107 1115 2131 ut

292 2141 388 2171 nobis
411 2140 490 2171 velit
513 2142 610 2178 deus,
643 2152 684 2172 118
712 2143 933 2182 quaerendum
957 2143 1087 2183 quidem

173 2194 214 2221 99,
239 2199 260 2217 a,
296 2193 382 2219 esse,
404 2183 449 2213 ita
471 2188 507 2213 ut
528 2184 615 2223 apud
638 2194 712 2215 sese
734 2185 935 2216 conscientia
957 2192 1116 2226 perpetuo

154 2227 209 2256 (52.
239 2227 274 2257 a)
292 2225 325 2256 in
358 2226 482 2256 incerto
514 2225 657 2257 fluctuet.

702 2227 798 2262 Quod
833 2228 909 2268 quid
943 2227 1031 2258 aliud
1056 2234 1117 2265 est,

292 2278 390 2308 quam
420 2269 679 2307 desperationem
707 2270 846 2300 docere?
886 2270 1046 2311 Equidem
1068 2272 1116 2302 sic

291 2310 408 2340 sentio.
454 2309 607 2347 Primum,
631 2313 719 2351 quod
737 2314 779 2343 ad
803 2313 944 2344 «livinum
966 2313 1116 2345 volunta-

293 2358 358 2382 tem
398 2353 523 2390 attinet,
546 2352 642 2384 fidem
663 2363 729 2384 non
753 2354 841 2386 aliud
864 2366 938 2386 esse
961 2357 1023 2386 nisi
1047 2367 1116 2387 881-

294 2399 375 2432 tam,
403 2400 435 2425 et
463 2402 667 2427 constantem
693 2396 843 2428 fiduciam
868 2398 1116 2430 benevolentiae

293 2436 432 2475 divinae,
456 2448 535 2479 erga
559 2449 630 2469 nos.
676 2439 840 2470 Voluntas
864 2441 915 2472 dei
943 2443 1116 2483 cognosci-

140 2571 185 2601 62)
204 2571 292 2602 fidem]
311 2573 347 2597 sic
363 2575 432 2597 recte
451 2573 493 2598 Ed.
514 2575 554 2601 7.;
572 2575 643 2599 Editt.
665 2576 684 2599 1.
704 2576 727 2599 2.
746 2581 896 2604 perperam:
921 2577 978 2602 fide.

1151 248 1215 278 tur,
1234 242 1294 272 sed
1316 241 1391 279 fide,
1415 251 1455 272 ex
1472 242 1692 282 promissione
1711 251 1770 271 seu
1780 240 1975 282 Evangelio.

1152 283 1226 313 Non
1255 284 1339 313 enim
1365 285 1479 314 tribuis
1504 283 1644 325 gloriam
1667 284 1813 314 veritatis
1836 284 1914 321 deo,
1949 284 1977 313 si

1152 325 1197 354 ita
1220 324 1306 356 velle
1329 326 1435 362 deum,
1461 327 1465 346 ¹
1491 332 1524 356 ut
1546 325 1728 366 Evangelio
1752 331 1891 356 testatus
1917 332 1978 363 est,

1152 376 1219 397 non
1248 368 1366 397 credis.
1419 368 1533 399 Sciunt
1563 378 1600 398 se
1628 378 1703 398 esse
1726 369 1759 398 in
1787 368 1892 408 gratia
1915 368 1978 405 dei,

1152 407 1217 438 1108
1252 416 1312 446 est,
1345 409 1470 440 habere
1498 409 1749 440 benevolentem
1783 412 1888 448 deum,
1924 410 1980 451 qui

1154 452 1256 481 verbo
1281 452 1331 481 dei
1351 452 1499 488 credunt,
1519 453 1572 492 qui
1591 451 1793 483 voluntatem
1812 453 1864 482 dei
1882 453 1980 483 aesti-

1153 499 1242 522 mant
1266 503 1306 523 ex
1334 494 1437 523 verbo
1458 503 1530 530 5110,
1553 504 1619 524 11011
1643 504 1684 524 ex
1702 496 1824 524 nostris
1846 496 1980 526 meritis.

1155 534 1210 564 Sic
1234 534 1357 565 Paulus
1387 536 1429 565 ad
1452 535 1545 565 Rom.
1577 535 1642 565 llll.
1673 546 1746 566 cum
1768 541 1770 561 ῑ
1797 537 1906 567 multis
1926 548 1978 568 ar-

1155 577 1316 617 gtnnentis
1340 577 1454 613 docet,
1478 588 1519 607 ex
1541 577 1605 608 fide
1624 579 1776 609 iustitiam
1799 589 1885 617 esse,
1908 586 1979 610 tan-

1155 620 1229 649 dem
1269 618 1360 649 velut
1395 618 1657 651 efficacissimam
1696 621 1854 652 rationem
1894 622 1982 652 hanc

1155 662 1293 691 subiicit.
1339 660 1437 696 Quod
1466 663 1493 691 si
1523 672 1563 692 ex
1594 663 1749 702 operibus
1778 665 1901 694 nostris
1923 674 1982 704 po-

1155 705 1219 734 tius
1244 709 1332 734 esset
1356 703 1558 741 iustificatio,
1594 715 1691 744 quam
1725 715 1764 735 ex
1787 706 1867 743 fide,
1900 716 1982 736 nun-

1157 756 1255 786 quam
1284 747 1485 777 conscientia
1514 747 1780 787 conquiesceret,
1815 749 1878 779 iam
1906 748 1981 785 1108,

1157 789 1221 819 13111
1249 787 1330 818 illud
1351 791 1354 814 l
1375 789 1407 818 in
1431 789 1513 826 1113,
1536 789 1570 818 111
1594 799 1694 829 opere
1715 796 1830 820 nostro
1856 791 1982 821 deside-

1157 840 1253 867 rans,
1282 837 1316 860 ut
1340 830 1409 861 fieri
1432 841 1498 861 non
1520 838 1652 871 posset,
1680 833 1757 872 quin
1781 834 1983 873 desperaret.

1158 873 1214 903 Sic
1233 873 1316 903 enim
1339 873 1442 914 inquit
1466 872 1571 910 [Rom.
1595 874 1627 911 4,
1652 873 1727 911 16.J,
1752 875 1830 905 Ideo
1852 886 1919 906 non
1943 885 1983 905 ex

1159 916 1325 955 operibUS,
1359 922 1395 945 ut
1429 916 1609 946 secundum
1641 917 1780 957 gratiam
1814 918 1908 948 firma
1942 918 1983 948 sit

1157 958 1341 997 promissio.
1386 957 1428 987 Et
1450 958 1633 998 prophetae
1653 960 1780 999 quoties
1804 961 1844 991 de
1862 960 1985 990 securi·

1157 1006 1224 1029 tate
1243 999 1437 1040 gloriantur.
1472 1000 1581 1030 Oscae
1600 1000 1638 1031 ll.
1664 1004 1724 1037 ivs.
1752 1001 1830 1040 lez]
1855 1002 1984 1033 Dormi-

1156 1051 1192 1071 re
1206 1047 1209 1080 1
1224 1040 1343 1072 faciam
1371 1052 1430 1071 805
1451 1041 1655 1073 fiducialiter.
1684 1042 1726 1074 Et
1737 1043 1844 1075 Hiere.
1864 1044 1983 1075 XXIII.

1159 1087 1220 1120 [vs.
1240 1084 1270 1113 6.
1281 1088 1302 1121 :J
1332 1083 1367 1113 ln
1399 1084 1514 1115 diebus
1536 1084 1602 1114 illis
1632 1084 1814 1117 salvabitur
1833 1087 1928 1125 Iuda,
1953 1093 1985 1117 et

1157 1125 1262 1156 Israel
1294 1125 1455 1157 habitabit
1483 1128 1695 1158 confidenter.
1758 1128 1844 1163 Quid
1877 1136 1986 1161 autem

1159 1167 1249 1198 aliud
1261 1168 1448 1209 significant
1460 1180 1573 1207 voces,
1592 1170 1798 1209 fiducialiter,
1817 1172 1983 1203 confiden-

1159 1216 1225 1248 ter,
1261 1217 1291 1241 et
1324 1211 1487 1249 511111185,Ι
1511 1213 1574 1243 11151
1602 1214 1822 1245 securitatem.
1878 1215 1988 1256 Atque

1160 1263 1233 1284 eam
1252 1253 1382 1293 quidem
1400 1256 1609 1286 securitatem
1620 1255 1840 1295 pulcherrime
1852 1268 1985 1299 expres-

1159 1297 1202 1326 sit
1244 1296 1393 1327 Micheas
1424 1297 1467 1334 [4‚
1490 1298 1547 1335 4.]‚
1578 1298 1712 1329 Sedebit
1741 1300 1791 1330 vir
1821 1302 1883 1331 sub
1919 1301 1985 1333 w'te

1160 1348 1231 1375 sua,
1266 1345 1297 1369 et
1327 1340 1388 1370 sub
1423 1339 1487 1370 ficu
1516 1350 1586 1371 sua.
1653 1340 1695 1371 Et
1728 1342 1808 1372 nihil
1842 1345 1985 1375 obscure

1159 1380 1277 1411 Esaias
1306 1381 1445 1412 XXXII.
1476 1386 1537 1420 [vs.
1568 1383 1617 1413 17.
1631 1387 1652 1421 z]
1683 1384 1723 1415 Et
1753 1386 1813 1415 erit
1833 1396 1916 1426 opus
1939 1387 1984 1418 iu-

1160 1424 1267 1454 stitiae
1293 1434 1375 1464 pax,
1404 1432 1436 1455 et
1459 1425 1567 1456 cultus
1585 1426 1726 1458 iustitiae
1747 1427 1929 1466 silentium,
1953 1437 1985 1460 et

1159 1467 1320 1497 securitas
1339 1477 1444 1508 usque
1462 1468 1494 1498 in
1515 1479 1518 1506 ι
1540 1469 1782 1509 sempiternum,
1828 1471 1869 1501 Et
1892 1473 1987 1503 sede-

1160 1509 1206 1539 bit
1252 1508 1396 1550 populus
1443 1520 1536 1541 meus
1572 1512 1605 1541 in
1643 1510 1886 1552 pulchritudine
1927 1525 1983 1554 pa-

1160 1553 1220 1588 cis,
1241 1558 1273 1582 et
1298 1553 1330 1582 in
1359 1552 1581 1584 tabernaculis
1611 1553 1769 1591 fiduciae,
1800 1562 1831 1586 et
1866 1557 1899 1586 in
1932 1568 1982 1588 re-

1160 1594 1236 1634 quie
1260 1593 1425 1634 opulenta.
1476 1595 1531 1626 Ad
1560 1595 1647 1627 hunc
1677 1597 1809 1629 modum
1841 1600 1983 1640 prophe-

1160 1642 1212 1666 tae
1247 1637 1439 1668 describunt
1476 1648 1613 1679 regumn
1649 1639 1788 1678 Christi,
1824 1639 1898 1672 fore
1932 1653 1982 1673 re-

1159 1688 1258 1719 gnum
1287 1681 1484 1710 securitatis.
1548 1681 1641 1716 Quae
1681 1688 1789 1714 autem
1822 1684 1984 1716 securitas

1159 1722 1237 1757 erit,
1277 1722 1305 1751 si
1332 1739 1334 1745 ι
1357 1723 1398 1753 (18
1438 1721 1607 1754 voluntate
1646 1725 1699 1755 dei
1737 1732 1896 1767 perpetuo
1920 1738 1985 1758 am-

1158 1764 1273 1803 bigunt
1317 1765 1562 1795 conscientiae?
1634 1766 1785 1798 Necesse
1828 1777 1879 1799 est
1925 1770 1983 1811 igi-

1157 1811 1210 1835 tur
1229 1812 1339 1836 certos
1358 1817 1419 1837 nos
1438 1817 1515 1837 esse
1534 1808 1575 1838 de
1594 1810 1710 1849 gratia,
1729 1810 1770 1840 de
1784 1811 1984 1842 benevolen-

1157 1848 1201 1878 tia
1220 1848 1273 1878 dei
1292 1858 1372 1889 erga
1395 1859 1467 1880 nos.
1497 1849 1568 1880 Hoc
1588 1856 1648 1888 est,
1668 1853 1757 1892 quod
1775 1855 1860 1893 apud
1875 1854 1983 1885 Hiere.

1158 1889 1214 1920 IX.
1234 1892 1295 1927 [vs.
1316 1891 1382 1930 244
1410 1892 1559 1922 dominus
1578 1895 1696 1934 inquit.
1726 1895 1761 1925 In
1780 1894 1845 1926 hoc
1864 1896 1983 1938 glorie-

1160 1940 1222 1970 tur,
1243 1934 1297 1973 qui
1315 1933 1485 1974 gloriatur,
1505 1936 1591 1966 scire
1611 1942 1642 1966 et
1660 1947 1777 1968 nosse<
1799 1948 1861 1969 me.
1906 1938 1985 1970 Vult

1161 1977 1319 2017 cognosci
1339 1976 1541 2009 voluntatem
1558 1988 1652 2008 suam
1671 1980 1763 2017 deus,
1782 1980 1853 2011 vult
1865 1981 1984 2022 gloria-

1160 2019 1188 2048 ri
1205 2028 1267 2049 nos
1288 2019 1328 2049 de
1346 2019 1516 2050 voluntate
1535 2030 1606 2051 sua.
1637 2021 1723 2056 Quid
1742 2028 1792 2052 est
1811 2023 1908 2064 igitur
1919 2035 1984 2055 ma-

1161 2062 1211 2102 gis
1230 2062 1379 2101 impium,
1405 2072 1503 2103 quam
1520 2073 1659 2103 negare,
1683 2063 1738 2095 vel
1761 2075 1826 2095 non
1852 2067 1984 2106 debere,

1160 2103 1215 2134 vel
1233 2114 1300 2134 non
1318 2114 1421 2144 posse
1441 2107 1599 2146 cognosci
1618 2105 1821 2138 voluntatem
1833 2109 1983 2141 divinam.

1160 2146 1287 2186 Nempe
1318 2157 1391 2177 cum
1420 2157 1492 2178 eam
1521 2151 1723 2188 expresserit
1746 2151 1848 2180 verbo
1876 2152 1980 2186 511021

1160 2188 1202 2218 Et
1230 2190 1469 2230 interrogemus
1489 2190 1682 2231 Sophistas‚
1716 2193 1851 2223 credant
1879 2204 1922 2224 ne
1951 2194 1983 2224 id

2069 146 2131 179 186

2051 333 2076 351 10

2049 543 2075 561 15

2051 795 2081 813 20

2019 1050 2060 1078 99,
2079 1049 2102 1073 b.

2054 1476 2080 1494 10

2057 1739 2083 1757 15

2054 1950 2084 1968 20

2016 2196 2071 2225 100,
2100 2202 2123 2221 a.

1160 2232 1249 2272 quod
1273 2232 1304 2261 in
1328 2232 1481 2273 symbolo
1505 2233 1689 2273 apostolico
1710 2240 1775 2271 est,
1805 2234 1982 2267 Remissio-
2001 2230 2054 2259 (5²
2084 2230 2124 2259 Π)

1159 2284 1233 2304 nem
1252 2275 1485 2314 peccatorum?
1520 2276 1616 2313 Item,
1640 2277 1775 2307 credant
1793 2288 1834 2308 ne
1853 2285 1984 2309 senten-

1159 2316 1224 2346 tiae
1243 2318 1445 2351 sacerdotis,
1471 2328 1544 2349 cum
1568 2318 1794 2350 absolmntur.
1840 2320 1938 2355 Quod
1956 2322 1984 2351 si

1161 2359 1309 2396 credunt,
1355 2370 1496 2390 necesse
1523 2367 1572 2391 est
1597 2367 1631 2391 ut
1650 2368 1833 2402 agnoscant
1852 2373 1889 2393 se
1909 2373 1984 2394 esse

1160 2402 1192 2431 in
1211 2403 1317 2442 gratia
1336 2402 1397 2432 dei.
1418 2402 1515 2436 Quod
1534 2404 1561 2433 si
1581 2414 1646 2434 non
1666 2405 1814 2442 credunt,
1835 2416 1893 2435 cur
1907 2416 1983 2436 con-

1160 2444 1314 2474 fitentur?
1349 2444 1501 2475 Scelesta
1525 2445 1647 2483 Roma,
1673 2452 1705 2477 et
1733 2453 1849 2477 auctor
1868 2447 1984 2478 Bullae

1159 2485 1329 2516 Romanae
1348 2487 1468 2517 Eccius
1488 2488 1681 2519 damnarunt
1699 2489 1872 2521 articulum
1885 2500 1984 2531 quen-

1162 2529 1237 2558 dam
1265 2529 1402 2560 Lutheri
1433 2531 1473 2560 de
1504 2530 1579 2568 fide,
1609 2532 1664 2572 qui
1700 2532 1806 2562 docet.
1874 2533 1983 2563 Abso-

1160 2570 1276 2602 lutioni
1295 2573 1495 2603 credendum
1515 2580 1518 2597 1
1539 2583 1625 2604 esse.
1671 2573 1907 2615 Respondeant
1925 2576 1982 2615 igi-

2052 2578 2077 2596 10
