2358 2933
188 101 270 133 1075

794 97 906 130 PHlL.
928 96 1030 129 MEL.
1054 96 1242 130 SCRIPTA
1258 95 1534 129 DOGMATICA.

2102 97 2185 130 1076

186 200 340 232 senecta,
369 200 401 225 et
423 192 520 224 simul
545 193 653 223 rabies
680 192 713 222 in
736 190 887 222 Diabolis
919 192 1057 229 crescit,
1087 191 1163 232 quia
1205 190 1302 222 cifixe
1330 201 1390 231 pro
1421 191 1517 221 nobis
1553 195 1586 220 et
1614 191 1827 229 resuscitate,
1861 200 1939 229 oro,
1972 196 2008 222 ut
2038 199 2118 228 neS,
2149 197 2183 222 ut

186 238 291 269 sciunt
316 237 407 268 brevi
430 237 554 266 instare
577 235 746 271 iudicium,
776 235 809 265 in
832 244 897 275 quo
920 235 1067 275 ipsorum
1097 240 1163 265 tur·
1204 233 1463 265 adolescentiam
1486 239 1519 264 et
1541 230 1682 264 familias
1705 239 1839 264 nostras
1860 242 1979 275 regaS‚
2008 238 2041 264 et
2067 233 2108 263 ad
2131 243 2184 264 ca—

185 281 298 321 pitudo
322 280 473 310 omnibus
496 276 635 319 Angelis
664 283 696 308 et
720 276 905 308 hominibus
934 275 1025 307 clare
1054 281 1163 307 osten-
1204 276 1350 307 stitatem
1367 281 1399 307 et
1411 286 1522 307 veram
1537 276 1778 306 invocationem
1790 277 1914 307 aeterni
1926 275 2032 306 Patris
2047 281 2184 316 pectora

187 323 291 354 detur.
333 322 409 353 ldeo
428 328 471 358 te,
494 319 553 351 Fili
572 320 646 357 Dei,
670 319 812 351 Domine
831 319 906 351 lesu
924 318 1067 357 Christe,
1091 329 1163 350 cru·
1205 324 1319 350 nostra
1342 319 1465 360 Spiritu
1488 323 1605 349 sancto
1628 323 1683 349 tuo
1707 318 1834 356 flectas,
1857 318 1963 350 Amen
1977 319 2033 358 3ὅ).

1041 404 1072 434 Α
1140 403 1264 434 endix
1297 403 1334 434 11.

314 464 620 497 DEFINITIONES
642 463 895 495 MULTARUM
915 406 1310 501 APPlgLLIXJTlONUM,
1329 408 1519 498 CJZUARUM
1538 462 1582 492 ΙΝ
1600 461 1815 494 ECCLESIA
1833 461 1947 493 USUS
1964 461 2057 499 EST,

187 535 366 566 traditae
417 545 436 565 a
480 533 674 574 Philippo
718 531 986 564 Melanthone
1030 531 1191 572 Tol-gae
1236 537 1274 562 et
1317 530 1613 572 VVitebergae,
1657 540 1760 561 anno
1808 529 1891 561 1552
1935 536 1974 561 et
2020 530 2103 561 1553
2127 532 2186 572 ³⁹).

271 594 388 626 DEUS
434 601 484 625 est
533 593 676 625 essentia
723 590 918 633 spiritualis,
965 590 1164 633 intelligens,

188 645 335 675 aeterna,
355 647 470 675 verax,
491 638 587 674 bona,
606 637 702 673 iusta,
720 635 922 672 misericors,
941 640 1046 672 casta,
1068 634 1165 664 liber-

188 682 278 718 rima,
297 681 475 711 immensae
494 679 659 720 potentiae
679 685 709 708 et
729 678 919 718 sapientiae,
938 676 1005 708 alia
1018 687 1037 707 a
1055 676 1165 707 mundi

189 724 382 763 corporibus
406 730 435 754 et
457 722 614 753 creaturis
636 721 785 752 omnibus
796 722 858 756 ⁴⁰)3
881 719 979 751 Pater
997 725 1165 756 aeternus,

187 767 241 807 qui
266 765 381 797 Filium
409 766 584 807 imaginem
614 774 708 795 suam
738 764 780 794 ab
810 768 946 793 aeterno
975 762 1104 803 genuit,
1134 767 1166 792 et

188 808 289 839 Filius
318 809 427 850 imago
452 807 559 838 Patris
584 813 777 843 coaeterna,
808 812 839 836 et
863 805 1005 846 Spiritus
1029 810 1165 835 sanctus

186 851 373 891 procedens
393 861 411 881 a
436 851 534 881 Patre
558 855 589 880 et
614 848 712 886 filio,
743 849 827 879 sicut
850 846 1016 887 patefacta
1044 854 1093 877 est
1122 848 1166 877 di-

187 895 308 924 vinitas
333 899 423 924 certo
447 893 549 923 verbo
573 898 604 922 et
626 891 819 922 testimoniis
843 891 972 928 divinis,
996 890 1085 933 quod
1105 888 1166 920 Pa-

187 944 237 967 ter
259 943 412 967 aeternus
437 946 510 967 cum
534 933 615 965 Filio
639 940 671 965 et
694 934 818 974 Spiritu
840 939 956 964 sancto
984 933 1168 964 condiderit

188 987 219 1010 et
244 984 421 1010 conservet
444 977 574 1009 coelum
598 984 627 1007 et
652 982 774 1008 terram
797 982 828 1006 et
852 986 966 1006 omnes
985 980 1167 1012 creaturas,

188 1029 218 1052 et
238 1022 322 1052 adsit
344 1022 494 1052 omnibus
514 1020 690 1058 creaturis,
713 1019 801 1060 quod
819 1019 859 1049 ad
880 1018 1167 1049 conservationem

188 1066 377 1103 attinet⁴¹),
408 1070 439 1095 et
463 1064 495 1094 in
520 1072 641 1105 genere
662 1061 806 1093 humano
831 1061 962 1092 condito
986 1061 1029 1091 ad
1053 1060 1167 1101 imagi·

189 1117 261 1138 nem
281 1117 373 1138 suam
392 1113 422 1139 et
443 1112 567 1137 certam
586 1105 803 1136 obedientiam
823 1103 958 1145 colligat
977 1104 1040 1134 sibi
1053 1103 1168 1134 Eccle-

189 1151 281 1187 siam,
304 1156 339 1180 ut
360 1152 403 1181 ab
423 1159 461 1180 ea
479 1148 562 1179 haec
580 1158 645 1179 una
665 1154 696 1178 et
716 1158 796 1178 vera
815 1147 979 1185 divinitas,
1001 1145 1168 1187 patefacta

189 1193 288 1223 certis
312 1192 509 1223 testimoniis
533 1197 566 1222 et
586 1200 646 1230 per
664 1191 799 1221 verbum
818 1190 972 1220 traditum
991 1188 1166 1229 Prophetis

190 1243 219 1267 et
245 1235 436 1275 Apostolis‚
465 1239 666 1275 agnoscatur
696 1239 728 1264 et
756 1231 885 1264 colatur
911 1233 1001 1262 iuxta
1030 1232 1167 1262 verbum

189 1277 267 1309 illud
291 1279 444 1309 divinitus
463 1277 628 1314 traditum,
651 1282 683 1306 et
702 1276 896 1306 damnentur
914 1283 1028 1305 omnes
1049 1273 1168 1310 cultus,

190 1322 243 1362 qui
274 1320 400 1362 fingunt
428 1318 510 1350 alios
534 1318 643 1355 Deos,
674 1324 705 1348 et
734 1317 817 1348 haec
847 1327 926 1348 vera
955 1317 1107 1347 divinitas
1135 1316 1167 1345 in

189 1365 256 1394 vita
290 1370 424 1394 aeterna
459 1361 646 1392 celebretur
679 1366 711 1391 et
746 1360 787 1390 sit
818 1359 914 1390 iudex
944 1359 1106 1389 bonorum
1136 1362 1168 1388 et

190 1405 357 1437 malorum.

276 1448 367 1479 Haec
391 1447 534 1479 definitio
552 1445 614 1476 Dei
638 1450 763 1476 tantum
782 1444 814 1474 in
834 1441 989 1474 Ecclesia
1007 1446 1085 1472 nota
1104 1446 1167 1478 est,

190 1493 245 1522 ubi
259 1492 358 1523 certis
372 1489 564 1522 testimoniis
577 1497 741 1529 personae
752 1484 937 1527 patefactae
952 1491 983 1516 et
996 1484 1169 1515 distinctae

192 1540 278 1572 sunt,
302 1544 387 1575 quae
409 1533 562 1564 intuenda
585 1537 634 1562 est
659 1530 804 1572 quotidie
826 1529 859 1559 in
882 1527 1112 1564 Invocatione,
1138 1530 1169 1556 et

192 1577 367 1619 cogitanda
387 1581 462 1607 sunt
481 1574 667 1605 testimonia
686 1573 806 1603 tradita
820 1572 852 1602 in
864 1570 1033 1610 Baptismo
1047 1568 1169 1600 Christi

193 1627 225 1652 et
247 1626 361 1650 nostro
381 1618 549 1658 Baptismo
575 1622 606 1647 et
628 1617 661 1646 in
683 1616 788 1657 primo
813 1613 919 1655 capite
941 1612 1116 1644 Geneseos
1139 1616 1170 1642 et

191 1665 224 1694 in
247 1663 350 1704 primo
375 1662 482 1702 capite
506 1660 636 1691 loannis
667 1665 699 1690 et
728 1657 816 1689 alibi.
861 1654 940 1687 Vult
969 1656 1054 1686 enim
1076 1654 1169 1685 Deus

193 1705 302 1747 aliquo
325 1705 423 1736 modo
447 1710 525 1734 nota
544 1711 619 1733 esse
638 1701 825 1733 discrimina
844 1708 1073 1740 personarum,
1096 1698 1171 1738 quia

195 1836 239 1865 38)
260 1835 453 1865 subscriptum
480 1833 581 1858 habent
599 1832 672 1857 Editt.
702 1830 739 1853 13.
762 1830 808 1859 15..
839 1830 899 1859 opp.
922 1829 942 1850 1.
963 1828 996 1855 2.,
1015 1827 1058 1852 Ex.
1081 1828 1092 1849 1
1106 1826 1171 1850 -3,

264 1867 345 1895 τέλος.
381 1869 452 1893 Editt.
472 1868 512 1890 14.
534 1868 571 1892 18,
592 1866 630 1891 19.
650 1864 760 1889 22-34.
798 1864 885 1889 FINIS.

196 1921 241 1948 39)
262 1921 312 1945 Hae
332 1920 503 1945 Definitiones.
535 1924 598 1949 quae
618 1917 726 1947 primuni
744 1915 894 1946 prodierunt
911 1915 935 1938 in
954 1913 1075 1938 Locorum
1095 1911 1172 1936 theol.

264 1955 354 1979 tertiae
374 1954 466 1979 aetatis
484 1953 596 1978 Editione
618 1950 657 1974 16.
679 1949 840 1982 [Lips,1553.
861 1949 885 1973 in
904 1947 1043 1978 posteriore
1063 1946 1170 1971 duarum

265 1989 338 2014 liuius
358 1989 416 2013 anni
434 1986 588 2016 Editionum]
607 1987 633 2010 et
651 1986 675 2009 in
694 1984 860 2015 sequentibus
871 1983 943 2008 Editt.
963 1987 1051 2006 eorum
1071 1986 1173 2005 conser-

265 2026 337 2048 vatae
357 2026 425 2048 sunt.
444 2022 519 2046 etiam
539 2022 563 2046 in
582 2019 728 2046 mammis
747 2017 973 2044 ordinandorum
990 2015 1103 2041 Editione
1123 2016 1173 2038 ter-

265 2058 298 2082 tia
326 2064 348 2081 a.
370 2056 443 2080 1556.
472 2057 497 2080 et
524 2055 641 2080 omnibus
669 2059 739 2084 seqq.
767 2053 839 2077 Editt.
867 2051 985 2076 tractatui
1004 2050 1035 2074 de
1054 2049 1175 2078 Coniugio

267 2090 432 2122 (contis-upra
441 2097 466 2121 p.
480 2090 553 2113 1051.
563 2091 623 2114 nota
634 2089 655 2111 1.
666 2087 817 2118 Appendicis
828 2086 860 2117 1.)
870 2087 930 2111 sunt
939 2090 1062 2113 annexae,
1073 2083 1177 2108 eodem-

267 2133 314 2157 que
334 2126 388 2151 loco
406 2126 431 2150 in
445 2126 567 2154 Corpore
584 2122 674 2148 doctr.
693 2122 790 2147 christ.
810 2121 969 2149 exhibentur,
988 2119 1047 2143 etin
1060 2118 1176 2147 operum

267 2160 395 2186 Melantlz.
429 2158 662 2188 Witeoerqensium
688 2157 777 2181 Parte
799 2157 820 2181 J.
838 2155 912 2185 paule
939 2153 1054 2181 inferius,
1082 2152 1177 2177 scilicet

267 2198 323 2225 post
342 2195 397 2219 Mel.
417 2193 617 2223 Responsionem
637 2191 668 2215 de
687 2190 866 2215 controversiis
886 2188 1014 2217 Stancari,
1043 2192 1107 2217 quae
1127 2188 1177 2211 tra-

267 2232 361 2254 ctatum
383 2228 413 2252 de
432 2228 553 2257 Coniugio
572 2226 744 2256 subsequitur,
763 2224 936 2254 reperiuntur;
961 2223 1097 2253 praeterea
1116 2226 1176 2251 quo-

268 2270 315 2294 que
343 2263 381 2287 bis
401 2262 536 2293 separatim
556 2260 640 2285 editae
660 2262 720 2284 sunt
737 2259 900 2287 Witebergae
920 2263 942 2282 a.
966 2256 1039 2279 1554.
1059 2257 1085 2280 et
1104 2254 1176 2278 1556.

269 2297 338 2327 (vide
358 2303 422 2327 quae
440 2302 516 2325 supra
534 2302 557 2325 p.
576 2293 719 2318 573—576.
739 2292 871 2323 diximus).
899 2291 1068 2321 Quamobrem
1087 2289 1111 2314 in
1130 2290 1177 2313 hac

269 2332 310 2357 Ed.
335 2337 385 2357 non
403 2333 501 2355 tantum
520 2330 656 2355 Locorum
675 2328 747 2353 Editt.
768 2326 797 2349 16
809 2326 891 2351 -34,
909 2328 935 2350 et
954 2324 1086 2355 Corporis
1104 2323 1175 2348 Editt.

270 2366 343 2389 1-8.
362 2367 436 2395 atque
456 2364 537 2389 Partis
556 2364 573 2388 1.
593 2364 710 2392 Operum
728 2361 814 2387 Wileb.
834 2361 907 2386 Editt.
928 2361 952 2382 1.
973 2360 994 2384 2.
1015 2358 1176 2387 contulimus,

270 2401 315 2425 sed
335 2401 410 2424 etiam
430 2398 574 2424 litaminis
594 2396 685 2422 ordin.
697 2396 837 2421 Editionem
856 2395 957 2419 tertiam
976 2400 1000 2418 a.
1021 2392 1093 2417 1556.
1111 2393 1174 2421 (Ex.

268 2437 292 2460 3.
312 2434 451 2463 signatam)
480 2439 508 2457 ac
528 2432 591 2456 duas
610 2432 699 2455 harum
718 2430 894 2456 Definitionum
914 2428 1042 2453 Editiones
1063 2426 1175 2456 singula-

270 2476 320 2494 res⁴
340 2475 401 2499 quas
421 2467 482 2498 Des.
503 2468 523 2492 1.
544 2468 568 2491 et
587 2465 648 2496 Bes.
668 2465 692 2490 2.
713 2464 879 2494 signabimus.

203 2502 253 2548 405³
268 2519 404 2549 omnihus]
422 2518 498 2543 editt.
521 2516 624 2540 16—19.
645 2515 685 2538 23.
704 2516 842 2540 nominum.

202 2572 248 2600 41)
268 2572 356 2596 attinet
375 2570 453 2595 abest
471 2569 506 2594 ab
524 2568 594 2594 Editt.
617 2566 723 2590 16-19.
745 2567 784 2589 2¹2.
805 2565 845 2588 23.

1209 589 1279 622 vult
1301 591 1377 621 sciri
1400 589 1517 621 Filium
1540 600 1617 621 esse
1640 589 1856 621 Mediatorem
1882 595 1915 621 et
1943 589 2124 627 victimam,
2155 595 2187 621 et

1209 643 1276 664 non
1299 632 1382 663 alias
1406 642 1580 673 personas

1294 674 1425 707 Ethnici
1448 681 1561 706 tenent
1587 674 1807 706 definitionem
1829 674 1893 705 Dei
1923 675 1994 705 sine
2021 674 2188 716 agnitione

1209 728 1435 760 personarum.
1472 717 1533 748 Est
1556 718 1639 749 enim
1662 723 1799 749 naturae
1820 716 1987 748 hominum
2009 717 2109 748 insita
2130 727 2188 748 no-

1209 762 1279 792 titia
1300 761 1419 803 Legis,
1448 770 1533 802 quae
1564 765 1615 791 est
1642 760 1777 790 evidens
1801 766 1834 790 et
1855 761 2021 791 immotum
2043 759 2188 790 testimo-

1209 805 1314 841 nium,
1338 803 1534 840 ostendens,
1565 803 1653 844 quod
1676 803 1718 833 sit
1739 801 1850 839 Deus,
1881 807 1913 833 et
1936 801 2042 843 qualis
2068 802 2127 839 sit,
2157 807 2187 831 et

1210 847 1299 888 quod
1327 847 1457 877 iudicet.
1502 844 1615 877 Voluit.
1644 844 1737 876 Deus
1767 854 1805 875 se
1832 854 1873 875 ex
1902 844 2012 875 multis
2040 844 2190 885 vestigiis

1210 889 1365 931 agnosci,
1389 890 1475 920 sicut
1498 898 1539 919 ex
1563 888 1677 918 ordine
1699 897 1874 928 corporum
1893 887 2021 925 mundi,
2044 891 2189 918 motuum

1211 931 1415 969 coelestium,
1434 936 1593 972 perpetua
1605 930 1857 961 conservatione
1868 930 2053 971 specierum
2069 933 2101 959 et
2117 929 2190 969 ipsa

1211 975 1422 1006 distinctione
1444 973 1658 1005 honestorum
1685 978 1717 1004 et
1739 973 1879 1013 turpium
1902 973 1935 1003 in
1957 977 2066 1003 mente
2088 970 2191 1002 homi-

1212 1018 1278 1056 nis,
1308 1017 1383 1048 ideo
1413 1016 1500 1057 apud
1529 1014 1700 1046 Platonem
1735 1021 1824 1046 extat
1852 1014 1935 1046 haec
1966 1014 2111 1046 definitio
2125 1014 2191 1054 4²):

1211 1059 1304 1091 Deus
1324 1064 1375 1091 est
1392 1069 1486 1090 mens
1506 1064 1653 1096 aeterna,
1673 1067 1794 1089 caussa
1811 1058 1890 1088 boni
1908 1058 1941 1088 in
1959 1063 2088 1089 natura.
2123 1056 2192 1088 Sed

1211 1102 1265 1133 hic
1294 1113 1361 1133 non
1395 1102 1431 1133 fit
1460 1102 1580 1132 mentio
1615 1101 1811 1131 discriminis
1844 1110 2073 1141 personarum.
2119 1098 2191 1129 Nos

1212 1146 1310 1186 igitur
1331 1146 1363 1176 in
1386 1145 1595 1175 invocatione
1616 1144 1802 1174 intueamur
1829 1149 1861 1174 et
1884 1149 2054 1173 teneamus
2077 1140 2192 1172 defini-

1212 1190 1333 1219 tionem
1357 1188 1390 1218 in
1412 1186 1565 1218 Ecclesia
1592 1185 1791 1227 patefactam
1819 1191 1850 1216 et
1878 1195 1978 1226 supra
2007 1185 2191 1216 recitatam.

1298 1245 1508 1277 PERSONA
1522 1252 1574 1276 est
1588 1246 1786 1281 substantia,
1800 1244 1977 1281 individua,
1993 1242 2193 1284 intelligens,

1212 1287 1543 1325 incommunicabiliS,
1577 1298 1644 1317 non
1673 1288 1880 1316 substentata
1909 1287 1942 1315 in
1970 1285 2036 1316 alia
2064 1292 2191 1316 natura.

1212 1332 1269 1363 Sic
1301 1330 1445 1371 loquitur
1473 1328 1645 1366 Ecclesia,
1678 1333 1710 1358 et
1740 1325 1905 1358 vocabulo
1934 1337 2098 1367 personae
2126 1326 2192 1357 hoc

1212 1373 1309 1404 modo
1332 1373 1443 1402 utitur.
1490 1370 1609 1400 Graeci
1633 1369 1796 1399 ὑπόστασιν
1823 1375 1854 1399 et
1880 1369 2077 1408 ὑφιστάμενον
2104 1369 2193 1399 dixe-

1213 1421 1299 1451 runt,
1322 1414 1355 1444 id
1378 1419 1441 1450 est,
1459 1412 1657 1442 subsistens.
1690 1409 1866 1441 Declarari
1885 1416 1994 1441 autem
2014 1410 2192 1451 descriptio

1213 1462 1379 1497 utcunque
1407 1459 1526 1496 potest.
1572 1453 1720 1484 Hominis
1750 1451 1857 1484 solum
1887 1463 2009 1493 corpus
2042 1463 2110 1484 non
2142 1459 2193 1484 est

1212 1509 1368 1541 persona,
1390 1504 1426 1528 ut
1444 1496 1508 1528 hoc
1526 1495 1603 1527 loco
1626 1495 1801 1537 loquimur,
1822 1506 1888 1526 non
1907 1495 2013 1527 solum
2033 1496 2109 1537 quia
2127 1506 2192 1526 non

1214 1548 1265 1574 est
1298 1551 1352 1572 res
1386 1538 1591 1582 intelligenS,
1624 1539 1685 1570 sed
1718 1539 1815 1570 etiam
1849 1539 1925 1579 quia
1958 1544 2010 1570 est
2040 1538 2193 1579 quiddam

1215 1589 1434 1617 sustentatum
1463 1583 1505 1614 ab
1536 1580 1652 1613 altero.
1697 1581 1781 1612 Nam
1810 1581 1918 1613 donec
1947 1582 2055 1612 anima
2087 1581 2193 1618 adest,

1214 1628 1295 1659 vivit
1317 1636 1456 1667 corpus,
1485 1625 1674 1656 discedente
1703 1624 1810 1655 anima
1838 1633 1960 1664 corpus
1989 1622 2193 1655 dissolvitur.

1214 1671 1263 1702 Ita
1285 1671 1317 1701 in
1340 1668 1473 1700 Christo
1495 1673 1573 1699 nato
1596 1678 1639 1698 ex
1661 1666 1800 1709 Virgine
1821 1673 1940 1698 natura
1967 1665 2109 1698 humana
2136 1666 2194 1696 mi—

1215 1713 1319 1744 rando
1343 1711 1478 1743 foedere
1501 1709 1656 1751 copulata
1675 1715 1727 1740 est
1750 1710 1792 1751 τῷ
1811 1710 1901 1751 λόγῳ,
1924 1719 1964 1740 ac
1981 1718 2119 1750 prorsus
2137 1718 2194 1740 na-

1217 1763 1290 1788 tura
1313 1759 1462 1786 assumta
1484 1754 1517 1784 in
1538 1752 1674 1784 nihilum
1693 1753 1911 1795 redigeretur,
1933 1753 1962 1783 si
1979 1762 2046 1783 non
2065 1757 2194 1782 susten-

1216 1805 1341 1830 taretur
1363 1808 1383 1828 a
1406 1797 1524 1828 divina.
1565 1795 1601 1826 ln
1623 1794 1686 1826 hac
1710 1795 1974 1826 consideratione
1993 1793 2195 1834 amplissima

1216 1842 1366 1872 doctrina
1389 1840 1582 1870 continetur.
1627 1838 1744 1869 Totum
1767 1848 1872 1879 genus
1893 1837 2069 1868 humanum
2093 1837 2195 1867 extin-

1218 1890 1304 1915 ctum
1327 1888 1428 1921 esset,
1451 1883 1512 1913 nisi
1531 1880 1633 1912 Filius
1653 1880 1717 1912 Dei
1741 1886 1933 1912 coaeternus
1951 1885 2085 1911 aeterno
2105 1878 2195 1909 Patri

1217 1936 1361 1958 massam
1389 1925 1485 1957 huius
1515 1931 1651 1955 naturae
1680 1923 1902 1954 assumsisset.
1949 1922 2067 1954 Servat
2097 1922 2195 1963 igitur

1217 1976 1353 2011 propter
1387 1974 1567 2000 assumtam
1603 1976 1746 1997 massam
1778 1976 1842 1996 nos
1876 1974 2006 2006 quoque
2039 1970 2195 2005 tanquam

1220 2022 1299 2044 suae
1322 2017 1457 2042 naturae
1480 2011 1635 2047 membra,
1658 2009 1742 2040 sicut
1765 2008 1883 2040 dicitur
1903 2006 2037 2045 [Genes.
2055 2006 2087 2044 ⁶2,
2110 2006 2194 2044 ⁹234:

1220 2056 1267 2086 Os
1291 2066 1333 2086 ex
1353 2055 1486 2085 ossibus
1508 2053 1612 2094 ipsius
1636 2057 1698 2083 etc.

1305 2120 1539 2154 AETERNUS
1562 2118 1708 2151 PATER
1730 2124 1782 2150 est
1809 2119 1914 2159 prima
1942 2127 2087 2159 persona
2115 2117 2195 2148 divi-

1220 2167 1343 2204 nitatis,
1366 2175 1431 2196 non
1443 2170 1531 2202 nata,
1553 2173 1616 2194 nec
1638 2167 1760 2200 creata,
1784 2171 1845 2192 nec
1867 2161 2052 2202 procedens
2071 2161 2113 2191 ab
2131 2159 2195 2191 alia

1221 2214 1354 2246 natura,
1388 2218 1471 2249 quae
1501 2208 1542 2238 ab
1573 2212 1708 2237 aeterno
1736 2204 1852 2235 Filium
1882 2204 1993 2246 genuit
2022 2203 2195 2245 imaginem

1220 2263 1330 2289 suam,
1355 2257 1387 2282 et
1408 2261 1473 2282 una
1492 2260 1565 2281 eum
1587 2248 1670 2280 Filio
1693 2254 1726 2280 et
1748 2247 1871 2288 Spiritu
1893 2252 2008 2278 sancto
2033 2255 2094 2276 suo
2119 2255 2195 2276 con-

1221 2295 1299 2326 didit
1334 2303 1449 2325 omnes
1485 2299 1654 2324 creaturas
1694 2297 1724 2322 et
1763 2295 1940 2322 conservat
1973 2299 2085 2320 earum
2119 2288 2195 2318 sub-

1221 2338 1359 2369 stantias
1373 2338 1429 2373 ¹²3).

1221 2477 1266 2507 42)
1284 2477 1348 2500 haec
1366 2474 1488 2506 definitio]
1508 2474 1581 2500 Editt.
1603 2473 1634 2496 16
1652 2486 1684 2490 -
1706 2472 1744 2496 19.
1765 2473 1804 2495 22.
1824 2471 1864 2495 23.
1884 2470 1923 2496 26.
1942 2470 1983 2494 27.
2002 2468 2114 2495 definitio
2132 2468 2196 2493 baec

1291 2510 1375 2540 (Conf.
1394 2516 1471 2540 supra
1490 2515 1513 2539 p.
1535 2508 1607 2538 610.)

1222 2561 1267 2592 43)
1288 2567 1375 2586 earum
1395 2559 1571 2591 substantias]
1594 2558 1665 2584 Editt.
1686 2557 1842 2581 16—19.·23.
1863 2563 1915 2582 eas.
