2358 2933
110 149 168 180 701

111 242 175 272 hoc
208 241 404 276 ministerio,
437 239 550 269 audire
573 245 664 270 recte
687 238 864 276 docentes,
898 244 929 268 et
963 237 1016 278 pie
1039 238 1084 268 uti

109 283 352 319 Sam-amentis,
385 286 417 312 et
449 290 562 312 eorum
584 290 679 311 usum
702 281 859 312 adiuvare
882 278 1030 320 exemplo
1054 285 1086 310 et

110 325 294 367 frequentia
326 330 456 361 nostra,
492 324 720 364 obtemperare
759 329 849 354 recte
877 322 1085 360 docentibus,

110 369 220 405 alere,
253 367 380 398 honore
402 364 535 397 afficere
559 371 590 396 et
613 364 790 397 defendere
812 365 885 406 pios
907 363 1086 401 Doctores,

110 412 266 442 adiuvare
289 409 396 441 studia
424 409 615 440 necessaria
637 406 819 439 Ecclesiae.
864 406 940 437 Non
962 416 1086 447 quaero

110 453 302 494 allegoriam
332 451 428 482 huius
452 450 634 492 praecepti,
666 451 725 481 sed
748 450 842 480 trado
865 450 1031 489 propriam
1055 455 1087 479 et

110 495 319 537 praecipuam
343 494 549 525 sententiam.
595 492 666 523 Nec
690 492 775 523 enim
798 491 871 522 leve
895 497 951 522 aut
974 491 1087 533 exigu-

110 549 163 570 um
176 547 259 578 opus
274 543 325 568 est
342 536 552 568 conservatio
575 535 741 565 ministerii
761 534 915 565 divinitus
938 534 1086 564 instituti.

97 585 101 586 ⁷
196 580 339 610 Peccata
377 585 493 610 contra
526 577 591 608 hoc
635 583 849 618 praeceptum
882 575 966 607 haec
1000 581 1087 613 sunt,

111 624 261 654 omittere
294 628 351 653 aut
383 619 518 652 abolere
551 629 669 650 munus
693 626 786 650 recte
811 618 968 655 docendi,
1002 617 1088 649 falsa

110 667 250 702 docere,
273 664 455 704 depravare
490 662 713 699 ceremonias,
744 672 909 702 nunquam
932 667 987 691 aut
1011 670 1086 691 raro

110 709 229 739 adesse
251 705 384 747 publico
407 704 602 742 ministeriu,
635 704 668 734 in
692 710 803 742 coetu,
837 704 892 735 ubi
914 702 1087 734 Ecclesiae

111 755 202 781 recte
225 750 402 784 docentum
447 747 543 784 Item,
567 747 733 777 abducere
756 745 839 777 alios
862 744 915 777 vel
939 744 1087 786 exemplo

110 791 163 823 vel
185 790 258 822 aliis
282 791 388 822 modis
412 801 431 821 a
453 788 587 831 publico
611 789 809 827 ministerio,
837 789 926 830 quod
947 798 1014 818 non
1038 793 1088 818 est

109 835 363 866 contaminatum
397 833 581 873 impietate,
611 831 696 862 sicut
719 831 914 862 Donatistae
947 831 1088 861 abduce—

109 878 188 908 bant
210 886 290 907 suos
315 881 442 912 coetus,
465 885 530 905 non
556 874 690 905 obedire
713 874 890 904 ministerio
913 882 1011 904 verae
1032 873 1088 903 do·

110 920 247 956 cti-inae,
273 927 427 949 exercere
451 927 569 958 operas
583 915 735 952 serviles,
749 917 780 946 id
794 922 855 953 est,
874 916 1088 956 impedientes

110 962 322 992 ministerium
347 961 399 991 die
423 960 600 990 constituto
623 959 664 989 ad
687 958 852 998 publicum
864 959 1087 995 ministerium,

110 1002 261 1035 conferre
295 1003 364 1033 dies
399 1001 475 1033 illos
507 1002 539 1031 in
562 1001 659 1032 ludos
694 1007 726 1031 et
758 1000 998 1038 helluationes,
1032 1007 1088 1031 aut

109 1045 171 1077 alia
195 1046 284 1083 vitia,
308 1051 531 1081 contemnere,
555 1042 692 1074 afficere
716 1042 912 1074 contumelia
935 1043 1008 1083 pios
1030 1043 1087 1073 mi-

108 1089 252 1125 nistros,
287 1097 352 1118 non
383 1085 470 1117 velle
494 1085 646 1117 conferre
669 1086 711 1116 ad
735 1095 793 1116 eos
817 1085 954 1116 alendos
979 1091 1010 1115 et
1033 1085 1087 1115 de-

109 1130 303 1167 fendendos,
326 1139 392 1160 non
416 1136 529 1170 tegere
553 1139 666 1159 eorum
687 1128 915 1164 infirmitatem,
940 1128 968 1158 si
980 1134 1087 1158 tamen

108 1174 174 1204 sint
207 1173 278 1203 sani
312 1173 343 1203 in
379 1172 544 1208 doctrina,
580 1171 665 1201 sicut
690 1169 793 1201 Cham
829 1170 998 1200 deridebat
1030 1180 1087 1200 nu-

108 1216 184 1247 dum
207 1221 343 1255 patrem,
367 1224 432 1245 non
456 1214 569 1244 iuvare
591 1213 699 1243 studia
722 1212 904 1244 Ecclesiae.

193 1257 237 1288 Ut
265 1263 374 1288 autent
408 1266 509 1296 supra
543 1256 664 1286 dictum
688 1262 758 1291 est,
789 1254 931 1285 Primum
952 1263 1086 1295 praeoe-

107 1306 198 1341 ptum
221 1299 370 1330 omnibus
393 1298 530 1339 reliquis
553 1296 786 1328 includendxun
803 1306 891 1332 esse,
914 1306 999 1337 quae
1013 1307 1087 1328 cum

107 1343 172 1372 sint
194 1341 347 1372 mandata
369 1340 451 1377 Dei,
482 1349 624 1371 necesse
647 1345 698 1370 est
721 1340 859 1380 agnosci
883 1345 1031 1370 autorem
1055 1345 1086 1370 et

108 1384 326 1416 obedientiam
349 1382 465 1414 referri
498 1383 541 1413 ad
575 1383 697 1423 ipsum:
721 1383 794 1413 ideo
824 1382 921 1413 timor
955 1381 1020 1412 Dei
1055 1387 1086 1412 et

108 1426 189 1457 fides
224 1432 299 1457 sunt
335 1435 394 1456 ceu
428 1426 495 1455 vita
534 1424 672 1455 aliorum
708 1434 862 1464 operum,
899 1430 929 1454 et
963 1424 1086 1455 adesse

604 146 627 176 1.
650 145 749 178 LOCI
771 139 1046 177 THEOLOGICI:
1068 144 1110 177 D.
1134 146 1294 179 TERTIA
1315 147 1471 179 EORUM
1493 147 1650 180 AETAS.

2046 149 2106 179 702

1127 249 1212 270 mam
1245 237 1384 270 formam
1413 238 1545 280 politiae
1566 240 1620 271 hic
1654 240 1803 281 proponi.
1859 239 2003 271 Primum
2033 250 2106 272 san-

1130 282 1214 312 citur
1236 282 1418 323 imperium,
1441 283 1642 323 praecipitur
1665 282 1861 314 obedientia.
1885 281 2014 313 Deinde
2038 294 2106 314 mu-

1128 324 1215 354 nitur
1237 334 1317 364 paxz
1340 324 1415 354 Non
1439 325 1583 355 occides.
1629 324 1820 356 Muniuntur
1839 325 2009 366 coniugia:
2033 325 2107 356 Non

1128 365 1370 397 moechaberis.
1414 367 1606 398 Muniuntur
1630 368 1771 398 dominia
1793 377 1920 399 rerum:
1944 367 2019 399 Non
2042 366 2107 399 fur-

1128 414 1197 439 tum
1220 407 1334 440 facies.
1367 408 1490 440 Postea
1514 410 1755 441 constituuntur
1776 410 1911 449 iudicia,
1947 416 1977 441 et
2002 412 2108 441 sanci-

1129 456 1182 482 tur
1215 452 1338 482 veritas
1371 451 1403 481 in
1439 452 1664 483 contractibus
1693 458 1725 483 et
1746 453 1871 493 pactis:
1916 453 1991 484 Non
2015 454 2107 484 dicas

1129 491 1249 524 falsum
1283 494 1512 524 testimonium.
1557 493 1598 524 Hi
1621 501 1697 526 sunt
1719 493 1828 526 fontes
1852 495 1980 537 Legum
2002 495 2108 536 politi-

1132 545 1254 566 carum.
1300 534 1368 566 Sed
1401 545 1463 566 nos
1492 536 1635 567 sciamus
1655 538 1766 568 doceri
1790 538 1919 578 quidem
1942 537 2108 578 politicam

1130 578 1248 614 vitam,
1294 578 1353 608 sed
1388 578 1453 609 duo
1494 579 1637 620 adiungi.
1682 579 1825 611 Primum
1865 581 2107 612 meminerimus

1129 619 1238 650 Deum
1273 626 1422 651 autorem
1446 631 1522 652 esse
1545 627 1575 652 et
1600 621 1716 652 harum
1738 622 1864 663 Legum
1888 629 1919 653 et
1942 623 2028 654 vitae
2050 634 2107 664 po—

1130 661 1247 693 liticae.
1294 662 1371 693 Ideo
1407 663 1549 694 sciamus
1583 669 1718 704 propter
1747 664 1855 695 Deum
1889 666 2108 697 obedientiam

1130 705 1363 745 praestandam
1394 715 1489 743 esse,
1513 712 1545 737 et
1566 705 1774 738 includamus
1798 708 1948 738 omnibus
1971 709 2109 748 primum

1130 753 1360 788 praeceptum,
1393 754 1427 778 ut
1461 749 1682 780 obedientiam
1709 750 1742 780 in
1778 751 1896 781 ceteris
1933 750 2030 781 etiam
2053 760 2108 781 re-

1132 796 1212 831 gant
1235 790 1331 820 timor
1353 789 1417 821 Dei
1440 796 1471 821 et
1494 791 1588 822 fides.
1624 791 1778 823 Secundo
1798 793 1941 823 sciamus
1964 794 2108 834 praecipi

1131 842 1197 862 non
1221 837 1347 863 tantum
1369 839 1506 864 externa
1530 844 1644 874 opera,
1668 835 1727 865 sed
1749 835 1936 866 interiorem
1955 836 2109 866 obedien—

1131 875 1217 906 tiam.
1265 874 1320 905 Sic
1354 876 1495 906 debebat
1531 886 1607 907 esse
1637 878 1786 908 ordinata
1816 878 1933 908 natura
1957 877 2107 915 hominis,

1131 927 1172 947 ne
1195 916 1331 947 haberet
1355 917 1604 957 inclinationes,
1626 919 1776 957 affectus,
1800 926 1856 951 aut
1880 930 1979 961 opera
1993 927 2109 951 contra

1130 958 1217 989 hunc
1241 959 1400 998 ordinem,
1424 962 1456 991 in
1482 972 1545 1002 quo
1571 963 1702 993 condita
1725 969 1788 999 est,
1812 968 1843 993 et
1867 964 1920 1004 qui
1956 964 1987 993 in
2018 963 2109 1005 Lege

1131 1000 1319 1032 declaratur
1341 1012 1383 1033 ac
1404 1004 1612 1045 praecipitur.

1216 1044 1364 1084 Apparet
1393 1052 1500 1076 autem
1524 1048 1730 1079 contumacia
1756 1055 1786 1079 et
1812 1048 1961 1081 confusio
1985 1052 2109 1083 ordinis

1130 1086 1161 1116 in
1196 1092 1312 1117 natura
1346 1086 1530 1126 hominum,
1564 1091 1704 1121 maxime
1726 1091 1759 1121 in
1783 1091 1847 1123 hac
1870 1092 2006 1133 politica
2030 1095 2107 1126 vita.

1132 1127 1244 1163 Qualis
1268 1135 1320 1159 est
1344 1132 1551 1162 contumacia
1574 1132 1606 1162 in
1630 1134 1891 1174 gubernatione?
1913 1145 2010 1176 quam
2028 1137 2109 1168 mul-

1131 1176 1184 1201 tae
1207 1171 1349 1202 iniustae
1369 1173 1502 1211 caedes,
1525 1174 1644 1206 iniusta
1664 1174 1766 1206 bella!
1792 1183 1947 1217 quantum
1960 1178 2106 1210 odiomm

1130 1218 1162 1243 et
1185 1213 1398 1245 invidentiae!
1433 1214 1563 1247 Deinde
1592 1227 1699 1259 vagae
1718 1217 1880 1257 libidines,
1903 1221 2108 1252 inordinatae

1129 1255 1282 1286 flammae
1307 1262 1339 1287 et
1361 1255 1493 1288 furores
1516 1261 1692 1291 amantium
1716 1260 1829 1292 infiniti
1853 1268 1939 1294 sunt.
1985 1262 2106 1295 Postea

1130 1296 1218 1328 furta
1252 1297 1427 1330 manifesta
1462 1307 1539 1331 sunt
1572 1302 1819 1335 innumerabilia
1855 1305 1887 1335 in
1919 1305 2107 1346 imposturis

1130 1341 1407 1381 negotiationum,
1440 1343 1472 1373 in
1495 1345 1607 1375 usuris
1632 1351 1664 1376 et
1687 1345 1770 1377 aliis.
1815 1346 1910 1385 Item,
1945 1349 2018 1389 quis
2042 1359 2107 1381 non

1130 1381 1261 1414 laborat
1296 1385 1454 1416 avaritia?
1488 1387 1560 1426 quis
1596 1398 1657 1419 suo
1683 1394 1856 1420 contentus
1880 1396 1947 1428 est,
1971 1397 2001 1421 et
2026 1402 2106 1423 suas

1130 1435 1184 1456 res
1208 1432 1299 1457 recte
1323 1433 1353 1457 et
1378 1428 1430 1467 pie
1454 1427 1618 1461 collocat?
1658 1429 1832 1463 Postremo
1857 1443 1971 1464 omnes
1996 1433 2106 1475 deplo-

108 1469 260 1500 omnibus
301 1468 457 1508 operibus
497 1466 635 1498 aliorum
668 1473 921 1507 praeceptorum
956 1467 1085 1497 debent.
1105 1480 1108 1511 Ι
1130 1474 1202 1498 rant
1227 1467 1451 1509 sophisticam
1475 1477 1506 1502 et
1528 1472 1699 1504 mendacia
1718 1480 1900 1514 pactorum,
1921 1482 2106 1508 contractu—

107 1511 219 1546 Quare
254 1516 289 1541 ut
312 1510 390 1541 fiant
413 1519 514 1550 opera
537 1509 634 1540 huius
652 1510 838 1549 praecepti,
872 1518 1012 1540 necesse
1036 1515 1086 1539 est

108 1553 271 1585 accedere
300 1553 502 1594 agnitionem
525 1551 581 1582 filii
605 1551 685 1589 Dei,
718 1558 753 1583 ut
774 1552 941 1592 possimus
965 1552 997 1581 in
1021 1551 1085 1582 fide

108 1602 140 1626 et
173 1595 383 1626 invocatione
413 1594 474 1625 Dei
503 1593 578 1625 huic
600 1599 778 1635 praecepto
803 1594 948 1625 obedire.
995 1593 1085 1632 Item,

107 1648 182 1670 cum
221 1637 288 1669 hoc
321 1643 531 1678 praeceptum
555 1637 595 1667 de
617 1637 800 1668 ministerio
824 1642 855 1667 et
890 1638 1084 1668 ceremoniis

107 1681 340 1717 concionetur,
379 1689 522 1710 necesse
562 1685 613 1710 est
647 1678 819 1720 complecti
853 1678 1084 1721 Evangelimu:

107 1722 192 1758 Quia
231 1722 331 1763 Legis
371 1722 584 1753 ministerium
624 1727 747 1753 tantum
789 1728 840 1753 est
872 1722 1084 1753 ministerium

107 1765 239 1802 mortis,
282 1763 500 1805 Evangelium
534 1774 614 1795 vero
647 1765 817 1795 annuntiat
858 1764 1084 1795 remissionem

106 1813 319 1848 peccatorum
353 1812 385 1837 et
409 1807 507 1838 vitam
531 1813 699 1837 aeternam
722 1813 856 1848 propter
885 1806 985 1838 filium
1008 1806 1081 1838 Dei·

107 1850 186 1881 Item
210 1850 416 1881 ceremoniae
439 1849 593 1880 divinitus
617 1849 795 1887 institutae,
813 1855 889 1880 sunt
912 1849 1084 1891 typiChri-

106 1893 159 1923 sti.
204 1892 280 1923 Ideo
314 1901 376 1923 nec
400 1891 510 1923 Iudaei
544 1898 696 1932 poterant
730 1898 819 1923 recte
847 1891 958 1923 facere
983 1902 1083 1933 opera

105 1934 202 1966 huius
235 1935 400 1975 praecepti
435 1934 506 1965 sine
540 1934 707 1975 agnitione
742 1945 820 1965 vera
854 1934 987 1966 Christi.
1042 1935 1083 1966 Et

105 1978 192 2018 apud
214 1977 402 2008 Monac-hos
427 1983 458 2007 et
482 1975 713 2014 Sacrificulos,
748 1978 822 2018 quia
857 1978 1006 2008 doctrina
1042 1978 1083 2008 de

105 2019 186 2057 fide,
220 2029 299 2051 vera
332 2019 541 2050 invocatione
575 2025 607 2051 et
629 2020 670 2050 de
694 2021 782 2050 veris
807 2019 948 2051 cultibus
971 2021 1082 2061 ignota

105 2068 172 2100 est,
202 2061 303 2093 multa
325 2068 463 2103 peccata
487 2069 688 2093 concurrunt
710 2063 742 2093 in
767 2063 911 2103 ipsorum
937 2072 1082 2094 ceremo-

105 2105 182 2135 niis:
205 2104 306 2135 Falso
339 2110 454 2144 putant
488 2114 562 2135 esse
597 2103 703 2136 cultus
739 2115 840 2145 opera
873 2105 1081 2136 traditionum

104 2147 340 2182 humanarum3
371 2145 516 2177 Coenam
540 2146 670 2178 Domini
693 2147 874 2187 depravant
897 2147 1081 2188 multiplici·

104 2196 153 2221 ter
182 2194 214 2219 et
246 2189 308 2220 has
340 2189 430 2229 ipsas
464 2189 600 2220 vitiosas
625 2191 828 2221 ceremonias
853 2189 1025 2222 conferunt
1048 2192 1080 2222 in

105 2237 286 2273 quaestum.
322 2231 414 2262 Haec
438 2238 575 2272 peccata
598 2233 695 2263 etiam
719 2243 792 2264 cum
816 2232 880 2264 hoc
903 2240 1080 2275 praecepto

103 2281 249 2316 pugnant
274 2279 307 2305 et
328 2272 479 2315 polluunt
501 2274 691 2306 Sabbatum.

189 2315 440 2358 Appellationes
464 2317 635 2355 virtutum,
670 2327 751 2358 quas
775 2319 920 2349 continet
942 2319 1078 2359 primum

104 2366 325 2401 praeceptum,
348 2360 445 2390 etiam
468 2360 510 2390 ad
534 2360 598 2390 duo
622 2361 791 2401 sequentia
813 2361 986 2401 pertinent.

339 2443 399 2475 DE
423 2443 631 2476 SECUNDA
654 2444 844 2476 TABULA.

187 2528 324 2560 Etiamsi
358 2535 484 2560 tantum
506 2529 638 2570 politica
661 2530 728 2561 vita
762 2529 815 2561 hic
838 2531 1076 2569 institueretur,

104 2578 213 2603 tamen
237 2581 423 2613 agnoscere
446 2571 620 2604 humanam
634 2573 789 2605 rationem
803 2580 981 2614 oporteret,
995 2574 1076 2614 opti-

1129 1520 1183 1540 um
1218 1516 1249 1541 et
1272 1511 1473 1544 iudiciorum.
1520 1513 1555 1544 ln
1583 1514 1635 1545 his
1659 1515 1818 1557 exemplis
1842 1517 2013 1549 manifeste
2038 1529 2105 1550 cer-

1129 1553 1234 1583 nimus
1259 1552 1485 1586 confusionem
1519 1557 1644 1588 ordinis
1677 1558 1814 1590 instituti
1847 1570 1867 1590 a
1896 1560 1981 1591 Deo.
2028 1561 2105 1592 Ideo

1130 1595 1297 1626 discamus
1331 1597 1363 1627 in
1385 1597 1478 1640 Lege
1500 1597 1563 1630 Dei
1587 1610 1653 1631 non
1677 1607 1802 1632 tantum
1826 1602 1866 1633 de
1891 1605 2034 1635 externis
2058 1603 2104 1635 fa-

1130 1637 1191 1667 ctis
1215 1638 1295 1675 dici,
1319 1640 1379 1670 sed
1401 1643 1555 1672 accusari
1578 1648 1681 1674 totam
1706 1646 1946 1677 contumaciam
1968 1653 2105 1679 naturae

1128 1679 1302 1719 humanae,
1337 1692 1397 1713 seu
1434 1682 1660 1716 confusionem
1695 1687 1818 1717 ordinis
1852 1688 2038 1720 interiorem
2073 1695 2104 1720 et

1130 1723 1346 1760 exteriorem3
1370 1724 1481 1760 Quare
1503 1728 1535 1757 in
1560 1727 1623 1758 fine
1645 1729 1756 1760 addita
1779 1736 1854 1760 sunt
1871 1738 2049 1772 praecepta
2064 1733 2103 1763 de

1130 1767 1413 1806 concupiscentia,
1447 1779 1531 1810 quae
1565 1769 1657 1801 clare
1685 1771 1864 1812 loquuntur
1887 1774 1928 1804 de
1950 1774 2103 1806 interiore

1129 1810 1344 1841 contumacia.

1214 1850 1309 1883 Nunc
1349 1853 1448 1894 igitur
1486 1864 1716 1894 percurremus
1751 1856 1874 1898 reliqua
1916 1866 2102 1901 praecepta.

1128 1903 1212 1934 quae
1241 1905 1313 1925 cum
1343 1896 1406 1926 sint
1429 1895 1576 1936 politica,
1607 1897 1748 1929 Primum
1772 1901 1860 1931 scias
1878 1899 1984 1932 Deum
2008 1913 2102 1943 prae-

1128 1936 1247 1976 cipere,
1270 1943 1305 1968 ut
1328 1938 1358 1968 in
1382 1937 1446 1968 hac
1468 1938 1600 1979 politica
1619 1941 1777 1973 societate
1799 1943 1960 1982 vivamus,
1982 1944 2014 1975 in
2038 1956 2099 1986 qua

1129 1977 1196 2009 vult
1226 1980 1452 2019 innotescere,
1482 1981 1551 2013 vult
1575 1993 1636 2013 nos
1660 1993 1817 2015 exercere
1841 1985 1935 2017 fidem
1959 1994 1988 2017 et
2011 1988 2101 2018 invo-

1127 2022 1288 2053 cationem
1318 2023 1348 2053 in
1361 2025 1407 2061 ⁸⁷)
1438 2026 1664 2057 communibus
1688 2026 1842 2067 periculis
1866 2034 1896 2058 et
1919 2028 2100 2061 laboribus.

1126 2063 1194 2094 vult
1218 2065 1364 2096 exerceri
1382 2065 1590 2098 dilectionem
1607 2078 1687 2110 erga
1710 2069 1871 2108 homines,
1894 2078 1927 2101 et
1949 2071 2099 2114 singulos

1126 2107 1293 2138 subiectos
1329 2117 1405 2139 esse
1439 2111 1600 2141 communi
1630 2113 1779 2143 servituti
1814 2120 1948 2153 propter
1981 2115 2098 2154 ipsum.

1125 2148 1194 2180 vult
1223 2150 1266 2181 ibi
1292 2148 1403 2181 lucere
1432 2150 1675 2184 confessionem
1703 2162 1869 2192 nostram,
1898 2162 1933 2187 ut
1960 2156 2013 2188 alii
2043 2158 2098 2188 do-

1126 2198 1260 2222 ceantur
1283 2198 1315 2223 et
1337 2193 1514 2226 invitentur
1536 2196 1577 2225 ad
1597 2197 1794 2237 agnitionem
1811 2204 1841 2228 et
1859 2199 2007 2230 timorem
2023 2200 2098 2236 Dei,

1125 2235 1210 2266 sicut
1228 2235 1384 2276 scriptum
1400 2242 1451 2268 est
1475 2237 1603 2276 [Matth.
1616 2239 1647 2276 5,
1664 2239 1739 2278 16.]:
1762 2239 1886 2271 Luceat
1909 2241 1965 2272 lm<
1985 2250 2094 2274 vestra

1125 2287 1236 2308 coram
1258 2276 1453 2310 hominibus.
1487 2279 1562 2311 Non
1585 2280 1654 2312 vult
1667 2281 1851 2314 Samuelem
1869 2289 1925 2314 aut
1936 2283 2095 2316 Davidem

1123 2318 1226 2350 latere
1255 2320 1287 2350 in
1311 2320 1487 2353 solitudine
1511 2329 1542 2354 et
1565 2333 1667 2363 specu
1690 2323 1818 2366 aliquo,
1846 2332 1877 2356 et
1899 2332 2022 2358 tantum
2046 2339 2095 2358 ar-

1123 2363 1214 2393 canis
1245 2365 1436 2394 ceremoniis
1468 2375 1607 2403 vacare,
1644 2368 1703 2398 sed
1733 2367 1803 2399 vult
1832 2377 1889 2399 eos
1920 2370 1950 2399 in
1982 2370 2093 2400 mediis

1122 2403 1276 2436 fluctibus
1306 2412 1337 2436 et
1360 2406 1516 2446 procellis
1540 2409 1787 2450 gubernationis
1810 2413 1954 2448 versari.
1990 2419 2020 2442 et
2051 2413 2092 2442 ibi

1122 2446 1332 2478 circumferre
1356 2449 1538 2481 doctrinam
1563 2451 1715 2483 divinitus
1739 2453 1899 2484 traditam.
1937 2452 2014 2484 Vult
2034 2464 2091 2485 eos

1118 2584 1164 2615 87)
1183 2584 1218 2616 in]
1240 2585 1311 2611 Editt.
1333 2588 1403 2612 1—3.
1424 2588 1444 2612 6.
1465 2589 1487 2612 7,
1512 2590 1534 2613 9.
1554 2595 1577 2613 et
