2358 2933
223 106 283 138 867

224 205 314 227 terno
338 196 477 226 Domino
501 202 613 225 nostro
639 194 709 223 lesu
729 194 859 224 flu-isto
884 202 913 224 et
929 196 1050 234 Spiritu
1075 202 1191 225 sancto

223 248 288 269 tuo.
313 239 398 278 quod
423 246 454 267 te
477 239 634 267 immensa
659 238 802 266 bonitate
825 236 1192 276 patefecistiEcclesiae

223 288 308 310 tuae.
327 290 355 310 ct
372 279 493 309 Filium.
519 287 616 308 tuum.
637 278 809 308 Dominum
823 286 969 309 nostrum
984 279 1087 309 lesum
1101 278 1193 309 (bri—

224 330 320 352 stum.
343 323 467 351 misisti.
492 328 522 350 ιιι
544 331 602 359 pro
627 321 722 350 nobis
748 321 877 350 victima
891 320 1035 352 tim-«enm
1049 331 1107 360 per
1120 332 1191 350 eum

225 366 317 394 nobis
340 365 517 393 ‹lonnretur
542 363 688 392 remissio
712 370 920 402 peccatorum
940 370 969 393 et
996 364 1058 393 vita
1086 369 1190 392 aeter-

224 417 280 436 na:
307 406 341 435 lit
366 406 452 445 quod
476 404 556 434 hace
579 412 630 434 tua
655 405 808 434 immensa
834 405 990 435 beneficia
1014 415 1072 444 per
1086 405 1191 435 Evan-

224 447 339 489 gelium
374 455 402 476 et
429 449 642 477 Sacramenta
668 454 719 476 tua
744 448 838 476 nobis
863 448 1006 486 impertis
1030 454 1063 477 et
1087 446 1191 476 Evan-

223 490 294 529 gelii
325 490 534 519 ministerium
568 496 596 518 et
623 488 803 518 Ecclesiam
837 499 970 520 serras.
1005 499 1065 518 nec
1090 488 1189 518 deleri

223 534 312 562 sinis.
358 531 484 562 [tinam
510 532 592 571 grati
616 532 740 560 ardenti
766 538 898 570 pectore
922 532 1085 570 possimus
1104 529 1189 561 hanc

224 584 343 603 tuntum
369 575 542 603 bonitatem
568 581 652 603 tuam
677 581 706 602 et
733 574 874 613 ingentia
901 574 1056 603 beneficia
1082 574 1189 603 consi-

222 618 337 645 derare
360 624 387 645 ct
413 614 591 645 celebrare.
636 616 704 644 Sed
728 623 759 645 te
783 626 857 647 oro.
880 623 912 645 ut
939 616 1103 645 accendas
1129 625 1188 645 nos

221 659 341 697 Spiritu
376 665 492 687 sancto
527 666 592 689 tuo.
617 664 648 687 ut
675 667 750 687 rere
773 659 835 687 sint
860 665 973 697 gnatae
996 666 1133 694 mentes,
1157 664 1188 688 et

222 700 325 730 luceat
351 701 544 730 iunioribus
569 701 690 729 nostris
710 700 874 739 gratitudo
899 707 961 730 etc.

305 784 374 814 Tibi
399 785 506 814 etiam.
532 783 601 813 lesu
626 783 756 814 Christe
781 783 837 813 Fili
858 783 930 820 Dei,
954 782 1110 814 crucifixe
1128 794 1187 823 pro

221 828 315 856 nobis
350 835 379 856 et
415 826 625 856 resuscitate.
660 836 723 866 ago
758 826 898 866 gratias,
944 826 1030 866 quod
1065 826 1187 865 ingenti

220 879 329 899 tunore
344 879 421 907 erga
447 879 506 897 nos
531 869 744 898 intercessisti
769 869 853 907 apud
877 874 1045 897 aeternum
1060 867 1188 897 Patrem

220 921 278 951 pro
303 921 423 951 genere
447 910 588 939 bunmno
613 917 643 940 et
664 910 770 939 lactus
795 920 830 940 es
855 910 984 940 victima
1007 919 1068 949 pro
1092 910 1187 939 nobis

221 961 249 983 et
274 954 304 982 in
329 960 359 982 te
384 953 540 982 derivasti
564 953 643 982 iram
655 952 716 982 Dei
731 953 892 982 adversus
911 958 1024 983 nostra
1036 958 1188 991 peccata3

220 995 374 1025 Act-ende
408 994 509 1024 corda
543 1001 666 1031 nostra,
700 1002 732 1025 ιιι
768 994 831 1024 hoc
855 996 971 1034 ingens
997 994 1187 1024 beneficium

218 1044 304 1067 tuum
336 1037 438 1077 inagis
473 1035 691 1077 intelligamus
722 1043 752 1067 et
788 1047 862 1067 vera
887 1037 1081 1078 gratitudine
1104 1035 1187 1067 cele-

219 1080 349 1109 bremus
373 1088 436 1109 ete.

302 1120 414 1151 Talem
436 1120 575 1161 aliquam
595 1119 731 1151 formam
755 1131 946 1161 expressam
970 1122 1118 1151 rudiores
1142 1127 1187 1150 te-

219 1172 337 1200 neant,-
365 1171 398 1193 ιιι
434 1173 471 1192 se
503 1163 544 1192 ad
579 1164 808 1204 cogitationem
839 1163 952 1193 harum
976 1164 1185 1193 maximarum

219 1217 323 1236 rerum
358 1206 549 1235 exuscitcnt.
596 1206 677 1235 Nam
712 1206 795 1235 tides
817 1204 913 1236 alitur
936 1212 967 1235 et
997 1205 1186 1236 accenditur

219 1249 424 1288 cogitatione.
471 1247 621 1277 Moretur
655 1248 792 1279 animus.
826 1258 899 1278 cum
933 1248 1060 1288 cogitas
1098 1247 1184 1277 iusti-

219 1292 291 1320 tiam
312 1290 371 1320 Dei
396 1300 555 1326 severam,
580 1290 667 1330 quod
691 1300 755 1319 non
780 1291 901 1320 remisit
925 1296 1095 1329 peccatum
1113 1289 1184 1319 sine

218 1333 338 1372 pretio,
374 1342 449 1362 vere
473 1333 570 1373 igitur
588 1339 618 1362 ct
642 1331 838 1362 horribiliter
860 1333 1012 1362 irascitur
1034 1337 1182 1371 peccato.

217 1375 280 1405 lam
315 1382 456 1415 (punitus
490 1384 581 1404 amor
604 1373 673 1404 filii
709 1382 770 1411 est,
804 1375 891 1415 quod
914 1374 1099 1404 intercessit
1123 1383 1183 1413 pro

218 1419 310 1447 nobis
335 1425 363 1447 ct
388 1419 467 1448 iram
492 1419 522 1447 iu
547 1428 584 1447 se
607 1418 786 1447 derivavit?
832 1416 959 1451 Quanta
991 1415 1073 1445 haec
1097 1416 1183 1445 abie-

218 1461 281 1490 ctio
305 1461 354 1489 sni
379 1459 456 1490 fuit?
480 1461 567 1500 quod
592 1460 690 1490 iacuit
716 1470 826 1489 coram
838 1458 911 1488 Deo
936 1458 1080 1487 sentiens
1103 1458 1183 1487 iram

217 1504 285 1533 eius
319 1510 470 1543 tanquam
504 1501 649 1542 pollutus
683 1503 744 1532 tuis
779 1508 810 1531 et
843 1506 891 1531 tot
925 1501 1183 1539 turpissimorum

216 1545 377 1575 bominum
402 1545 544 1585 flagitiis.
570 1544 678 1574 idolis.
698 1543 883 1574 libidinibus
903 1548 933 1572 et
956 1541 1028 1572 aliis
1042 1542 1182 1581 probris.

216 1589 299 1622 Quid
335 1599 395 1617 nos
428 1588 656 1626 superbimus?
690 1597 761 1616 cum
791 1585 877 1615 filius
900 1584 962 1615 Dei
996 1585 1028 1614 in
1063 1589 1184 1614 tautam

216 1629 425 1660 humilitatem
464 1639 539 1659 sese
576 1630 742 1659 abiecerit.
810 1627 900 1658 Haec
941 1628 971 1657 in
1007 1627 1183 1667 gratiarum

216 1674 344 1703 actione
369 1674 515 1713 cogitare
536 1670 617 1701 utile
641 1677 701 1701 est.

300 1716 426 1747 'fortius
461 1714 534 1744 finis
558 1714 706 1749 accedat,
741 1711 891 1743 videlicet
915 1717 949 1741 ut
967 1716 1055 1740 tuum
1078 1720 1185 1739 exem-

217 1762 302 1803 plum
326 1759 427 1800 prosit
440 1758 479 1788 ad
499 1756 695 1786 retinendam
709 1753 871 1795 publicam
885 1752 1184 1794 congregationem.

217 1806 298 1835 Nam
323 1804 349 1833 si
368 1802 460 1842 pauci
486 1806 652 1830 uterentur
665 1798 879 1828 Sacramento
904 1801 933 1825 et
957 1793 1114 1835 paulatim
1128 1793 1185 1823 ho-

217 1848 318 1877 mines
343 1845 582 1875 abducerentur
605 1842 646 1871 ab
670 1840 734 1869 hoc
758 1848 955 1879 congressu,
981 1835 1185 1867 tandemEe-

217 1888 338 1919 clesiae
372 1895 508 1927 prorsus
532 1883 806 1914 obliviscerentur
828 1879 980 1920 publicae
1003 1888 1185 1918 congrega-

217 1931 323 1961 tionis.
358 1929 549 1959 concionum
583 1932 613 1955 et
644 1923 857 1959 Sacramenti,
890 1923 973 1952 sicut
1005 1921 1125 1952 accidit
1154 1920 1186 1949 in

216 1964 332 2009 magna
356 1976 448 2011 parte
470 1969 559 1999 orbis
581 1974 751 2002 terrarum,
780 1966 834 1996 ubi
857 1963 920 1994 soli
944 1962 1120 1994 sacrificuli
1143 1961 1187 1992 le-

219 2005 297 2056 gunt
331 2013 463 2048 Missas,
493 2009 632 2050 populus
666 2010 759 2038 abest
793 2018 812 2037 a
841 2005 982 2046 templis,
1016 2015 1077 2035 nec
1099 2005 1188 2035 audit

219 2057 408 2087 conciones.
432 2064 491 2084 nec
514 2051 664 2092 intelligit
682 2061 776 2081 usum
800 2049 1012 2080 Sacramenti.

302 2098 360 2128 Est
394 2103 501 2127 autem
533 2095 718 2124 mandatum
741 2092 820 2128 Dei,
852 2097 883 2121 ut
907 2090 1025 2131 singuli
1048 2099 1109 2120 suo
1132 2099 1188 2119 ex-

221 2139 327 2181 emplo
350 2140 485 2169 invitent
506 2136 590 2167 alios
614 2136 655 2166 ad
678 2135 763 2165 hanc
786 2133 948 2174 publicam
961 2132 1189 2173 congregatio-

221 2194 304 2214 nem.
328 2188 361 2212 ιιι
385 2182 479 2211 docet
502 2184 711 2219 praeceptum
735 2177 774 2206 de
797 2176 961 2211 Sabbato,
997 2175 1072 2213 quia
1095 2173 1188 2204 Deus

222 2224 288 2256 vult
314 2223 522 2254 ministerium
546 2231 621 2251 esse
645 2218 821 2260 publicum,
845 2217 913 2248 vult
925 2216 1056 2257 publice
1068 2225 1189 2246 sonare

223 2277 336 2297 vocem
359 2263 538 2305 Evangelii,
572 2262 641 2293 vult
669 2271 782 2292 omnes
815 2260 901 2290 hanc
933 2260 1045 2290 audire
1079 2264 1110 2288 et
1144 2258 1188 2288 di-

223 2319 328 2340 scere.
385 2302 537 2337 Promisit
570 2306 667 2335 etiam
700 2314 737 2333 se
766 2302 993 2333 interfuturum
1027 2300 1078 2330 his
1112 2309 1189 2330 con-

224 2351 392 2393 gressibus
427 2355 458 2378 et
491 2357 608 2387 preces
642 2346 886 2382 exauditurum,
919 2350 954 2374 ut
988 2343 1102 2374 Matth.
1140 2342 1188 2373 18.

226 2398 286 2430 [vs.
309 2393 373 2429 204
399 2391 487 2421 clare
510 2390 639 2420 dicitur:
676 2389 736 2418 Ubi
759 2394 835 2417 sunt
857 2387 921 2417 duo
945 2392 998 2416 aut
1022 2392 1090 2416 tres
1114 2395 1190 2415 eon·

226 2436 350 2475 gregati
374 2435 405 2464 in
426 2434 554 2463 nomine
578 2441 660 2467 meo,
694 2431 724 2460 in
748 2431 853 2460 medio
877 2439 987 2459 eorum
1012 2438 1093 2457 sum.
1139 2426 1190 2457 De

226 2470 418 2518 §uacunque
451 2484 487 2504 re
521 2475 584 2503 duo
608 2473 833 2503 consenserint
858 2478 919 2501 etc.
945 2470 999 2500 fiet
1022 2471 1068 2499 eis
1087 2480 1106 2499 a
1130 2469 1190 2498 Pa-

225 2526 273 2551 tre
296 2529 366 2549 meo
391 2515 535 2547 coelesti.
580 2515 648 2545 Hac
672 2514 858 2545 dulcissima
876 2513 1091 2553 promissione
1104 2522 1191 2542 com-

845 100 957 132 ruth.
980 101 1084 132 MEL.
1108 101 1291 133 SCRIPTA
1314 98 1590 134 DGGMATch.

2145 94 2166 105 Λ
2169 94 2211 103 uus

2146 119 2210 139 000

1213 196 1364 226 tmendat
1398 197 1492 226 nobis
1526 196 1677 226 Christus
1710 195 1874 235 publicam
1909 200 2207 239 congregationem,

1213 228 1302 268 ‘vult
1327 248 1387 267 nos
1411 248 1520 268 auiare
1544 244 1669 271 coetus,
1700 237 1881 268 Ecclesiam
1913 249 1988 270 esse
2011 242 2205 279 κοινωνικούς,

1235 280 1301 309 odit
1325 280 1556 309 distractiones
1580 286 1610 309 et
1633 281 1876 319 dissipationes.

1214 355 1215 358 Ἴ
1320 322 1462 356 Quartus
1498 322 1570 351 linis
1606 327 1657 351 est
1690 320 1866 352 Confessio
1902 323 2080 354 doctrinae.
2125 323 2208 356 Cum

1212 361 1215 388 ἱ
1234 364 1335 393 sumis
1360 365 1618 393 Saotanientum.
1643 365 1790 393 ostendis
1815 370 1845 394 te
1868 365 1938 394 eius
1961 364 2132 396 Ecclesiae
2151 367 2207 396 do-

1235 406 1370 435 ctrinam
1405 407 1589 444 approbare
1624 411 1655 435 et
1690 405 1776 435 velle
1815 407 1993 437 membmm
2026 417 2103 438 esse
2137 409 2207 440 eius

1235 454 1360 483 coetus,
1384 458 1455 477 cum
1479 458 1543 487 quo
1568 448 1744 477 manducas
1767 458 1897 487 agnum.

1319 490 1457 523 Quintus
1482 491 1554 519 linis
1578 496 1644 519 est:
1667 489 1768 519 Sinml
1789 491 1986 520 immunem-e
2008 496 2138 521 mutuae
2161 492 2206 521 di-

1234 530 1384 561 lectionis
1410 531 1571 561 vinculum
1596 538 1656 561 est.
1687 532 1779 561 sicut
1802 530 1877 561 olim
1890 533 2135 563 usitatissimum
2148 532 2207 564 suit

1233 574 1264 603 in
1300 572 1458 603 faciendis
1492 572 1679 604 foederibus
1711 575 1801 603 vesei
1833 575 1946 604 iisdem
1969 576 2068 605 rebus
2092 585 2207 605 conse-

1233 616 1342 645 cratis
1411 615 1451 645 Et
1486 614 1606 646 l'aulus
1641 616 1791 646 admonet
1827 616 1914 646 hant·
1948 618 2207 647 communionem

1233 656 1396 688 vinculum
1431 667 1506 687 esse
1535 664 1664 688 mutuae
1687 657 1885 689 dilectionis:
1930 659 2015 688 sicut
2039 659 2133 698 panis
2157 664 2208 689 est

1232 710 1329 733 unus,
1353 700 1393 729 ita
1419 699 1508 729 multi
1533 710 1645 730 sumus
1668 711 1765 730 unum
1789 710 1922 739 corpus.
1957 701 2047 730 llaec
2070 701 2111 731 de
2134 700 2204 730 fini-

1233 742 1294 771 bus
1318 742 1360 770 ita
1384 740 1619 781 intelligantur,
1654 752 1694 772 ne
1717 741 1905 782 p1·incip·1lis
1931 743 2003 772 finis
2027 743 2204 779 omittatur,

1233 793 1316 813 neve
1338 782 1461 824 aliquid
1485 782 1678 824 affingatur,
1702 785 1788 823 quod
1812 792 1935 825 pugnet
1949 795 2020 815 cum
2034 783 2204 824 principali

1234 825 1307 861 tine,
1341 831 1373 855 et
1407 826 1589 856 doctrinam
1623 826 1663 856 de
1692 836 1771 856 vero
1794 836 1858 856 usu
1881 827 2082 857 Sacramenti
2107 832 2139 857 et
2162 828 2203 857 de

1233 868 1387 897 exercitio
1411 868 1485 898 fidei
1510 869 1637 898 obruat.

1500 993 1557 1024 De
1585 995 1710 1025 tertio
1740 995 1935 1035 eapite-⁰²³)

1319 1078 1381 1112 Qui
1405 1079 1468 1108 siut
1492 1079 1692 1109 admittendi.
1712 1088 1752 1108 ex
1777 1079 1864 1109 dicto
1889 1078 1982 1108 Pauli
2005 1079 2087 1108 satis
2111 1076 2202 1108 intel·

1232 1119 1288 1161 ligi
1312 1126 1420 1159 potest
1444 1120 1577 1157 [LCor.
1600 1121 1649 1155 ll,
1673 1121 1758 1159 294:
1784 1121 1844 1155 Qui
1863 1121 2039 1151 manducat
2059 1120 2202 1160 indigne,

1231 1163 1380 1192 iudicium
1412 1163 1473 1192 sibi
1507 1163 1693 1193 manducat.
1748 1162 1887 1193 Sumunt
1920 1168 2028 1193 autem
2061 1162 2203 1202 indigne,

1231 1210 1266 1234 ut
1300 1206 1419 1235 dictum
1455 1210 1516 1242 est,
1551 1205 1606 1245 qui
1639 1211 1854 1244 perseverant
1878 1205 1910 1235 in
1934 1203 2062 1235 delictis
2086 1210 2203 1235 contra

1231 1247 1465 1276 conscientiam
1488 1256 1548 1276 seu
1572 1245 1751 1276 manifestis
1775 1256 1835 1277 seu
1858 1248 2008 1284 areanis,
2038 1247 2114 1276 item
2148 1246 2202 1286 qui

1230 1298 1296 1318 non
1320 1288 1458 1319 afferunt
1483 1289 1715 1327 poenitentiam
1738 1294 1769 1318 et
1788 1288 1895 1318 fidem.

1316 1330 1383 1361 Sed
1406 1331 1542 1360 ministri
1566 1331 1709 1360 iudicare
1733 1340 1798 1360 non
1821 1334 1970 1369 possunt,
1994 1330 2056 1359 nisi
2080 1330 2120 1359 de
2134 1339 2202 1359 ma-

1229 1371 1356 1402 nifestis
1396 1371 1533 1402 delictis.
1589 1371 1734 1402 Arceant
1769 1382 1848 1412 ergo
1883 1381 1960 1408 eos,
1998 1371 2053 1411 qui
2086 1370 2203 1411 polluti

1229 1413 1413 1444 manifestis
1450 1413 1580 1444 delictis
1604 1424 1669 1444 non
1704 1415 1876 1444 emendant
1910 1423 1957 1442 se.
2023 1412 2065 1443 Et
2092 1413 2202 1443 memi-

1229 1457 1335 1486 nerint
1357 1457 1523 1496 praecepti
1547 1454 1674 1492 [Matth.
1690 1456 1792 1494 7,6.]:
1814 1454 1925 1485 Nolite
1948 1459 2099 1485 sanetum
2123 1455 2203 1485 dare

1230 1499 1377 1528 canibus.

1316 1539 1398 1570 lllud
1423 1540 1520 1570 etiam
1543 1539 1770 1570 acl-Pastorum
1794 1538 1939 1569 officium
1961 1539 2116 1579 pertinet:
2137 1537 2202 1570 Ex—

1229 1581 1361 1622 plorare
1398 1583 1579 1611 doctrinam
1599 1587 1629 1611 et
1652 1582 1748 1611 fidem
1779 1580 1981 1622 singulorum
2004 1581 2036 1610 in
2061 1578 2202 1620 populo;

1229 1624 1270 1654 Et
1292 1623 1438 1664 profiteri
1462 1623 1558 1654 fidem
1582 1629 1613 1654 et
1636 1624 1827 1659 ostendere,
1861 1623 1938 1663 quid
1961 1623 2138 1654 sentiamus
2162 1622 2202 1652 de

1231 1667 1390 1703 doctrina,
1415 1666 1502 1705 apud
1526 1666 1683 1696 Pastores
1707 1664 1826 1706 singuli
1840 1666 2005 1696 debemus.
2030 1665 2123 1696 Sicut
2141 1663 2203 1694 Pe-

1231 1715 1301 1739 trus
1325 1709 1494 1748 praecipit,
1520 1714 1552 1738 ut
1576 1708 1679 1748 parati
1704 1708 1805 1738 simus
1820 1708 1956 1738 reddere
1979 1707 2138 1737 rationem
2161 1707 2202 1737 de

1231 1751 1294 1781 fide
1319 1756 1444 1780 nostra.

1317 1793 1379 1827 Qui
1414 1802 1493 1823 vero
1516 1798 1617 1832 agunt
1640 1792 1873 1831 poenitentiam
1897 1797 1928 1821 et
1951 1791 2038 1821 serio
2062 1799 2202 1830 expave-

1231 1841 1344 1867 scuntq
1380 1834 1412 1864 hi
1445 1844 1512 1864 nou
1546 1833 1674 1874 fugiant
1703 1834 1906 1864 Sacramenti
1939 1842 2035 1863 usum
2067 1837 2204 1872 propter

1230 1878 1358 1916 priores
1381 1875 1512 1916 lapsus3
1537 1876 1602 1906 Sed
1625 1877 1732 1906 sciant
1754 1876 1827 1906 ideo
1851 1875 1914 1906 hoc
1937 1881 2061 1905 tantum
2085 1874 2202 1915 pignus

1231 1919 1433 1959 propositum
1457 1928 1544 1955 esse,
1567 1924 1602 1948 ut
1624 1917 1706 1948 fides
1731 1918 1771 1948 de
1789 1918 1982 1948 remissione
1992 1922 2203 1956 peccatorum

1231 1961 1432 1991 accendatur
1461 1966 1493 1990 et
1526 1959 1758 1996 confirmetur,
1802 1965 1834 1989 et
1867 1968 1959 1989 mens
1994 1957 2204 1989 reconciliata

1231 2002 1304 2033 Deo
1328 2012 1442 2033 rursus
1465 2012 1538 2033 eum
1562 2003 1693 2032 invocet
1708 2008 1739 2031 et
1749 2002 1872 2031 serviat
1887 2002 1917 2030 ei
1935 2002 2021 2031 bona
2033 2001 2204 2030 conscien-

1232 2046 1286 2075 tia.
1320 2045 1447 2075 Nitatur
1469 2054 1561 2074 mens
1585 2054 1650 2073 non
1673 2044 1804 2083 propria
1827 2044 1981 2083 dignitate
1999 2048 2031 2072 et.
2052 2043 2204 2082 puritate,

1232 2093 1268 2118 ut
1279 2087 1381 2118 Filius
1403 2087 1561 2127 prodigus
1585 2086 1715 2117 rediens
1738 2086 1778 2116 ad
1801 2091 1926 2125 patrem
1950 2094 2014 2114 non
2037 2084 2205 2124 praedicat.

1234 2140 1295 2160 sua
1319 2128 1428 2159 officia
1451 2135 1483 2159 et
1506 2129 1630 2164 merita,
1663 2129 1722 2159 sed
1745 2128 1912 2167 agnoscit,
1936 2131 2074 2157 accusat
2095 2131 2127 2156 et
2149 2126 2204 2156 de·

1234 2171 1341 2212 plorat
1359 2181 1453 2202 suam
1476 2169 1622 2210 culpam:
1654 2170 1701 2201 lta
1719 2180 1780 2200 nos
1804 2174 1935 2199 nostras
1959 2169 2078 2199 sordes
2101 2173 2203 2208 agno'-

1234 2224 1366 2244 scamus
1400 2219 1431 2243 et
1465 2222 1674 2249 accusemne,
1704 2218 1735 2243 et
1764 2211 1992 2252 confugiamus
2015 2211 2057 2241 ad
2078 2209 2203 2240 miseri-

1234 2256 1377 2286 cordiam
1400 2261 1534 2295 propter
1556 2254 1722 2285 Christum
1755 2255 1963 2293 promissam,
1993 2253 2087 2283 cuius
2108 2252 2203 2282 mise—

1234 2299 1394 2328 ricordiae
1416 2298 1535 2338 pignus
1559 2303 1609 2327 est
1631 2297 1714 2327 haec
1735 2297 1806 2336 ipsa
1830 2296 1953 2331 Coena,
1977 2295 2010 2324 in
2033 2300 2097 2334 qua
2111 2292 2203 2324 Chri-

1235 2346 1304 2371 stus
1328 2350 1388 2370 nos
1412 2341 1473 2370 sibi
1497 2346 1649 2380 tanquam
1672 2340 1816 2370 membra
1839 2337 1988 2378 adiungit.
2010 2342 2042 2366 et.
2065 2341 2203 2366 testatur

1235 2382 1348 2413 donari
1382 2383 1476 2413 nobis
1510 2381 1736 2412 remissionem
1758 2385 1967 2420 peccatorum
1990 2379 2104 2420 gratis,
2137 2376 2201 2408 hoc

1213 2514 1215 2527 ¹
1236 2518 1282 2548 33)
1302 2519 1381 2548 capite
1399 2518 1532 2543 omittunt
1550 2517 1622 2542 Editt.
1641 2517 1664 2540 6.
1685 2516 1709 2538 7.
1731 2516 1769 2538 12.
