2358 2933
107 121 168 154 109

123 216 178 246 (14,
203 217 239 246 fl·)
258 211 419 254 poenam?
441 211 617 252 Atqui-ubi
641 212 841 243 conscientia
853 210 993 251 perculit
1012 212 1079 241 ani-

169 382 196 402 15

170 594 201 612 20

139 855 179 884 25.

167 1226 193 1244 10

198 854 223 878 b.

167 1435 194 1454 15

163 1646 194 1664 20

134 1864 173 1893 26,

114 2279 168 2310 (14,
192 2281 228 2310 h.)
246 2279 511 2316 similium‚'sint
545 2281 705 2313 mirabilia
734 2284 861 2315 divinae
891 2285 1070 2315 maiestatis

159 2316 185 2334 10

193 1871 216 1889 a.

586 120 608 150 1.
634 119 734 151 LOCI
755 118 1034 150 THEOLOGICI:
1057 118 1096 150 B.
1120 118 1261 150 PRIMA
1283 117 1440 149 EORUM
1463 117 1618 148 AETAS.

258 265 356 291 mum,
379 254 443 284 iam
465 254 509 284 ita
532 260 714 292 aversatur,
738 260 770 285 et
793 253 948 284 exhorret
971 253 1079 290 deum,

258 302 293 327 ut
327 295 514 327 carnificem
548 295 729 334 crudelem,
770 301 803 326 et.
836 296 1013 332 vindicem,
1049 301 1081 326 et

259 339 347 379 quod
378 343 429 368 est
451 339 708 376 atrocissimum,
735 339 890 378 iniquum.
936 337 998 368 Hic
1020 337 1081 368 So-

260 380 391 421 phistae
420 381 498 421 quid
520 379 700 412 illi¹vestri
729 386 824 411 actus
858 379 975 416 eliciti,
1004 380 1081 420 quid

258 422 316 453 illa
339 424 475 464 egregia
496 428 608 454 vestra
630 422 795 460 voluntas,
820 433 917 463 quam
940 421 1081 452 finxistis

258 464 401 496 efficiet?
444 465 498 496 An
526 475 592 495 non
624 464 680 495 ille
703 466 771 495 irae
795 465 885 502 dies,
916 463 973 495 ille
994 464 1080 505 ignis

259 506 442 538 declarabit
476 506 556 537 nihil
585 507 646 537 nisi
675 507 881 538 mendacium
910 512 942 537 et
969 516 1081 537 cerus-

258 559 329 580 sam
353 559 429 580 esse
450 549 611 580 humanas
634 548 709 579 illas
732 548 825 579 liberi
849 549 973 579 arbitrii
991 549 1081 579 iusti-

260 592 346 622 tias?
369 597 401 622 et
431 601 559 622 omnem
582 591 722 632 gloriam
741 592 861 628 carnis,
874 599 877 616 ³
888 600 963 621 esse
978 590 1081 621 veluti

257 633 345 664 foeni
365 633 515 674 gloriam.
535 636 575 667 13)
631 633 749 664 Nonne
772 634 881 674 ignem
905 643 945 663 ac
968 632 1080 674 caligi-

256 686 343 713 nem,
365 677 463 706 immo
486 677 591 716 ipsam
610 676 706 706 etiam
725 675 812 706 Mosi
835 674 952 706 faciem
975 674 1081 706 resor-

258 718 403 749 midabat
431 717 554 755 Israel,
600 728 674 748 cum
706 717 761 749 lex
794 717 1080 759 promulgaretur?

257 760 375 790 Nonne
405 767 567 791 commota
595 766 663 798 est,
694 766 726 791 et
757 761 950 791 contremuit
981 766 1080 797 terra,

259 808 291 833 et
317 802 529 833 fundamenta
564 804 721 833 montium
759 804 953 833 conturbata
983 805 1080 839 sunt-⁸

261 850 291 875 et
341 851 503 875 commota
545 851 643 882 sunt,
688 846 841 886 quoniam
882 845 985 875 iratus
1031 850 1081 875 est

259 886 306 918 eis
336 887 440 917 deus?
479 887 547 918 Sed
576 887 639 918 hac
670 888 710 918 de
741 898 776 917 re
804 887 888 918 insra
917 893 951 917 ut
981 897 1080 927 spero

258 928 361 960 multa
389 930 470 959 satis
494 930 652 967 dicemus,
675 930 731 960 ubi
755 930 795 960 de
818 929 903 970 legis
923 931 954 959 vi
978 930 1080 959 disse-

257 977 356 1002 retur.
384 970 495 1002 Habes
519 971 624 1002 lector
642 972 695 1002 hic
717 973 855 1012 primum
878 982 944 1002 non
967 972 1080 1008 amari,

256 1014 319 1043 nisi
347 1023 431 1053 quae
462 1014 558 1043 nobis
578 1014 761 1044 cominioda
787 1020 873 1044 sunt.
924 1013 969 1043 At
998 1014 1079 1044 deus

257 1053 380 1085 nullius
411 1056 572 1085 commodi
598 1061 751 1095 respectu
779 1057 880 1086 amari
906 1055 995 1092 vult,
1021 1056 1079 1085 sed

256 1096 453 1134 liberaliter,
475 1096 592 1138 Neque
615 1098 699 1128 enim
718 1098 814 1128 deum
834 1104 931 1135 amat.
951 1098 1011 1128 sed
1028 1107 1079 1128 se-

257 1148 294 1169 se
318 1140 373 1178 qui
396 1140 603 1170 commodum
627 1146 723 1170 amat.
748 1146 779 1170 et
804 1147 919 1171 eontra
942 1150 1079 1180 pravum

255 1180 343 1211 hunc
355 1191 500 1212 amorem
519 1192 616 1222 quam
635 1182 737 1213 multa
759 1184 882 1223 passim
896 1183 1078 1222 scripturae

254 1230 397 1254 monent.
448 1224 659 1255 Subiicienda
684 1230 733 1255 est
759 1231 789 1255 et
824 1224 889 1256 alia
918 1225 1078 1265 quaedam
1100 1235 1101 1239 ¹

255 1266 383 1306 argutia
412 1275 478 1296 non
508 1266 683 1297 admodum
711 1266 788 1297 huic
812 1267 988 1304 absimilis,
1012 1277 1077 1297 non

254 1307 434 1338 absurdum
455 1309 559 1339 videri
585 1309 717 1346 debere,
740 1310 827 1350 quod
853 1310 971 1340 docent
997 1310 1077 1340 citra

255 1350 389 1390 spiritus
407 1350 513 1380 sancti
536 1361 688 1391 operam,
706 1361 807 1391 posse
825 1362 886 1382 nos
910 1352 1077 1383 ardentius

253 1401 364 1423 amare
384 1393 480 1423 deum
498 1402 595 1433 quam
623 1403 684 1424 nos
703 1394 794 1434 ipsos
814 1395 1077 1435 quandoquidem

255 1444 354 1474 saepe
373 1435 470 1465 etiam
487 1445 549 1475 pro
569 1436 703 1467 caducis
715 1438 835 1474 re‘bus,
854 1447 915 1477 pro
939 1436 1075 1467 homini—

254 1477 328 1513 bus,
350 1486 410 1517 pro
434 1478 620 1515 amoribus,
643 1488 704 1518 pro
727 1478 858 1515 liberis,
881 1482 942 1519 pro
966 1480 1077 1509 coniu-

255 1519 352 1559 gibus
375 1525 514 1550 mortem
532 1520 671 1550 obimus.
696 1519 758 1551 Hic
781 1521 859 1561 quid
883 1522 1076 1561 responderi

255 1561 372 1591 debeat
382 1571 423 1591 ex
431 1562 557 1592 ratione
575 1561 764 1594 adfectuum
776 1563 997 1605 colligendum
1016 1570 1077 1595 est.

255 1602 400 1633 Primum
431 1604 515 1634 enim
540 1614 636 1634 nemo
656 1606 778 1645 gaudet
800 1607 881 1636 mori
906 1616 966 1646 per
983 1612 1076 1637 natu-

257 1655 343 1681 ram,
367 1651 399 1675 et
422 1655 560 1685 quorum
585 1646 651 1677 vita
673 1646 936 1687 pro'Republica
958 1658 1018 1688 pro
1042 1659 1077 1679 re

255 1686 405 1717 familiari
424 1687 645 1727 periclitatur,
668 1688 715 1719 illi
738 1690 799 1729 ipsi
823 1689 920 1729 plane
943 1690 1077 1721 mallent

254 1730 377 1760 vivere.
421 1729 537 1760 Manet
561 1731 646 1760 enim
668 1732 780 1762 vivere
800 1731 942 1769 Curtius,
965 1732 1077 1763 mallet

254 1772 366 1802 vivere
389 1771 553 1802 Lucretia.
590 1772 656 1803 Sed
676 1774 751 1814 quia
774 1774 858 1804 adeo
877 1774 998 1815 refugit
1021 1775 1077 1805 ad-

253 1823 367 1851 versa,
398 1820 515 1844 natura
537 1814 696 1852 humana,
724 1815 886 1847 malumus
905 1827 970 1847 non
990 1826 1077 1854 esse,

252 1866 350 1896 quam
372 1855 458 1887 male
480 1866 573 1894 esse,
604 1867 702 1897 quam
729 1858 997 1899 alge1·e,'·Mallet
1030 1860 1076 1889 vi-

251 1908 330 1929 vere
349 1898 527 1939 Pyramus,
565 1900 624 1930 sed
648 1901 723 1940 quia
746 1900 931 1932 infoelicem
949 1902 1011 1932 sibi
1029 1902 1075 1932 vi-

253 1947 320 1971 tam
343 1941 521 1972 arbitratur
542 1940 695 1980 futuram,
714 1945 754 1979 ¹⁴)
773 1945 845 1974 sine
863 1943 985 1975 Thisbe
1003 1942 1074 1974 wilt

251 1984 446 2024 abrumpere
468 1984 501 2015 id
520 1984 606 2022 mali,
625 1991 658 2015 et
675 1984 765 2016 velut
786 1996 852 2016 una
875 1997 948 2017 oum
966 1987 1074 2017 anima

250 2036 384 2066 ponere.
429 2025 544 2058 Mallet
567 2028 680 2058 vivere
703 2027 795 2065 Saul,
815 2029 874 2059 sed
897 2026 993 2059 me'tu
1018 2030 1073 2059 de-

252 2068 382 2099 decoris
408 2075 439 2099 et
461 2070 510 2100 ira
533 2076 563 2100 et
583 2070 830 2110 desperatione,
861 2071 950 2102 velut
969 2071 1071 2102 semel

252 2110 402 2141 finiturus
422 2121 496 2141 cum
514 2112 580 2143 vita
603 2113 711 2143 omnia
734 2114 886 2151 adversa,
909 2114 1071 2154 abrumpit

251 2153 361 2183 vitam.
411 2153 478 2184 Sed
504 2155 580 2194 quid
605 2165 668 2196 ego
697 2162 845 2186 exactam
869 2157 952 2187 adeo
982 2156 1072 2187 adfe-

252 2202 361 2226 ctuum
373 2196 531 2227 rationem
544 2197 682 2228 reddere
702 2200 877 2236 contendo,
890 2209 963 2230 cum
976 2209 1071 2229 rarae

250 2238 333 2267 istae
358 2247 469 2276 neces,
492 2238 598 2279 qualis
618 2245 668 2270 est
690 2240 874 2279 Lucretiae,
898 2241 1019 2279 Saulis,
1039 2247 1071 2272 et

251 2322 410 2363 exempla.

99 2466 143 2497 13)
168 2466 198 2491 In
217 2472 298 2496 marg.
319 2468 391 2492 Editt.
413 2469 432 2492 1.
453 2468 474 2492 ⁵2.
494 2468 529 2492 ἐἵς
549 2469 601 2493 Non
622 2468 704 2492 ferent
722 2469 807 2498 ignem
829 2476 873 2494 seu
893 2470 1001 2499 gloriam
1015 2471 1069 2495 ml-

165 2502 205 2525 tus
225 2501 266 2525 dei
284 2501 412 2526 humanae
430 2502 549 2526 iustitiae.

99 2550 143 2581 14)
168 2551 210 2575 Ed.
229 2552 252 2576 7.
271 2552 317 2577 hoc
336 2553 468 2577 commatis
488 2553 587 2582 signum
607 2554 664 2582 post
688 2550 790 2576 Thisbe
809 2555 971 2584 transposuit.

1166 210 1233 241 Iam
1256 220 1340 251 quae
1362 211 1537 251 prodidere
1562 208 1749 250 Sophistae,
1772 208 1813 238 de
1833 208 1951 241 merito

1123 253 1330 293 congrui,¹⁵)
1349 251 1488 290 scilicet,
1512 253 1600 293 quod
1627 261 1669 282 ex
1697 250 1852 291 operibus
1881 259 1949 280 mo-

1123 293 1260 332 ralibus,
1282 295 1315 325 id
1338 301 1400 332 est,
1424 304 1508 336 quae
1520 295 1644 325 viribus
1667 299 1804 324 naturae
1814 297 1951 323 nostrae

1123 335 1260 367 facimus
1284 337 1324 367 de
1349 347 1513 378 congruo,
1537 337 1585 367 sic
1609 335 1799 376 loquuntur,
1824 343 1950 365 merea-

1124 379 1366 419 murlgratiam,
1389 379 1464 419 Ipse
1487 378 1603 415 lector,
1626 377 1780 418 intelligis
1799 375 1953 416 blasphe-

1123 421 1205 451 mias
1229 430 1306 451 esse
1329 422 1362 451 in
1384 422 1531 452 iniuriam
1554 421 1679 461 gratiae
1704 421 1755 451 dei
1768 419 1950 457 ementitas,

1124 463 1222 493 etiam
1246 473 1319 493 cum
1341 469 1477 494 naturae
1494 463 1658 493 humanae
1683 463 1770 493 vires
1794 463 1875 492 citra
1886 462 1950 502 spi-

1124 505 1204 534 ritus
1229 506 1334 536 sancti
1357 504 1525 542 adflatum,
1548 515 1615 535 11011
1638 505 1778 545 possint,
1800 505 1862 535 nisi
1873 514 1950 544 pec-

1124 556 1212 583 care,
1236 548 1313 587 quid
1336 548 1533 578 merebimur
1556 548 1679 577 nostris
1693 547 1864 578 conatibus
1888 546 1951 577 nisi

1122 588 1225 619 iram?
1257 588 1499 626 simulationes,
1517 595 1565 619 let
1597 589 1768 620 mendacia
1800 595 1875 619 sunt
1902 587 1950 619 illi

1123 636 1216 660 actus
1241 629 1350 669 eliciti,
1373 631 1430 662 illa
1453 631 1565 662 fictitia
1576 632 1756 672 proposita,
1779 630 1856 662 illae
1869 640 1951 673 quas

1122 670 1208 703 falso
1232 680 1353 704 vocant
1377 675 1494 711 bonas,
1517 674 1726 710 intentiones,
1750 683 1831 714 quas
1855 683 1949 714 prae-

1124 716 1271 746 scribunt
1294 715 1480 757 sophistae.
1511 716 1622 751 Quare
1646 721 1770 747 tantum
1798 717 1893 746 abest
1916 721 1951 747 ut

1124 757 1263 798 gratiam
1274 768 1334 798 per
1358 768 1414 789 eas
1426 758 1648 799 impetremuS,
1671 764 1706 789 ut
1717 757 1797 789 nihil
1809 759 1850 789 sit
1863 759 1952 800 quod

1122 800 1259 839 perinde
1283 801 1409 842 gratiae
1432 801 1639 839 adversetur,
1655 801 1768 842 *atque
1782 800 1858 832 illae
1871 801 1950 842 pha-

1123 842 1262 873 risaicae
1286 844 1567 884 praeparationes.
1618 843 1725 874 Porro
1742 844 1829 875 hanc
1840 844 1950 885 impie-

1101 883 1103 907 l
1124 890 1222 914 tatem
1246 886 1509 925 pertinacissime
1533 886 1714 917 insectatur
1729 885 1853 917 Paulus
1878 898 1951 919 cum

1123 925 1217 963 alias,
1241 933 1308 958 tum
1330 928 1362 958 in
1387 934 1454 958 tota
1478 929 1520 959 ad
1531 927 1700 959 Romanos
1711 927 1861 969 Epistola
1883 940 1950 960 non

1124 967 1213 1000 aliud
1235 979 1351 1010 agens,
1374 970 1437 1000 nisi
1459 970 1596 1010 gratiam
1620 981 1687 1001 non
1711 980 1788 1000 8558
1800 973 1950 1012 gratiam,

1124 1011 1152 1040 Si
1179 1021 1239 1050 pro
1269 1012 1425 1051 operibus
1456 1012 1560 1042 detur.
1607 1012 1688 1047 Quis
1713 1018 1763 1043 est
1787 1014 1871 1044 enim
1894 1014 1950 1044 ini-

1123 1053 1324 1084 sericordiae
1352 1052 1465 1091 locus,
1495 1055 1522 1085 si
1546 1061 1719 1096 respectus
1749 1062 1797 1086 est
1822 1062 1951 1087 nostro-

1122 1104 1194 1125 rum
1225 1096 1381 1135 operum'?
1409 1106 1493 1137 quae
1523 1103 1574 1127 est
1602 1099 1728 1138 gratiae
1759 1097 1882 1139 gloria,
1917 1105 1951 1130 ut

1122 1136 1268 1168 Paulinis
1292 1139 1404 1169 verbis
1428 1144 1512 1176 utar,
1531 1140 1559 1169 si
1572 1140 1710 1171 debetur
1727 1142 1848 1171 nostris
1873 1152 1949 1182 ope-

1123 1180 1235 1210 ribus?
1262 1179 1377 1211 Palam
1407 1181 1512 1221 capite
1541 1182 1636 1212 tertio
1660 1181 1784 1213 Paulus
1809 1183 1853 1215 ad
1875 1184 1949 1215 Ro:

1122 1232 1237 1252 manos
1262 1223 1375 1261 docet,
1405 1230 1436 1253 et
1468 1234 1582 1255 omnes
1610 1224 1760 1255 homines
1789 1227 1849 1256 sub
1873 1237 1949 1267 pec-

1121 1270 1197 1294 cato
1221 1274 1309 1302 esse,
1334 1271 1366 1296 et
1390 1266 1492 1306 gratis
1516 1266 1684 1298 iustificari
1714 1277 1772 1298 eos
1802 1269 1854 1309 qui
1879 1279 1949 1300 cre-

1123 1307 1212 1337 1111111,
1259 1306 1345 1342 Quid
1376 1309 1465 1348 quod
1492 1309 1525 1339 in
1549 1310 1656 1350 capite
1683 1320 1772 1340 nono
1797 1312 1859 1348 [vs.
1883 1311 1950 1349 31.]

1122 1350 1188 1381 ait?
1212 1349 1317 1380 Israel
1339 1351 1498 1382 sectando
1522 1350 1642 1393 legem,
1665 1353 1707 1382 ad
1729 1351 1837 1394 legem
1860 1354 1950 1384 iusti-

1122 1392 1184 1423 tiae
1208 1402 1275 1423 non
1297 1394 1504 1433 pervenisse,
1526 1394 1561 1424 id
1583 1400 1645 1432 est,
1670 1404 1728 1425 eos·
1756 1396 1810 1436 qui
1840 1397 1890 1427 sui
1913 1396 1950 1427 li-

1123 1435 1191 1465 ben‘
1215 1435 1338 1466 arbitrii
1361 1436 1485 1467 viribus
1498 1438 1770 1478 aglgrederentur
1783 1436 1891 1478 legem
1902 1437 1949 1469 fa—

1123 1487 1210 1514 cere,
1233 1488 1400 1519 nunquam
1421 1477 1533 1510 facere
1556 1479 1682 1521 legem,
1712 1480 1773 1510 sed
1796 1479 1950 1512 simulare

1122 1525 1246 1551 tantum
1262 1521 1295 1551 in
1312 1521 1469 1561 speciem,
1480 1520 1598 1552 Esaias
1620 1522 1782 1563 propheta
1797 1533 1867 1564 cap.
1877 1523 1948 1553 LV.

1122 1565 1185 1600 [vs.
1210 1563 1255 1601 2.]
1278 1563 1320 1593 ad
1345 1562 1510 1595 Christum
1532 1565 1646 1595 invitat.
1659 1566 1763 1606 gratis
1782 1572 1949 1606 empturos

1122 1606 1268 1645 quosw‘s.
1314 1605 1445 1644 Venite,
1475 1607 1571 1637 emite
1599 1608 1725 1648 absque
1753 1614 1892 1649 argento
1917 1615 1949 1640 et

1121 1648 1249 1688 absque
1283 1647 1352 1678 ulla
1385 1649 1636 1680 commutatione
1669 1651 1778 1680 vinum
1817 1656 1849 1680 et
1866 1647 1947 1681 Ι138.

1122 1688 1232 1724 Quare
1256 1690 1440 1730 adpenditis
1464 1698 1637 1733 argentum
1658 1694 1774 1722 nonin
1797 1694 1948 1733 panibus,

1123 1737 1154 1762 et
1183 1730 1333 1762 laborem
1360 1739 1506 1763 vestrum
1536 1735 1568 1764 in
1596 1735 1790 1766 saturitate?
1825 1736 1857 1765 id
1886 1741 1948 1773 est,

1122 1784 1224 1814 quare
1247 1773 1345 1805 fiditis
1369 1775 1490 1806 vestris
1515 1777 1690 1816 operibus?
1714 1786 1798 1818 quae
1810 1776 1946 1808 frustra-

1121 1816 1241 1846 buntur
1264 1826 1336 1847 vos.
1366 1816 1487 1848 Audite
1511 1818 1681 1849 audientes
1698 1830 1761 1856 me,
1785 1826 1818 1850 et
1841 1830 1947 1850 come-

1121 1858 1186 1888 dite
1210 1860 1342 1897 bonum,
1367 1866 1399 1890 et
1422 1859 1640 1891 delectabitur
1661 1862 1693 1891 in
1718 1863 1945 1893 crassituvdine

1120 1901 1227 1932 anima
1250 1908 1372 1932 vestra.
1418 1901 1576 1933 Inclinate
1599 1914 1712 1934 aurem
1735 1910 1890 1942 vesti-mn,
1913 1905 1947 1936 id

1119 1949 1186 1981 est,
1217 1942 1423 1982 CREDITE,
1454 1951 1485 1975 et
1514 1945 1603 1977 vivet
1627 1947 1733 1977 anima
1756 1953 1883 1986 vestra,
1904 1954 1946 1979 ,et

1116 1984 1231 2016 feriam
1255 1987 1424 2017 vobiscum
1448 1994 1580 2027 pactum
1603 1989 1846 2029 sempiternum,
1880 1990 1943 2022 Ml-

1117 2027 1578 2060 SERICORDIASDA¹V1D
1600 2031 1801 2070 FIDELES,
1825 2033 1857 2064 id
1881 2040 1943 2072 est,

1115 2071 1301 2111 promittam
1324 2072 1582 2104 misericordiam
1603 2073 1724 2105 Daxidi
1747 2074 1888 2113 fidelem,
1911 2077 1945 2107 id

1116 2113 1457 2145 est¹1·atan1.Hierem.
1481 2114 1582 2145 XVH.
1603 2119 1685 2154 [vss.
1709 2117 1944 2156 5-8.:]1Ma-

1115 2155 1254 2187 ledit-tus
1278 2155 1377 2187 homo
1391 2158 1444 2198 qui
1469 2157 1602 2189 confidit
1615 2159 1647 2189 in
1670 2158 1812 2198 homine,
1836 2166 1868 2191 et
1884 2172 1942 2201 po-

1115 2199 1159 2228 nit
1185 2209 1317 2229 carnem
1329 2199 1499 2231 brachium
1517 2210 1627 2239 suum,
1651 2207 1682 2231 et
1706 2213 1725 2233 a
1749 2203 1879 2233 domino
1891 2214 1942 2235 re-

1116 2241 1200 2271 cedit
1226 2251 1285 2271 cor
1308 2241 1389 2272 eius.
1424 2242 1493 2272 Erit
1518 2244 1602 2273 enim
1623 2244 1886 2286 quasi'myricae
1910 2247 1943 2276 in

1115 2284 1248 2314 deserto
1272 2290 1303 2313 et
1326 2294 1393 2314 non
1416 2285 1537 2315 videbit
1563 2296 1635 2316 cum
1659 2288 1785 2317 venerit
1808 2288 1939 2326 bonum,

1114 2326 1172 2356 sed
1197 2326 1354 2356 habitabit
1377 2327 1409 2357 in
1433 2328 1579 2358 siccitate
1595 2329 1627 2358 in
1638 2329 1781 2366 deserto,
1804 2330 1835 2359 in
1853 2336 1939 2361 terra

1115 2367 1292 2409 salsuginis
1323 2374 1353 2399 et
1383 2369 1596 2401 inhabitabili.
1655 2371 1854 2402 Benedictus
1889 2373 1939 2403 w‘r

2043 117 2104 146 no

2026 377 2052 397 15

2017 589 2048 608 ¹20

2022 1204 2048 1222 10

2022 1440 2048 1459 1⁵

2017 1651 2046 1670 20

1963 2128 2023 2157 (15,
2043 2130 2079 2159 a.)

2016 2249 2041 2267 10

1117 2522 1159 2550 15)
1185 2522 1252 2546 Haec
1275 2522 1352 2546 verba
1376 2519 1423 2545 De
1449 2523 1555 2546 merito
1580 2524 1712 2557 conyrut'.
1731 2524 1802 2548 Editt.
1833 2525 1852 2548 i.
1871 2525 1892 2549 2.
1919 2526 1943 2549 7.
1964 2525 1988 2550 in
2006 2530 2087 2555 marg.

1182 2558 1309 2585 repetunt.
