2358 2933
107 108 168 141 737

104 202 169 233 hoc
188 206 250 238 est,
270 209 457 240 quanquam
479 198 568 229 videt
591 204 622 228 et
644 197 797 238 agnoscit
820 206 857 227 50
882 196 1081 226 immundum

106 250 138 275 et
166 244 335 284 indiguum
369 251 461 278 esse,
495 246 603 270 tamen
627 239 741 270 statuit
769 248 805 268 se
828 238 951 268 habere
973 237 1082 267 Deum

107 286 283 326 propitium
316 289 450 324 propter
483 283 587 322 ipsius
611 281 868 311 misericordiam
891 286 923 310 et
945 280 1083 319 promis-

109 338 182 359 sum
204 336 337 361 semen3
371 326 416 356 ita
438 325 666 364 pronuntiatur
688 324 802 353 iustus.
846 322 882 353 ld
900 320 1085 360 exemplum

108 371 220 406 docet,
253 377 316 399 nos
352 368 569 407 promissione
610 371 642 396 et
681 365 745 395 fide
785 362 1085 394 reconciliationem

108 411 276 451 consequi.
304 410 402 440 Fides
426 415 534 439 autem
556 409 667 438 nititur
689 416 755 437 non
777 411 893 436 nostra
916 406 1083 446 dignitate,

109 454 168 484 sed
192 458 316 484 tantum
339 451 564 482 misericordia
585 449 658 480 Dei.

195 495 385 535 Sequuntur
406 492 563 533 paulatim
586 490 706 522 multae
729 491 908 521 conciones
928 496 960 520 et.
979 499 1085 520 exem-

107 537 162 578 pla
202 538 243 568 de
276 536 471 568 remissione
503 539 733 574 peccatorum3
779 533 837 562 sed
883 530 1085 562 clarissimae

109 585 186 610 sunt
220 580 402 610 sententiae
435 579 467 607 in
496 575 638 607 Psalmis
674 581 705 605 et
732 574 918 614 Prophetis.
964 574 1000 604 ln
1033 574 1085 604 his

109 621 198 653 clare
231 622 355 661 passim
388 620 581 660 proponitur
604 615 831 657 Evangelium.
877 616 913 646 ln
944 615 1085 646 Psalmis

109 665 187 704 petit
210 663 435 694 remissionem
446 666 658 701 peccatorum
670 665 806 699 propter
817 659 1086 694 misericordiam,

108 715 175 736 non
197 711 332 745 propter
355 714 449 735 suam
472 703 663 743 dignitatem
685 711 744 732 seu
757 703 883 739 merita,
902 707 936 731 ut
949 699 1085 739 [Psalm.

111 747 182 785 142,
204 747 264 785 24:
309 747 384 777 Non
415 746 517 775 intres
547 746 579 775 in
609 743 763 774 iudicium
792 755 866 775 cum
896 754 994 774 servo
1018 749 1085 780 tuo,

109 791 184 830 quia
219 800 285 819 non
319 788 548 819 iustificabitur
571 787 603 816 in
627 791 809 825 conspectu
832 795 887 817 tuo
912 785 1016 816 omnis
1040 786 1086 816 vi-

108 841 202 862 vens·
248 831 338 862 Haec
362 836 452 861 certe
474 840 541 860 non
564 835 615 859 est
637 827 737 868 Legis
762 829 898 865 concio,
922 838 1007 869 quae
1029 827 1085 857 mi-

109 874 322 905 sericordiam
345 873 425 913 petit
448 877 480 902 et
503 871 678 902 confitetur
701 876 885 910 peccatum,
911 870 1085 910 etquidem

109 926 223 947 omnes
248 915 456 951 condemnat,
490 920 525 944 ut
559 915 703 944 sciamus
738 923 864 950 omnes,
901 913 1005 954 gratis
1029 922 1086 942 no-

110 959 160 989 bis
184 958 303 988 remitti
327 962 477 998 peccata.
523 956 602 986 ltem
626 953 760 992 [Psalm.
790 955 860 992 129,
883 955 945 992 34:
971 954 1006 985 Si
1029 954 1086 984 ini-

109 1001 249 1041 quitates
262 999 505 1034 observaveris,
517 998 670 1034 Domine,
694 997 766 1037 quis
790 996 985 1028 sustinebit?
1008 996 1086 1026 ltem

111 1041 245 1079 {Psalm.
269 1042 322 1079 31,
344 1042 406 1079 5.]:
452 1040 539 1078 Dixi,
559 1039 744 1071 confitebor
766 1040 943 1070 adversum
967 1049 1018 1069 me
1041 1039 1087 1068 in-

108 1085 263 1115 iustitiam
291 1094 413 1120 meam,
448 1089 479 1113 et
513 1088 546 1113 tu
583 1082 719 1112 remittis
748 1083 945 1122 impietatem
976 1081 1086 1111 cordis

108 1128 181 1157 mei.
226 1126 306 1157 110111
335 1126 490 1156 describit
514 1124 730 1156 Sacerdotem
753 1123 919 1154 Christum
951 1122 1086 1160 [Psalm.

111 1169 184 1206 109,
207 1169 272 1206 4.];
317 1168 367 1199 Tu
396 1178 431 1198 es
455 1168 620 1198 Sacerdos
649 1167 681 1196 in
709 1172 888 1196 aeternum.
933 1165 1088 1196 Testatur

108 1211 207 1252 igittu·
239 1210 327 1241 1111110
351 1210 568 1240 Sacerdotem
595 1207 800 1248 placaturum
824 1218 900 1238 esse
924 1208 1031 1238 Deum
1055 1213 1087 1237 et

108 1254 310 1284 redditurum
328 1262 404 1282 esse
426 1258 596 1282 aeternam
618 1250 773 1280 iustitiam
795 1256 827 1280 et
849 1256 1017 1281 aeternam
1041 1250 1086 1280 vi-

109 1301 193 1333 tam,
216 1295 292 1336 quia
314 1300 414 1325 vocat
436 1300 605 1324 aeternum
629 1293 847 1323 sacerdotem.

193 1337 236 1368 Et
270 1337 312 1367 ad
334 1335 421 1367 hanc
443 1336 638 1367 sententiam
662 1335 702 1365 de
726 1335 869 1375 gratuita
893 1334 1086 1364 remissione

107 1380 377 1411 accommodandi
412 1384 488 1409 sunt
521 1377 643 1409 similes
678 1376 744 1408 loci
776 1378 808 1407 in
842 1376 993 1407 Psahnis.
1039 1376 1087 1406 Ita

108 1422 193 1453 enim
216 1420 408 1452 dulcescent
431 1421 527 1451 nobis
558 1421 757 1451 suavissima
784 1420 944 1456 carmina,
978 1425 1010 1449 et
1033 1419 1086 1449 fir-

107 1475 193 1494 mam
228 1462 488 1494 consolationem
512 1462 660 1493 afferent.
701 1462 785 1492 Nam
819 1463 847 1493 si
870 1462 1085 1493 iudicabimus

107 1505 182 1537 illas
206 1507 442 1546 promissiones
465 1506 610 1545 pendere
634 1515 675 1535 ex
688 1510 803 1534 nostra
817 1505 986 1545 dignitate,
1012 1514 1084 1534 cum

106 1547 231 1578 Psalmi
264 1549 376 1579 iubent
409 1558 470 1578 nos
494 1546 627 1583 laetari,
657 1547 824 1577 confidere
847 1547 1085 1583 misericordia,

107 1600 238 1630 semper
256 1589 482 1621 reclamabunt
501 1590 736 1626 conscientiae,
755 1600 817 1619 1105
830 1590 982 1630 indignos
996 1598 1084 1626 esse,

107 1632 187 1664 nihil
209 1634 374 1673 pertinere
397 1632 458 1663 has
482 1632 719 1672 promissiones
744 1632 786 1662 ad
809 1632 972 1673 indignos.
998 1631 1085 1665 Qua-

107 1685 143 1706 re
177 1676 339 1706 adversus
374 1675 460 1705 113110
498 1675 602 1714 ipsam
636 1674 869 1705 dubitationem
909 1674 1085 1715 erigendus

107 1723 159 1749 est
181 1719 327 1755 animus,
361 1724 393 1748 et
423 1717 607 1754 sciendum,
642 1717 731 1756 quod
757 1715 834 1747 illae
858 1718 950 1757 ipsae
974 1726 1085 1754 voces,

107 1770 191 1800 quae
224 1770 286 1790 nos
321 1759 435 1790 laetari
464 1760 590 1796 iubent,
624 1760 697 1789 ideo
721 1760 911 1799 propositae
935 1760 1016 1796 sint,
1052 1765 1082 1789 ut

105 1802 299 1832 medeantur
321 1801 367 1832 illi
391 1803 452 1842 ipsi
476 1802 681 1838 dubitationi,
701 1808 881 1841 conceptae
905 1813 945 1832 ex
970 1807 1085 1831 nostra

106 1845 307 1886 indignitate.
353 1844 450 1878 Quod
474 1845 501 1874 si
526 1845 704 1875 sentiemus
724 1845 820 1874 nobis
839 1845 980 1884 promitti
1011 1854 1083 1885 gra-

106 1888 147 1917 tis
171 1885 487 1924 reconciliationem,
522 1893 589 1917 tum
613 1896 693 1917 vero
718 1886 800 1916 fides
824 1888 884 1917 erit
912 1893 1017 1924 certa,
1053 1893 1085 1917 01

106 1939 185 1960 vere
208 1928 446 1970 gratulabimur
465 1930 562 1959 nobis
586 1929 855 1967 misericordiam,
878 1936 910 1960 et
921 1929 995 1960 Deo
1008 1939 1083 1970 age-

106 1981 179 2003 mus
214 1972 347 2013 gratias
396 1971 462 2002 Sed
496 1977 587 2002 tanta
610 1977 660 2002 est
682 1971 852 2002 infirmitas
877 1977 909 2002 et
930 1973 1084 2013 augustia

105 2014 238 2045 humani
261 2014 369 2051 animi,
392 2020 428 2044 ut
451 2014 539 2044 hanc
562 2014 816 2055 magnitudinem
840 2015 1084 2045 misericordiae

105 2066 172 2087 non
191 2057 299 2096 possit
323 2066 451 2096 capere.
497 2056 545 2087 lta
568 2057 720 2096 oppressi
744 2066 856 2087 sumus
881 2058 1033 2097 opinione
1052 2064 1084 2087 et

106 2099 227 2129 iudicio
251 2098 347 2139 legis,
371 2104 405 2129 ut
428 2109 494 2129 non
517 2099 683 2139 possimus
709 2099 899 2138 persuaderi
924 2100 964 2129 de
975 2099 1083 2130 Evan-

108 2140 208 2182 gelio,
242 2147 273 2171 et
306 2141 456 2171 omnibus
491 2147 522 2171 et
553 2142 656 2181 gratis
681 2141 791 2172 offerri
813 2142 1082 2172 misericordiam.

108 2183 217 2219 Quare
240 2183 323 2213 fides
343 2189 500 2223 perpetuo
525 2193 597 2213 cum
616 2183 679 2214 hac
697 2189 813 2215 nostra
830 2184 1017 2215 infirmitate
1035 2183 1082 2214 lu-

107 2226 190 2257 ctari
225 2226 340 2262 debet,
373 2231 408 2256 ut
440 2236 502 2256 nos
532 2227 709 2267 erigamuS,
744 2232 775 2256 et
809 2227 975 2257 discamus
1009 2227 1083 2257 Deo

108 2268 287 2305 confidere,
311 2274 343 2298 01
366 2278 438 2299 011111
462 2278 540 2299 vere
557 2269 712 2299 invocare
735 2273 767 2298 et
790 2268 911 2300 colere.

192 2310 290 2351 Apud
312 2310 449 2341 Iesaiam
483 2309 602 2341 multae
626 2316 701 2341 sunt
724 2312 901 2342 conciones
926 2312 966 2342 de
991 2310 1083 2342 Chri-

107 2359 178 2391 sto,
213 2354 253 2384 de
286 2353 480 2384 remissione
514 2359 742 2394 peccatorum,
777 2354 817 2384 de
841 2360 976 2385 aeterna
1006 2354 1082 2385 vita.

108 2395 188 2436 Cap.
211 2395 263 2426 53.
295 2395 384 2426 clare
417 2401 558 2427 testatur
590 2396 731 2436 promitti
760 2397 986 2427 remissionem
1008 2406 1083 2437 pec-

108 2444 269 2475 catorum,
293 2444 325 2468 et
349 2439 478 2479 quidem
503 2445 638 2479 propter
661 2437 836 2476 Christum,
859 2450 924 2470 11011
948 2445 1083 2479 propter

106 2486 254 2511 nostram
277 2481 466 2521 dignitatem
490 2484 552 2518 [vs.
575 2480 638 2519 6.]:
664 2479 780 2511 Posuit
802 2480 963 2512 Dominus
986 2482 1018 2512 111
1041 2491 1081 2512 eo

106 2522 293 2564 iniquitates
318 2524 459 2554 omnium
482 2530 640 2554 nostrum.
670 2522 712 2553 Et
735 2533 775 2553 110
798 2523 906 2554 11111301
929 2529 1082 2564 putarent

259 2591 380 2611 MELANTH.
395 2591 462 2612 orm.
476 2591 526 2611 vol..
541 2591 590 2611 XXI.

561 105 584 136 1.
608 104 711 135 LOCI
733 103 1009 135 THEOLOGICI:
1032 103 1075 134 D.
1098 103 1259 135 TERTIA
1280 104 1437 135 EORUM
1460 104 1615 136 AETAS.

2042 100 2103 132 738

1127 208 1164 228 50
1187 198 1305 227 11101011
1329 199 1556 229 remissionem
1574 204 1784 239 peccatorum
1805 196 1922 226 hostiis
1936 195 2103 232 Leviticis,

1127 245 1265 270 testatur
1293 239 1389 270 aliam
1419 239 1559 271 hostiam
1588 247 1732 277 restare,
1756 250 1839 280 quae
1861 248 1939 269 vere
1963 239 2005 268 sit
2027 238 2104 267 abo-

1127 281 1223 312 litura
1246 288 1417 321 peccatum
1443 286 1506 320 [vs.
1533 283 1614 321 10.]:
1643 282 1748 313 Ponet
1771 282 1909 312 animam
1932 290 2024 310 suam
2047 279 2105 309 ho-

1129 325 1225 354 stiam
1266 335 1325 364 pro
1366 326 1525 364 peccatis.
1588 325 1685 355 Item:
1732 323 1939 354 Condemnat
1980 331 2104 351 omnes.

1129 366 1271 403 Omnes,
1301 367 1422 406 inquit,
1446 368 1639 404 erravimus,
1663 373 1695 397 ut
1720 367 1863 396 sciamus
1887 375 1949 395 nos
1972 369 2106 404 propter

1128 409 1397 444 misericordiam,
1420 419 1486 439 non
1508 415 1645 449 propter
1657 410 1845 449 dignitatem
1858 412 2017 443 nostram,
2031 416 2106 436 0011-

1129 452 1222 491 sequi
1247 450 1405 481 beneficia
1419 450 1551 481 Christi.
1583 451 1756 481 Postremo
1780 451 1868 480 addit
1891 447 2106 479 clarissimum

1130 494 1352 523 testimonium
1376 496 1438 529 [VS.
1467 493 1547 530 ll.]:
1579 494 1701 523 Notitia
1723 493 1793 523 eius
1817 491 2005 522 iustificabit
2028 489 2106 520 mul-

1130 541 1202 570 t0s;
1248 535 1343 569 Quod
1384 540 1474 565 certo
1508 536 1716 566 statuendum
1751 535 1810 570 sit,
1844 543 1905 564 nos
1934 534 1979 563 ita
2002 534 2107 563 iustos

1131 578 1351 616 pronuntiari,
1374 578 1401 607 si
1426 587 1650 618 agnoscamus
1680 576 1863 613 Christum,
1892 576 1957 605 hoc
1981 580 2046 612 est,
2080 574 2107 603 si

1131 629 1354 650 agnoscamus
1389 619 1495 649 Deum
1530 620 1626 649 nobis
1660 620 1833 659 propitium
1864 628 1939 648 0550
1973 622 2108 658 propter

1132 661 1158 692 C
1184 663 1309 692 ristum.
1356 661 1446 703 Ergo
1481 672 1545 692 non
1575 662 1636 692 erit
1660 661 1872 691 dubitandum
1894 666 2029 700 propter
2051 669 2107 689 110-

1131 710 1233 734 stram
1266 704 1509 745 indignitatem,
1543 714 1609 735 non
1633 705 1693 734 erit
1717 703 1924 734 sentiendum
1946 712 2009 732 nos
2033 710 2109 731 esse

1131 747 1236 777 iustos
1272 753 1406 786 propter
1429 746 1563 787 Legem.
1610 746 1677 777 Sed
1712 747 1826 777 desino
1851 745 1991 775 recitare
2014 743 2110 784 plura

1129 790 1330 824 testimonia;
1353 789 1444 819 Haec
1468 790 1552 819 enim
1576 789 1717 829 exempli
1742 798 1863 819 caussa
1886 787 2053 823 recensui,
2075 791 2111 816 ut

1131 832 1393 865 animadvertant
1415 830 1558 862 lectores
1582 832 1613 861 in
1637 832 1826 871 scripturis,
1851 839 1934 870 quae
1948 828 2110 868 10031110-

1130 874 1200 914 prie
1234 874 1274 904 de
1304 873 1412 915 Lege,
1436 884 1520 915 quae
1547 875 1680 914 proprie
1711 874 1750 904 de
1773 872 1955 914 Evangelio
1980 871 2111 902 concio-

1131 922 1264 953 nentur,
1300 922 1333 946 et
1366 917 1542 947 discrimen
1583 918 1764 947 observent
1804 917 1887 946 inter
1920 914 2045 956 Legem
2079 920 2111 943 et.

1131 959 1384 998 promissionem
1408 958 1591 1000 Evangelii.
1636 959 1721 989 Nam
1743 958 1777 988 hi
1800 958 1864 988 duo
1888 963 1964 987 sunt
1985 957 2110 997 praeci-

1131 1002 1185 1041 pui
1220 1000 1285 1031 loci
1320 1007 1352 1031 et
1387 1003 1497 1042 capita
1530 1002 1710 1041 praecipua
1743 1001 1937 1041 scripturae,
1960 1000 2002 1030 ad
2025 1008 2111 1040 quae

1132 1053 1247 1074 omnes
1270 1050 1381 1082 partes
1405 1044 1583 1083 prudenter
1607 1043 1801 1074 referendae
1826 1048 1912 1075 sunt.

1218 1085 1386 1117 Hactenus
1410 1085 1615 1117 definivimus
1630 1085 1858 1126 Evangelium,
1883 1093 1913 1117 et
1937 1088 2111 1119 discrimen

1132 1129 1388 1159 monstravimus
1411 1128 1512 1169 Legis
1537 1135 1568 1159 et
1591 1128 1774 1170 Evangelii.
1810 1129 1876 1160 Sed
1900 1129 1982 1160 haec
2006 1132 2109 1161 omnia

1133 1177 1227 1201 erunt
1250 1170 1448 1207 illustriora,
1484 1181 1557 1201 cum
1581 1172 1621 1201 de
1647 1171 1896 1209 iustificatione,
1930 1173 1969 1202 (le
1992 1172 2056 1203 fide
2080 1180 2111 1203 et

1132 1214 1287 1252 operibus
1312 1213 1468 1243 dicemus.
1499 1213 1595 1243 Nunc
1618 1219 1741 1243 tantum
1765 1224 1830 1244 una
1854 1215 2013 1254 quaedam
2036 1226 2108 1255 par-

1131 1254 1232 1285 ticula
1261 1255 1411 1286 addenda
1447 1262 1514 1292 est,
1550 1254 1718 1286 videlicet:
1764 1255 1857 1287 Sicut
1890 1267 2031 1287 necesse
2060 1264 2110 1288 est

1132 1298 1230 1335 scire,
1264 1297 1484 1339 Evangelium
1525 1308 1602 1328 esse
1636 1299 1811 1339 gratuitam
1845 1300 2108 1339 promissionem,

1130 1340 1175 1370 ita
1209 1350 1350 1371 necesse
1385 1346 1434 1370 est
1468 1340 1574 1378 scire,
1608 1340 1823 1381 Evangelium
1858 1342 2107 1381 promissionem

1130 1382 1352 1413 universalem
1376 1393 1464 1419 esse,
1487 1383 1552 1414 1100
1576 1389 1637 1420 051,
1660 1383 1769 1413 offerri
1793 1390 1824 1414 et
1847 1385 1989 1424 promitti
2008 1386 2107 1415 omni-

1130 1425 1192 1455 bus
1214 1424 1401 1456 hominibus
1425 1425 1737 1456 reconciliationem.

1215 1467 1310 1497 Hanc
1333 1467 1555 1498 universalem
1578 1474 1692 1499 tenere
1710 1478 1850 1500 necesse
1873 1475 1923 1499 est
1946 1469 2106 1500 adversus

1129 1509 1336 1549 periculosas
1370 1511 1619 1551 imaginationes
1654 1512 1694 1541 de
1716 1512 2032 1552 praedestinatione,
2066 1521 2107 1542 ne

1130 1553 1331 1592 disputemus
1350 1552 1435 1583 hanc
1457 1554 1709 1593 promissionem
1733 1555 1774 1584 ad
1797 1564 1922 1593 paucos
1947 1554 2107 1594 quosdam

1129 1594 1214 1625 alios
1248 1596 1429 1635 pertinere,
1463 1606 1529 1626 non
1555 1597 1720 1635 pertinere
1742 1597 1784 1627 ad
1807 1607 1879 1627 nos.
1924 1596 1999 1627 Non
2022 1597 2107 1627 enim

1129 1638 1261 1668 dubium
1286 1644 1347 1675 051,
1371 1640 1448 1679 quin
1472 1639 1614 1669 omnium
1637 1639 1763 1669 animos
1787 1639 1870 1669 haec
1884 1640 2039 1679 cogitatio
2052 1649 2106 1669 ex-

1129 1686 1250 1710 erceat.
1296 1680 1336 1710 Et
1368 1680 1444 1711 hinc
1478 1687 1570 1711 ortae
1605 1687 1680 1711 sunt
1714 1680 1836 1712 multae
1870 1682 2107 1721 disputationes

1130 1724 1326 1763 scriptorum
1346 1724 1386 1754 de
1410 1724 1710 1764 praedestinatione
1733 1725 1861 1754 minime
1883 1723 1993 1754 utiles.
2035 1724 2105 1754 Nos

1128 1776 1207 1796 vero
1243 1770 1436 1803 statuamus,
1469 1765 1639 1807 Evangelii
1662 1767 1914 1805 promissionem
1937 1767 2106 1797 universa-

1128 1807 1192 1837 lem
1211 1817 1297 1838 esse.
1344 1809 1436 1839 Sicut
1465 1810 1549 1839 enim
1571 1810 1772 1849 praedicatio
1795 1810 2014 1849 poenitentiae
2037 1810 2105 1839 uni-

1129 1849 1269 1880 versalis
1293 1856 1355 1888 est,
1378 1852 1422 1881 ita
1447 1857 1478 1882 et
1501 1852 1701 1891 praedicatio
1725 1852 1930 1882 remissionis
1953 1856 2105 1891 peceato-

1128 1904 1199 1923 rum
1230 1892 1425 1923 universalis
1456 1900 1517 1924 est.
1573 1894 1645 1924 Huc
1686 1893 1884 1935 colligantur
1924 1894 2106 1924 sententiae

1126 1934 1330 1966 universales
1354 1936 1394 1966 de
1416 1935 1612 1978 Evangelio,
1632 1946 1716 1977 quae
1739 1937 1862 1977 passim
1881 1938 1912 1967 in
1933 1936 2105 1976 scripturis

1127 1983 1248 2015 extant,
1271 1984 1306 2008 ut
1330 1978 1418 2009 Ioan.
1442 1978 1472 2009 3.
1499 1982 1559 2016 [VS.
1586 1979 1650 2016 16]
1687 1980 1741 2010 Sic
1764 1979 1857 2009 Deus
1882 1978 1992 2009 dilexit
2015 1988 2104 2009 mun-

1127 2021 1214 2057 dum,
1249 2027 1284 2051 ut
1314 2020 1415 2052 filium
1444 2031 1539 2052 suum
1562 2022 1763 2062 unigenitum
1787 2023 1895 2058 daret,
1929 2027 1963 2051 ut
1987 2022 2104 2057 omnis,

1127 2064 1178 2104 qui
1205 2064 1307 2093 credit
1330 2065 1363 2094 in
1387 2075 1475 2102 eum,
1499 2074 1564 2094 non
1588 2071 1710 2104 pereat.
1756 2064 1833 2094 Item
1856 2064 1943 2103 apud
1967 2062 2102 2094 Paulum

1128 2105 1236 2144 [Rom.
1259 2106 1308 2143 ll,
1332 2106 1418 2145 321:
1444 2106 1615 2138 Conclusit
1640 2116 1753 2137 omnes
1776 2107 1838 2136 sub
1862 2112 2045 2146 peccatum,
2067 2111 2103 2136 ut

1127 2149 1268 2179 omnium
1297 2151 1502 2180 misereatur.
1565 2149 1657 2179 Haec
1697 2159 1784 2179 nunc
1818 2149 1986 2179 monuisse
2020 2149 2101 2178 satis

1127 2192 1250 2231 est.⁴⁷)
1296 2191 1379 2222 Nam
1414 2193 1455 2222 de
1489 2192 1552 2222 hac
1585 2190 1765 2222 universali
1788 2192 1905 2221 iterum
1929 2191 2101 2222 dicendum

1126 2235 1185 2264 erit
1202 2232 1288 2266 infra
1327 2235 1367 2265 de
1398 2235 1706 2275 praedestinatione.
1753 2232 1848 2268 Quod
1888 2239 1995 2264 autem
2036 2243 2101 2264 11011

1126 2286 1239 2307 01111105
1274 2284 1523 2318 consequuntur
1555 2275 1727 2317 Evangelii
1761 2276 1946 2316 promissa,
1981 2286 2021 2306 eo
2055 2275 2100 2312 fit,

1126 2320 1201 2359 quia
1213 2330 1278 2350 non
1293 2330 1406 2350 omnes
1420 2320 1568 2350 credunt.
1597 2319 1680 2349 Nam
1692 2317 1909 2359 Evangelium
1922 2319 1983 2348 etsi
1997 2318 2099 2359 gratis

1125 2363 1291 2402 promittit,
1325 2368 1433 2393 tamen
1466 2362 1602 2402 requirit
1624 2361 1732 2399 fidem,
1766 2366 1896 2401 oportet
1919 2361 2003 2391 enim
2025 2370 2099 2400 pro-

1126 2500 1171 2528 47)
1190 2499 1253 2524 satis
1273 2498 1322 2528 est]
1343 2498 1403 2529 Opp.
1425 2499 1446 2520 l.
1467 2498 1489 2520 2.
1509 2499 1572 2524 satis
1590 2498 1635 2528 sit;
1654 2498 1726 2522 Editt.
1747 2497 1787 2521 22.
1809 2497 1849 2520 24.
1871 2497 1910 2520 28.
1931 2496 1971 2520 29.
1987 2495 2097 2519 31—33.

1198 2533 1260 2558 satis
1279 2533 1401 2563 (omisso
1420 2534 1473 2561 est)

1913 2582 1946 2605 47
