2358 2933
148 124 231 156 1077

232 216 376 249 FILIUS
404 221 560 247 aeternus
585 222 638 247 est
663 216 811 248 secunda
840 226 985 257 persona
1015 218 1128 249 divini-

146 263 235 299 tatis,
258 270 326 292 non
348 264 460 290 creata
483 268 525 289 ex
548 258 662 297 nihilo,
686 260 748 290 sed
770 270 790 290 a
807 259 907 290 Patre
929 260 971 290 ab
990 266 1127 292 aeterno

145 305 255 347 genita
274 304 315 334 de
332 303 435 342 ipsius
455 302 652 339 substantia,
676 308 707 333 et
726 302 879 341 ὁμοούσιος
897 301 1004 340 Patri,
1027 310 1059 334 01
1078 310 1129 334 051

145 344 370 378 substantialis
394 350 426 375 et
448 344 578 385 integra
600 345 710 386 imago
734 345 860 376 aeterni
883 344 1004 383 Patris,
1031 356 1128 387 quam

144 390 246 421 Pater
269 398 346 420 sese
368 389 499 418 intuens
523 392 556 417 et
580 388 799 418 considerans
822 388 936 429 gignit,
963 399 1047 429 quae
1070 399 1128 420 no-

144 434 196 464 bis
220 433 269 463 sic
292 430 502 462 manifestata
524 434 592 468 est,
618 431 706 471 quod
730 431 773 460 sit
795 431 880 469 λόγος
903 441 943 461 30
966 430 1127 470 Persona,

143 485 204 517 per
231 485 329 516 quam
356 474 456 505 Pater
482 472 559 503 dicit
589 473 757 504 decretum
787 479 820 504 et
848 479 952 505 totum
981 475 1128 506 ordinem

144 518 322 550 creationis
345 523 378 548 et
399 515 620 557 reparationis
644 515 826 553 hominum,
859 522 891 546 et
912 517 1065 555 mittitur,
1093 524 1127 548 ut

143 561 330 592 immediate
352 559 530 601 patefaciat
547 557 766 599 Evangelium
790 564 820 588 et
844 566 993 591 assumat
1014 559 1127 591 huma-

143 613 218 634 nam
240 609 409 640 naturam,
433 607 466 633 et
487 602 530 632 sit
551 600 731 639 Mediator,
754 600 935 632 Redemtor
958 608 989 633 et
1013 601 1127 634 Salva-

143 653 212 684 tor,
247 644 409 686 colligens
438 643 623 675 Ecclesiam
653 645 686 675 in
717 653 840 685 genere
870 643 1012 676 humano
1043 656 1127 677 voce

143 688 316 730 Evangelii
329 690 374 725 4⁴¹)
399 694 430 719 et
453 687 657 718 resuscitans
679 697 751 718 eam
770 687 812 718 ad
830 687 930 718 vitam
948 695 1126 721 aeternam.

231 742 427 775 SPIRITL’S
464 741 667 774 SANCTUS
705 748 757 774 est
790 743 887 774 tertia
918 754 1065 784 persona
1078 746 1125 784 ⁴⁵)

143 787 335 825 divinitatis,
358 786 546 827 procedens
571 786 613 816 ab
637 791 773 817 aeterno
798 786 898 817 Patre
921 792 953 817 et
975 786 1072 825 Filio,
1095 794 1127 818 et

144 830 301 869 ὁμοούσιος
324 830 389 866 eis,
420 835 452 859 et
475 834 527 859 est
550 838 643 859 amor
673 834 705 860 et
734 828 859 860 laetitia
887 829 1125 868 substantialis,

143 879 176 904 et
198 873 334 904 mittitur
357 882 442 903 voce
465 870 637 913 Evangelii
660 872 692 902 in
717 872 819 902 corda
843 873 1061 911 credentium,
1092 879 1127 904 ut

143 915 328 951 sanctificet
351 925 407 953 ea,
435 915 467 945 id
491 920 558 953 est,
587 920 620 945 ut
643 913 750 945 lucem
773 915 805 945 in
830 915 878 945 eis
901 916 1062 947 accendat
1085 916 1127 946 ad

142 957 387 1000 intelligendam
411 958 608 995 doctrinam,
635 962 668 988 et
689 958 921 988 assensionem
943 958 1127 996 confirmet,

143 1007 175 1033 et
198 1000 319 1033 efficiat
342 1007 450 1032 motus
475 1005 698 1042 congruentes
722 999 810 1038 Deo,
835 1006 867 1030 et
891 1001 1013 1032 excitet
1035 1002 1127 1032 invo-

141 1045 306 1076 cationem
329 1050 361 1075 et
384 1043 541 1075 laetitiam
565 1043 597 1073 in
620 1043 695 1074 Deo
718 1044 993 1084 acquiescentem.

228 1099 320 1131 LEX
341 1099 434 1137 DEI,
464 1109 548 1140 quae
577 1099 765 1129 nominatur
793 1098 865 1129 Lex
892 1098 1046 1137 moralis,
1076 1105 1127 1130 est

141 1143 304 1184 sapientia
326 1148 461 1174 aeterna
485 1148 517 1173 et
540 1143 672 1172 immota
699 1141 732 1171 in
754 1140 846 1178 Deo,
877 1147 907 1172 et
936 1152 1052 1173 norma
1079 1142 1125 1173 iu-

141 1186 250 1217 stitiae
272 1185 305 1216 in
329 1184 499 1216 voluntate
522 1183 601 1222 Dei,
632 1184 826 1215 discernens
858 1185 945 1215 bona
973 1191 1005 1215 et
1029 1184 1126 1222 mala,

141 1238 227 1270 quae
250 1234 300 1259 est
323 1226 492 1269 patefacta
516 1225 670 1257 rationali
694 1233 868 1257 creaturae
891 1228 924 1257 in
948 1229 1125 1264 creatione,

141 1277 173 1302 et
195 1277 314 1311 postea
337 1280 439 1310 saepe
464 1269 602 1309 repetita
632 1274 664 1299 et
691 1269 819 1299 sancita
843 1279 926 1300 voce
955 1270 1065 1300 divina
1093 1271 1125 1300 in

141 1312 304 1349 Ecclesia,
328 1313 509 1342 ostendens
534 1311 622 1352 quod
645 1311 688 1340 sit
706 1310 810 1347 Deus,
833 1317 864 1342 et
890 1310 998 1352 qualis
1017 1313 1070 1350 sit,
1094 1318 1126 1342 et

140 1355 231 1396 quod
249 1355 290 1385 sit
308 1355 417 1392 iudex,
437 1353 590 1395 obligans
611 1363 726 1383 omnes
745 1352 922 1384 rationales
943 1361 1125 1392 creaturas,

140 1404 175 1428 ut
209 1398 275 1428 sint
309 1396 499 1427 confomues
533 1394 579 1426 illi
612 1405 748 1426 normae
782 1394 861 1434 Dei,
898 1402 930 1426 et
964 1397 1124 1428 damnans

141 1449 258 1470 omnes
276 1449 316 1470 ac
333 1439 530 1470 denuntians
548 1436 737 1468 horribilem
752 1437 1008 1469 destructionem
1024 1440 1124 1470 omni-

141 1483 215 1519 bus,
239 1482 294 1523 qui
309 1484 353 1519 ⁴⁶)
383 1491 449 1512 non
480 1486 668 1522 congruunt
697 1480 739 1510 ad
766 1478 854 1511 illam
880 1491 1027 1512 normam
1049 1482 1123 1520 Dei,

140 1525 204 1555 nisi
227 1526 269 1555 sit
288 1523 377 1555 sacta
396 1522 623 1555 reconciliatio
642 1528 778 1563 propter
794 1522 1022 1562 Mediatorem,
1034 1525 1124 1555 iuxta

141 1567 263 1598 dictum
289 1566 439 1604 [Deuter.
463 1567 516 1604 27,
541 1566 628 1605 26.]:
670 1563 867 1596 Maledictus
891 1567 946 1607 qui
968 1577 1034 1598 non
1057 1578 1124 1598 ma-

140 1616 196 1642 net
219 1611 252 1641 in
276 1610 440 1648 omnibus,
464 1620 547 1650 quae
567 1609 690 1649 scripta
709 1614 784 1638 sunt
802 1609 834 1638 in
852 1608 953 1650 Lege.
988 1610 1069 1641 Item
1091 1611 1123 1641 in

139 1651 275 1684 Psalmo
301 1653 346 1692 [5‚
369 1653 431 1692 5.]:
466 1653 542 1683 Non
564 1651 658 1682 Deus
682 1649 800 1682 volens
822 1658 994 1691 peccatum
1016 1660 1051 1684 tu
1075 1663 1122 1684 es-

141 1697 231 1734 [ibid.
256 1707 307 1727 vs.
334 1699 375 1734 7.]
427 1695 533 1726 Odisti
568 1704 683 1725 omnes
717 1695 771 1734 qui
806 1702 986 1735 operantur
1009 1696 1124 1737 iniqui-

140 1744 241 1770 tatem
264 1745 327 1770 etc.

227 1780 469 1813 PECCATUM
499 1787 567 1817 est,
600 1779 755 1821 quicquid
782 1786 907 1821 pugnat
936 1792 1009 1812 cum
1031 1781 1124 1824 Lege

141 1824 214 1855 Dei.
256 1824 347 1855 Haec
371 1825 482 1855 brevis
506 1823 651 1855 definitio
676 1824 708 1853 in
730 1821 881 1863 Epistola
905 1823 1035 1854 Ioannis
1059 1830 1123 1856 tra-

141 1867 207 1898 dita
230 1874 282 1898 est
296 1868 356 1907 47),
380 1877 464 1908 quae
488 1867 602 1897 dextre
624 1864 837 1907 intelligatur.
878 1865 993 1897 Potest
1015 1873 1123 1898 autem

140 1908 192 1940 his
215 1910 326 1940 verbis
351 1908 523 1950 explicari:
555 1909 731 1940 Peccatum
754 1915 805 1939 est
827 1907 976 1941 defectus
999 1908 1054 1941 vel
1076 1912 1122 1942 in-

141 1951 274 1983 clinatio
301 1951 354 1983 vel
382 1953 468 1982 actio
497 1962 650 1993 pugnans
681 1962 755 1982 cum
783 1951 859 1994 lege
882 1952 946 1983 Dei
972 1959 1004 1984 et
1032 1963 1122 1984 ream

139 1993 267 2026 faciens
290 2001 475 2026 creaturam
497 2000 653 2025 aeternae
679 1995 764 2032 irae,
793 1996 856 2026 nisi
886 1995 941 2026 fiat
970 1997 1121 2027 remissio

139 2043 274 2079 propter
296 2038 521 2068 Mediatorem.

226 2079 425 2112 LIBERUM
448 2079 693 2110 ARBITRIUM
724 2090 782 2111 seu
810 2079 946 2112 libertas
973 2080 1121 2113 volunta-

140 2123 182 2154 tis
204 2124 237 2154 in
255 2122 329 2154 Deo
353 2128 405 2154 est
422 2121 578 2160 facultas,
602 2133 666 2164 qua
684 2122 777 2154 Deus
798 2125 830 2154 in
850 2125 1042 2156 rectitudine
1061 2135 1121 2156 sua

139 2171 251 2206 potest
280 2172 400 2207 sponte
429 2166 500 2197 sine
529 2164 598 2197 ulla
627 2167 824 2198 necessitate
859 2167 912 2198 vel
948 2168 1119 2199 coactione

140 2218 256 2240 creare
279 2219 333 2240 res
357 2215 391 2240 et
412 2219 478 2240 non
503 2219 634 2247 creare,
664 2215 696 2240 et
718 2210 809 2240 varia
836 2221 936 2251 opera
964 2211 1120 2248 condere,

140 2257 173 2282 et
197 2262 252 2282 res
277 2258 407 2283 creatas
432 2261 634 2283 conservare
656 2257 688 2283 et
711 2251 859 2291 abolere,
884 2260 916 2284 et
939 2255 1030 2284 varie
1052 2265 1120 2285 1110-

140 2389 185 2418 44)
206 2395 267 2414 voce
287 2390 416 2419 Evangelii
435 2390 537 2415 absunt
556 2390 590 2415 ab
610 2390 683 2415 Edjtt.
704 2389 816 2414 16-19.
837 2391 886 2417 23..
907 2392 960 2417 Der.
983 2394 1003 2415 1.

139 2440 186 2470 45)
206 2441 280 2499 {Ei-{ia
297 2441 420 2472 persona]
438 2441 511 2466 Editt.
534 2440 643 2464 16-20,
663 2441 703 2464 23.
724 2442 840 2470 25-27..
858 2443 912 2468 Des.
929 2445 949 2467 1.
969 2445 990 2468 2.
1010 2450 1118 2475 persona

235 2480 246 2499 1·
259 2481 283 2500 ia

139 2524 185 2554 46)
204 2526 256 2557 qui]
277 2526 319 2551 Ed.
342 2526 390 2556 16.‚
409 2527 451 2552 Ex.
470 2526 504 2557 3.,
523 2527 577 2552 Des.
599 2528 619 2550 1.
640 2527 664 2551 2.
684 2533 748 2558 quae

137 2576 184 2605 4⁷)
204 2576 274 2602 conf.
298 2579 319 2601 1.
339 2578 391 2603 1011.
411 2578 435 2604 ³,
455 2578 478 2601 4.
498 2577 580 2606 5:1⁷.

629 123 652 154 1.
672 123 774 156 LOCl
792 123 1068 156 THEOLOGICI:
1092 124 1134 157 D.
1153 124 1315 157 TERTIA
1331 124 1489 158 EORUM
1507 124 1663 158 AETAS.

2070 127 2152 158 1078

1173 219 1282 250 derari
1299 229 1360 259 pro
1380 230 1440 251 sua
1459 221 1631 261 sapientia,
1653 221 1698 251 ita
1715 226 1822 251 tamen
1841 226 1877 251 ut
1895 221 1966 260 ipse
1979 221 2026 261 48)
2050 231 2071 252 3
2089 229 2152 252 5113

1172 262 1367 293 rectitudine
1389 273 1456 293 non
1479 264 1638 294 discedat.

1257 304 1476 336 LIBERTAS
1499 306 1729 337 voluntatis
1752 304 1946 336 humanae
1975 312 2066 336 ante
2092 304 2151 336 la-

1171 357 1284 388 psum
1303 353 1355 378 est
1373 347 1527 386 facultas,
1547 359 1611 390 qua
1628 355 1759 389 poterat
1772 348 1878 379 Adam
1896 348 1927 378 in
1948 349 2151 386 rectitudine,

1172 400 1237 430 qua
1260 391 1411 422 conditus
1435 398 1523 428 erat,
1546 401 1678 422 manere
1701 396 1733 422 et
1756 391 1889 422 obedire
1911 390 2002 428 Deo,
2026 397 2058 422 et
2081 392 2151 422 sine

1171 431 1238 463 ulla
1263 435 1435 464 coactione
1459 444 1495 465 50
1519 445 1539 465 3
1562 434 1636 465 Deo
1659 440 1821 465 avertere.

1256 475 1474 508 LIBERTAS
1503 475 1731 508 voluntatis
1759 475 1948 507 humanae
1976 482 2067 517 post
2094 475 2151 507 la·

1170 527 1302 559 psum,
1321 520 1415 549 etiam
1434 520 1467 549 in
1485 529 1552 550 11011
1570 520 1707 557 renatis,
1727 525 1777 550 est
1794 518 1949 556 facultas,
1969 529 2034 560 qua
2052 518 2150 549 homo

1171 566 1281 600 potest
1299 571 1416 602 regere
1434 560 1678 600 locomotivam,
1697 563 1729 593 id
1747 568 1807 599 est,
1826 564 1988 601 imperare
2006 562 2152 592 externis

1170 604 1324 633 membris
1344 605 1494 635 actiones
1513 606 1748 636 convenientes
1764 605 1846 646 Legi
1858 605 1921 636 Dei
1940 610 1972 635 et
1989 615 2056 635 non
2075 615 2151 635 con-

1171 646 1342 676 venientes
1366 652 1399 677 et
1416 648 1527 678 varias
1545 649 1715 688 utriusque
1733 648 1876 689 generis.
1923 646 1989 678 Sed
2008 658 2074 678 non
2092 658 2152 687 po-

1169 694 1233 719 test
1256 687 1375 719 tollere
1399 699 1440 720 ex
1461 696 1568 721 niente
1581 691 1800 721 dubitationes
1825 697 1855 720 et
1881 700 1921 721 ex
1941 690 2042 720 corde
2060 690 2152 720 vitio-

1171 740 1227 761 sas
1251 730 1480 763 inclinationes
1504 733 1575 763 sine
1598 732 1671 763 luce
1694 732 1865 774 Evangelii
1888 739 1918 763 et
1938 733 2009 763 sine
2029 732 2152 772 Spiritu

1170 780 1298 804 sancto.
1344 774 1427 805 Cum
1449 781 1557 806 autem
1579 775 1716 806 trahitur
1739 786 1759 806 a
1783 776 1907 815 Spiritu
1929 781 2058 812 sanctO,
2081 780 2151 815 pot-

1171 822 1221 847 est
1240 817 1379 858 obsequi
1398 824 1430 849 et
1448 828 1644 860 repugnare.
1680 818 1729 849 Fit
1753 819 1853 859 igitur
1875 819 1978 848 maior
2000 816 2149 853 libertas,

1171 869 1244 890 011111
1274 861 1377 891 corda
1407 867 1522 891 renata
1556 866 1714 902 reguntur
1742 860 1866 901 Spiritu
1896 866 2032 898 sancto,
2066 861 2152 892 sicut

1171 901 1293 933 Paulus
1309 903 1426 944 inquit
1456 903 1564 942 [Rom.
1588 904 1620 941 8,
1646 903 1728 942 14.]:
1763 903 1827 938 Qui
1850 904 1973 944 Spiritu
2001 902 2065 934 Dei
2095 904 2151 934 du-

1172 952 1305 983 cuntur,
1333 945 1365 976 hi
1395 953 1470 977 sunt
1496 946 1553 977 filii
1576 947 1649 977 Dei.
1695 947 1746 978 Ac
1770 952 1847 977 tuuc
1869 945 2005 977 libertas
2030 952 2079 977 est
2104 944 2151 976 fa-

1171 986 1290 1025 cultas,
1311 998 1376 1028 qua
1393 988 1491 1019 homo
1512 995 1645 1021 renatus
1665 990 1858 1031 gubernanti
1879 989 2012 1029 Spiritui
2031 995 2149 1020 sancto

1170 1037 1281 1070 potest
1305 1032 1552 1071 obtemperare,
1581 1038 1612 1063 et
1639 1042 1706 1062 11011
1735 1030 1841 1063 solum
1864 1041 1982 1072 regere
2004 1031 2150 1063 10001110-

1169 1073 1284 1109 tivam,
1321 1074 1381 1104 sed
1409 1075 1506 1104 etiam
1533 1075 1565 1105 in
1595 1075 1696 1105 corde
1726 1080 1834 1105 motus
1863 1074 1938 1105 Deo
1968 1073 2150 1114 placentes,

1169 1116 1272 1146 verbo
1292 1115 1355 1146 Dei
1378 1122 1408 1146 et
1429 1116 1552 1157 Spiritu
1575 1123 1691 1148 sancto
1714 1117 1929 1154 accendente,
1954 1118 2095 1148 retinere
2118 1123 2151 1147 et

1169 1159 1325 1188 resistere
1343 1159 1472 1189 w'tiosis
1492 1160 1645 1197 motibus,
1669 1166 1701 1190 et
1724 1166 1833 1200 potest
1857 1170 1917 1190 sua
1940 1166 2056 1200 sponte
2079 1160 2151 1190 sine

1171 1201 1341 1231 coactione
1365 1201 1538 1232 discedere
1562 1212 1581 1232 a
1604 1203 1707 1233 verbo
1732 1202 1795 1232 Dei
1822 1209 1855 1232 et
1878 1201 1964 1236 velle
1986 1203 2151 1233 contraria

1170 1244 1272 1274 verbo
1296 1243 1377 1279 Dei3
1400 1250 1435 1274 ut
1459 1242 1542 1274 Saul
1564 1250 1596 1274 et
1618 1244 1728 1275 David
1738 1247 1784 1285 ⁴⁹)
1809 1251 1928 1285 sponte
1952 1255 2014 1275 sua
2036 1243 2150 1276 volun-

1169 1292 1235 1316 tate
1259 1291 1291 1316 et
1315 1286 1386 1316 sine
1411 1287 1582 1317 coactione
1605 1292 1714 1318 ruunt.

1256 1338 1302 1376 ⁵⁰)
1317 1336 1611 1368 EVANGELIUM
1635 1344 1685 1369 est
1708 1338 1911 1378 praedicatio
1930 1339 2149 1380 poenitentiae

1169 1385 1200 1410 et
1222 1380 1411 1420 promissio,
1437 1391 1531 1421 quam
1555 1390 1622 1411 non
1645 1382 1736 1411 novit
1759 1382 1841 1412 ratio
1866 1381 2067 1419 naturaliter,
2090 1382 2149 1412 sed

1169 1421 1316 1452 revelata
1339 1423 1510 1459 divinitus,
1541 1423 1573 1453 in
1597 1433 1662 1464 qua
1684 1422 1777 1454 Deus
1800 1422 1942 1455 affirmat
1972 1434 2009 1455 se
2033 1425 2147 1465 gratis,

1167 1474 1233 1494 non
1256 1470 1392 1505 propter
1414 1464 1482 1495 ulla
1505 1472 1621 1496 nostra
1642 1467 1757 1497 merita
1786 1472 1840 1497 aut
1873 1468 2062 1508 dignitatem
2090 1477 2148 1497 no-

1167 1512 1280 1545 stram,
1307 1508 1367 1538 sed
1389 1514 1525 1549 propter
1548 1509 1765 1540 obedientiam
1788 1509 1860 1540 Filii
1885 1510 2093 1540 credentibus
2116 1510 2148 1540 in

1167 1548 1281 1580 Filium
1305 1556 1395 1581 certo
1419 1551 1584 1582 remittere
1605 1559 1742 1592 peccata
1772 1558 1803 1583 et
1829 1553 1951 1584 donare
1975 1553 2022 1583 eis
2046 1553 2147 1592 impu-

1167 1593 1322 1623 tationem
1347 1594 1487 1624 iustitiae
1510 1600 1542 1625 et
1565 1594 1880 1633 reconciliationem,
1902 1596 1935 1626 in
1959 1605 2023 1636 qua
2045 1594 2147 1626 Filius

1167 1635 1231 1666 Dei
1261 1646 1345 1667 voce
1374 1636 1548 1678 Evangelii
1578 1636 1772 1669 consolatur
1806 1644 1837 1669 et
1867 1637 2011 1670 vivificat
2045 1638 2147 1669 corda

1169 1678 1370 1710 credentium
1401 1686 1431 1710 et
1453 1678 1569 1711 liberat
1594 1690 1653 1710 eos
1676 1690 1696 1710 a
1718 1686 1823 1712 morte
1845 1686 1980 1712 aeterna
2009 1686 2041 1711 et
2068 1679 2147 1712 facit

1168 1731 1225 1752 eos
1250 1721 1372 1763 templa
1395 1721 1473 1761 Dei,
1501 1723 1576 1754 dato
1601 1722 1725 1764 Spiritu
1755 1730 1888 1762 sancto,
1919 1723 2147 1754 sanctificante

1168 1773 1227 1794 eos
1250 1770 1281 1795 et
1305 1765 1507 1797 accendente
1530 1765 1614 1797 tales
1637 1772 1755 1803 motuS,
1779 1765 1886 1807 qualis
1910 1772 1961 1797 est
1983 1767 2054 1807 ipse
2073 1766 2146 1806 Spi-

1166 1807 1248 1837 ritus
1272 1814 1421 1846 sanctuS,
1445 1814 1476 1839 et
1503 1810 1602 1840 donat
1624 1809 1858 1840 haereditatem
1881 1810 1968 1840 w’tae
1991 1816 2146 1840 aeternae

1168 1850 1390 1888 credentibus,
1414 1852 1501 1892 quod
1519 1857 1654 1893 propter
1671 1853 1778 1892 ipsum
1802 1853 1906 1894 gratis
1929 1852 2073 1883 habeant
2095 1862 2146 1883 re-

1166 1893 1356 1924 missionem
1379 1900 1608 1935 peccatorum,
1638 1895 1882 1935 imputationem
1907 1895 2066 1933 iustitiae,
2094 1905 2145 1926 re-

1166 1935 1431 1968 conciliationem
1454 1944 1485 1968 01
1507 1937 1741 1969 haereditatem
1764 1938 1851 1968 vitae
1873 1944 2036 1968 aeternae.

1251 1978 1411 2011 VIRTUS
1436 1981 1467 2011 in
1490 1986 1608 2012 natura
1631 1982 1770 2022 integra,
1795 1986 1845 2011 est
1867 1991 1947 2012 vcra
1970 1979 2145 2011 conformi·

1166 2027 1217 2052 tas
1251 2028 1398 2053 motuum
1432 2024 1542 2054 cordis
1574 2030 1605 2055 et
1636 2025 1778 2055 omnium
1806 2024 1923 2055 virium
1953 2033 2026 2054 qun
2057 2023 2142 2057 Deo,

1165 2065 1253 2096 sicut
1271 2075 1308 2096 se
1327 2066 1359 2096 in
1378 2065 1469 2108 Lege
1488 2066 1653 2108 patefecit,
1672 2073 1704 2098 et
1722 2065 1864 2097 refertur
1881 2067 1924 2097 ad
1943 2065 2030 2097 hunc
2046 2065 2144 2097 finem

1164 2107 1395 2149 principalem,
1429 2117 1464 2140 ut
1491 2109 1564 2140 Deo
1598 2116 1784 2151 praestetur
1817 2110 2003 2140 obedientia
2032 2109 2144 2140 debita

1165 2156 1197 2181 et
1212 2152 1256 2190 ⁵¹)
1280 2152 1350 2192 ipse
1375 2151 1560 2184 celebretur
1582 2154 1671 2185 imita
1698 2153 1819 2184 dictum
1848 2151 1975 2189 [Matth.
1999 2151 2035 2189 5,
2062 2151 2141 2190 164:

1163 2290 1208 2320 48)
1228 2290 1261 2314 ita
1286 2292 1372 2314 tamen
1401 2292 1427 2315 ut
1452 2291 1518 2322 ipse]
1553 2291 1628 2316 Editt.
1651 2290 1681 2313 16
1700 2304 1732 2307 -
1753 2290 1792 2313 19.
1814 2290 1853 2313 23.
1874 2290 1908 2315 ita
1927 2293 1954 2315 ut
1973 2292 2058 2314 tamen
2076 2289 2141 2320 ipse;

1231 2324 1304 2349 Editt.
1325 2325 1366 2347 20.
1388 2325 1428 2347 21.
1449 2325 1498 2352 25..
1519 2325 1590 2356 corp.
1611 2325 1642 2352 1.,
1661 2324 1720 2355 0pp.
1741 2325 1762 2347 1.
1782 2325 1814 2352 2..
1833 2325 1873 2349 Ex.
1893 2324 1927 2353 3.,
1945 2324 2000 2349 Des.
2022 2325 2043 2347 1.
2065 2324 2088 2346 2.
2108 2324 2140 2348 ita

1232 2364 1258 2383 ut
1276 2361 1378 2387 tamen:
1397 2359 1467 2389 corp.
1487 2359 1510 2382 2.
1531 2360 1556 2382 4.
1576 2362 1662 2384 tamen
1682 2363 1709 2384 ut
1726 2359 1781 2389 ipse
1798 2359 1833 2384 ita

1162 2410 1207 2438 49)
1226 2410 1286 2468 Sactlll
1304 2412 1329 2434 et
1348 2409 1436 2441 David]
1462 2410 1534 2435 Editt.
1558 2410 1587 2433 16
1607 2424 1639 2427 —
1659 2411 1699 2434 20.
1719 2410 1758 2434 23.
1778 2410 1827 2439 25.,
1847 2409 1901 2435 Des.
1925 2411 1943 2434 1.
1964 2410 1986 2432 2.
2007 2410 2075 2437 Saul.
2094 2410 2140 2434 Da-

1230 2450 1253 2468 11
1273 2463 1279 2469 .

1162 2495 1208 2525 50)
1229 2496 1297 2520 Tota
1314 2495 1383 2520 haec
1400 2494 1524 2525 definitio
1542 2496 1741 2522 EVANGELIUM
1759 2509 1791 2513 -
1812 2509 1842 2513 -
1867 2496 1934 2520 vitae
1953 2496 2074 2520 aeternae
2094 2495 2141 2520 ab·

1231 2531 1274 2554 est
1291 2530 1327 2555 ab
1345 2530 1417 2555 Editt.
1439 2530 1545 2555 16-19,
1565 2530 1612 2560 23.,
1630 2530 1685 2556 Des.
1705 2532 1728 2553 1.

1162 2581 1207 2612 51)
1227 2584 1253 2606 et
1271 2581 1349 2606 abest
1366 2582 1402 2607 ab
1420 2581 1493 2606 Editt.
1515 2580 1622 2607 16—19.
1640 2581 1691 2608 23..
1709 2582 1763 2608 Des.
1785 2583 1805 2606 1.
1938 2614 1985 2639 68*
