2358 2933
0 0 19 520 ssmm

145 120 229 154 1045
624 120 647 152 1.
670 121 773 153 LOCI
794 120 1077 154 THEOLOGICI:

144 216 188 247 ibi
211 215 420 257 precationes
443 223 504 254 pro
523 214 608 245 vivis
628 220 659 246 et
677 216 824 247 mortuis.
867 215 953 251 Quid
971 215 1048 247 mali
1067 224 1128 255 est,

144 260 403 299 circumgestare
425 262 553 298 partem
577 257 805 289 Sam-amenti?
838 259 990 300 Augetur
1016 259 1127 301 populi

144 302 310 334 invocatio
339 305 371 331 et
401 299 653 332 Sacramentum
687 299 814 332 honore
846 299 997 332 afficitur.
1043 302 1128 337 Quid

144 343 222 376 mali
245 349 308 381 est,
331 348 444 383 petere
468 353 487 373 a
509 343 659 381 mortuis,
685 344 740 384 qui
764 344 875 374 vivunt
900 345 986 384 apud
1009 344 1127 384 Deum,

143 392 180 419 ut
202 396 263 428 pro
288 386 384 416 nobis
407 385 633 416 intercedant?
678 385 774 416 Haud
797 386 895 416 dubie
923 393 992 418 tota
1014 386 1128 420 Eccle-

143 430 196 461 sia
218 429 249 460 in
274 427 369 460 coelo
402 434 434 459 et
456 428 489 458 in
515 429 612 459 terris
641 438 772 469 semper
802 429 970 471 coniungit
999 441 1126 471 preces,

143 471 309 513 Speciosa
332 471 417 502 haec
439 477 517 502 sunt
541 476 576 501 et
598 471 640 502 ab
665 469 895 512 eloquentibus
920 474 1030 504 ornari
1053 484 1128 515 pos-

145 520 232 546 sunt.

231 557 300 588 Sed
322 557 385 588 hae
408 556 584 598 speciosae
606 556 750 587 rationes
781 563 814 587 et
836 560 1049 597 πιθανολογίαι
1073 560 1128 590 ab·

144 601 272 632 ducunt
293 599 445 631 homines
469 609 490 630 a
511 599 615 630 verbo
638 598 712 630 Dei.
757 598 835 631 Ideo
858 599 890 631 hi
916 600 984 631 ludi
1012 611 1032 632 a
1054 601 1128 633 Deo

142 642 299 684 prohibiti
320 650 407 674 sunt.
454 641 540 673 Nam
564 641 660 673 simili
687 642 826 674 audacia
856 642 985 685 fingunt
1014 643 1128 675 haere-

144 686 201 717 tici
220 696 301 717 suos
321 695 464 722 errores,
483 684 538 715 alii
557 683 653 722 alios,
677 685 741 715 imo
762 684 907 717 luctante
926 687 1128 719 conscientia

145 729 187 760 de
210 729 406 759 remissione
435 733 651 768 peccatorum
678 734 709 758 et
738 728 778 758 de
808 727 979 760 voluntate
1001 728 1065 761 Dei
1095 731 1127 760 in

144 771 273 813 magnis
297 770 536 802 calamitatibus
559 770 657 801 animi
680 771 729 801 sic
752 770 949 810 assuefacti,
972 778 1006 802 ut
1030 773 1127 803 ratio-

143 813 195 845 nis
226 815 399 855 opiniones
430 818 629 854 sequantur,
663 814 813 844 amittunt
842 824 941 845 veras
976 814 1126 846 consola-

143 857 252 888 tiones
275 867 295 888 a
317 856 391 888 Deo
415 857 564 887 traditas.

230 899 284 930 De
309 900 422 940 parvis
450 901 551 930 rebus
580 899 730 940 inquiunt
759 899 821 930 viri
850 898 974 939 politici
1002 901 1126 931 moveri

145 943 341 980 certamina,
381 952 466 983 quae
504 942 570 973 sint
604 942 743 972 exitiosa
776 943 930 982 imperiis.
983 943 1126 974 Haerent

145 985 230 1016 enim
260 985 448 1017 discordiae
477 990 511 1015 et
541 990 698 1015 crescunt
732 983 911 1015 factionum
945 987 1061 1016 studiis
1096 992 1127 1016 et

144 1027 240 1059 odIis.
285 1028 369 1058 Nam
391 1027 540 1059 homines
564 1038 631 1058 uon
658 1027 826 1058 moderate
841 1029 886 1067 ⁵3)
918 1028 1126 1059 dissentiunt.

144 1069 213 1102 Cur
235 1070 347 1113 igitur,
370 1071 530 1111 inquiunt,
554 1071 594 1101 de
617 1069 715 1107 lacte,
740 1071 780 1100 de
804 1070 888 1108 ovis,
914 1071 953 1101 de
977 1080 1037 1101 esu
1058 1082 1128 1101 car-

143 1113 234 1144 nium
257 1120 366 1144 tantas
391 1114 488 1155 agitis
518 1112 732 1154 tragoedias?
766 1112 833 1143 Cur
860 1123 927 1143 non
956 1112 1128 1144 antefertis

143 1154 195 1186 his
218 1156 350 1187 minutis
374 1158 475 1188 rebus
500 1155 664 1197 publicam
689 1156 900 1187 concordiam
924 1163 955 1187 et
973 1155 1128 1197 tranquil-

143 1197 289 1230 litatem?

230 1241 321 1272 Vera
355 1247 385 1272 et
419 1241 512 1272 firma
541 1241 718 1281 responsio
748 1246 815 1278 est,
849 1251 916 1272 non
946 1241 986 1272 de
1016 1241 1128 1281 parvis

144 1284 245 1315 rebus
269 1284 433 1320 dimicari,
464 1284 522 1314 sed
548 1285 589 1314 de
612 1282 721 1313 multis
745 1284 874 1324 magnis
898 1284 1016 1320 rebus,
1044 1294 1128 1324 quae

143 1331 221 1357 sunt
244 1324 481 1356 anteferendae
504 1332 639 1356 nostrae
659 1326 756 1362 vitae,
780 1326 932 1356 omnibus
952 1336 1128 1366 corporum

143 1369 337 1406 commodis,
357 1369 502 1409 imperiis
522 1374 553 1399 et
573 1368 771 1399 concordiae
790 1367 955 1409 publicae,
975 1367 1127 1399 videlicet

143 1411 186 1442 de
208 1420 289 1441 vera
315 1411 482 1451 agnitione
511 1417 544 1442 et
570 1411 783 1441 invocatione
805 1410 887 1448 Dei,
918 1421 960 1441 ne
991 1412 1030 1442 de
1053 1410 1127 1442 Deo

143 1459 176 1484 et
204 1453 274 1484 eius
304 1452 476 1484 voluntate
503 1460 709 1494 quaerantur
738 1454 910 1493 opiniones
940 1460 1031 1484 extra
1055 1464 1128 1484 ver-

144 1497 222 1526 bum
255 1496 298 1526 ab
332 1497 406 1536 ipso
442 1496 610 1533 traditum,
643 1496 730 1526 sicut
760 1494 908 1526 fecerunt
938 1496 1066 1526 Ethnici
1097 1503 1126 1527 et

142 1548 260 1569 omnes
284 1537 421 1569 fanatici
445 1540 597 1579 spiritus,
624 1538 879 1576 samosatenus,
910 1538 1028 1576 Arius,
1057 1538 1128 1569 Ma-

144 1581 286 1619 nichaei,
309 1580 476 1622 Pelagius,
499 1580 676 1612 Mahomet.

231 1622 321 1654 Talis
354 1622 448 1655 furor
481 1623 748 1665 reprehenditur,
783 1624 837 1665 qui
873 1624 1000 1655 etiamsi
1034 1624 1128 1655 dissi-

144 1666 239 1698 miles
262 1668 417 1698 materias
441 1668 606 1708 proponit,
629 1673 737 1697 tamen
759 1667 945 1698 uniusmodi
968 1673 1029 1698 est.
1078 1667 1128 1698 Ex

144 1710 261 1741 iisdem
283 1710 426 1740 tenebris
452 1710 601 1740 oriuntur
623 1709 846 1740 Bacchanalia
869 1715 900 1740 et
920 1709 1128 1741 Samosateni

145 1762 240 1784 error
263 1758 294 1783 et
317 1752 411 1794 leges
435 1751 703 1784 Manichaeorum
727 1754 767 1784 de
791 1753 872 1783 cibis
905 1758 936 1783 et
965 1752 1019 1783 lex
1043 1752 1128 1783 Pon-

144 1795 268 1826 tificum
295 1795 336 1826 de
365 1794 530 1826 coelibatu
558 1795 776 1827 Sacerdotum
805 1802 835 1826 et
859 1795 1128 1827 Sacrificulorum

145 1839 312 1869 temeritas
348 1838 388 1869 de
422 1839 610 1870 venditione
642 1839 820 1869 Missarum
854 1845 885 1869 et
921 1839 1128 1870 invocatione

144 1888 359 1913 mortuorum.
752 1907 754 1909 .

231 1922 311 1954 Vult
338 1923 432 1955 Deus
463 1930 589 1955 mentes
624 1930 757 1955 nostras
792 1923 945 1966 alligatas
977 1935 1053 1956 esse
1087 1925 1129 1955 ad

143 1977 240 1998 suum
263 1967 411 2004 verbum,
436 1978 455 1998 a
479 1977 543 2007 quo
568 1978 642 1998 cum
661 1968 842 1999 discessum
862 1974 924 2006 est,
948 1975 1130 2009 sequuntur

145 2008 270 2040 infinita
294 2009 408 2040 deliria
433 2016 465 2040 et
488 2009 585 2040 idola.
628 2010 741 2051 ltaque
766 2011 805 2041 de
824 2010 887 2041 hac
906 2009 1020 2052 regula
1039 2011 1128 2042 dimi-

145 2062 278 2089 camus,
308 2062 350 2082 ne
379 2063 398 2083 a
421 2053 524 2083 verbo
547 2052 610 2084 Dei
635 2054 834 2084 discedatur.
881 2054 992 2089 Quare
1023 2055 1063 2085 de
1092 2064 1129 2084 re

145 2096 290 2126 omnium
312 2096 453 2126 maxima
474 2094 659 2127 Ecclesiam
684 2095 1014 2128 commonefaciamus·
1029 2099 1073 2134 ⁵⁴)
1099 2103 1129 2127 et

146 2138 278 2179 quidem
293 2139 446 2169 mandato
462 2139 583 2169 divino.
607 2139 694 2169 Nota
709 2146 759 2170 est
774 2141 857 2170 enim
869 2141 1032 2170 sententia
1045 2138 1128 2177 [Gal.

149 2181 247 2220 l,9.]:
263 2181 298 2212 Si
312 2182 384 2222 quis
397 2180 485 2212 aliud
493 2180 710 2222 Evangelium
724 2183 867 2220 docebit,
878 2182 1062 2214 Anathema
1076 2184 1128 2213 sit.

232 2224 410 2255 Praeterea
440 2225 607 2265 sapientes
637 2224 682 2255 illi
712 2224 836 2266 politici
865 2233 1044 2266 excerpunt
1074 2227 1130 2257 mi-

146 2272 225 2297 nuta
243 2267 276 2297 in
293 2268 451 2307 speciem,
476 2278 569 2298 esum
589 2269 736 2299 carnium
755 2276 809 2299 aut
825 2270 870 2308 ⁵⁵)
893 2279 1041 2306 ovorum,
1066 2269 1128 2306 his,

145 2310 254 2347 aiunt,
279 2309 492 2342 anteferenda
515 2316 584 2341 erat
609 2311 787 2342 concordia
810 2311 951 2352 publica.
997 2311 1040 2342 At
1064 2322 1128 2343 non

146 2358 272 2384 tantum
302 2354 343 2384 de
372 2364 431 2385 esu
462 2354 608 2385 carnium
636 2360 691 2385 aut
717 2352 837 2385 talibus
869 2356 998 2386 minutis
1029 2356 1128 2387 rebus

145 2473 192 2504 53)
210 2474 353 2506 moderate]
375 2475 448 2500 Editt.
469 2476 509 2499 22.
531 2476 570 2499 2²4.
591 2476 707 2501 28—34..
727 2477 786 2507 opp.
808 2478 828 2500 l.
851 2478 870 2502 ἓ.
890 2478 1014 2502 moderati

146 2526 192 2556 54]
213 2526 485 2558 commonefaciamus]
506 2527 578 2552 Editt.
600 2528 691 2553 1-10.
712 2529 954 2554 commonefacimus

146 2577 191 2608 55)
211 2579 254 2602 aut
273 2578 380 2604 excidi!
399 2579 425 2604 in
446 2579 517 2609 Coi-p.
538 2580 560 2602 2,
582 2580 603 2604 4.

1115 122 1158 154 D.
1180 122 1341 155 TERTIA
1362 122 1518 155 EORUM
1542 123 1697 155 AETAS.

2068 126 2149 158 1046

1148 220 1151 246 !
1172 217 1410 248 contendimus.
1450 217 1527 248 Dixi
1551 218 1591 248 de
1613 217 1705 248 fonte
1728 228 1876 249 errorum
1890 218 1936 259 ⁵⁶)
1962 229 2149 252 commone-

1170 258 1355 291 faciendam
1378 270 1453 291 esse
1475 259 1676 298 Ecclesiam,
1704 261 1736 291 id
1766 267 1833 298 est,
1863 261 1903 291 de
1932 261 2069 293 audacia
2091 263 2149 294 hu-

1171 313 1266 334 mana
1289 303 1480 334 discedente
1502 314 1522 334 a
1547 304 1649 334 verbo
1670 303 1744 341 Dei,
1769 313 1853 344 quae
1875 302 1967 334 finxit
1990 314 2056 335 non
2079 312 2150 336 tan—

1171 352 1237 376 tum
1266 344 1361 387 leges
1385 346 1551 384 ciborum,
1582 347 1644 376 etsi
1673 345 1735 376 hae
1766 345 1859 377 solae
1888 347 1985 377 etiam
2015 346 2150 378 multum

1171 398 1319 419 errorum
1342 389 1492 429 gignunt,
1515 389 1575 419 sed
1599 390 1697 419 etiam
1719 388 1784 419 alia
1803 388 2027 420 manifestiora
2050 389 2148 428 idola,

1171 437 1205 462 ut
1228 431 1434 461 venditiones
1458 430 1637 462 Missarum
1663 442 1722 472 pro
1746 432 1831 462 vivis
1860 438 1890 462 et
1920 433 2073 471 mortuis,
2104 434 2150 464 in-

1171 474 1362 504 vocationes
1396 480 1615 511 mortuorum,
1650 472 1756 515 legem
1792 473 1973 505 coelibatus
2008 482 2039 507 et
2073 475 2149 506 alia.

1170 516 1242 546 Nec
1265 516 1339 546 finis
1369 523 1419 547 est
1449 516 1565 547 horum
1588 515 1745 547 furorum.
1791 516 1887 547 Nunc
1910 517 2151 559 Anabaptistae

1171 557 1268 589 smh
1291 557 1402 589 furore
1425 570 1530 590 novas
1554 559 1724 599 opiniones
1754 565 1785 589 et
1814 570 1921 590 novos
1948 560 2029 590 ritus
2053 571 2150 592 exco-

1171 602 1285 642 gitant.
1353 601 1555 633 Necessaria
1586 608 1636 632 est
1670 602 1768 642 igitur
1796 600 1971 633 Ecclesiae
2000 603 2151 634 doctrina

1172 645 1212 675 de
1234 643 1299 674 hoc
1323 650 1440 684 quarto
1464 644 1570 685 gradu
1592 643 1770 681 libertatis,
1797 651 1827 675 et
1849 643 2021 686 diligenter
2044 647 2150 677 consi-

1171 687 1317 717 deranda
1340 693 1390 717 est
1414 697 1546 724 caussa,
1570 687 1657 727 quod
1679 696 1820 717 necesse
1844 688 1885 718 sit
1904 688 2071 719 admoneri
2090 688 2147 720 Ec-

1172 728 1322 766 clesiam,
1353 739 1394 760 ne
1422 739 1441 759 a
1464 730 1566 760 verbo
1591 728 1653 759 Dei
1677 729 1874 760 discedatur.
1915 729 2068 762 Lucerna
2096 741 2150 771 pe-

1171 773 1267 803 dibus
1292 772 1372 802 meis
1396 773 1531 803 verbum
1556 779 1662 810 tuum,
1692 772 1795 813 inquit
1817 772 1985 814 Propheta
2017 773 2150 811 [Psalm-

1173 814 1245 852 118,
1272 814 1367 853 1054

1257 856 1387 888 Faciles
1421 863 1498 889 sunt
1528 864 1637 889 autem
1670 856 1783 898 lapsus
1817 864 1848 888 et
1881 858 1971 889 initio
2006 859 2150 897 obscuri,

1172 911 1245 931 cum
1268 899 1331 931 hac
1354 900 1428 931 luce
1451 911 1592 932 excussa
1615 899 1857 941 amplectuntur
1877 902 1972 932 animi
1990 901 2150 933 humanas

1171 943 1358 984 opiniones,
1389 953 1474 984 quae
1498 942 1663 974 stabiliunt
1689 942 1792 981 idola,
1824 950 1855 974 et
1878 951 2080 984 quaeruntur
2103 958 2151 974 m—

1171 988 1363 1025 θανολογίαι,
1391 996 1473 1027 quas
1497 985 1619 1017 Paulus
1644 986 1715 1026 ipse
1739 986 1841 1027 inquit
1864 988 2006 1026 speciem
2029 986 2151 1018 habere

1172 1029 1362 1069 sapientiae,
1386 1039 1459 1059 cum
1483 1036 1590 1060 tamen
1613 1030 1676 1059 sint
1699 1029 1910 1069 imposturae.
1945 1029 2032 1064 Quid
2051 1036 2151 1067 vetat,

1171 1072 1329 1112 inquiunt,
1355 1082 1429 1102 cum
1452 1072 1625 1102 nobiscum
1644 1072 1798 1103 universa
1818 1071 1969 1103 Ecclesia
1991 1073 2023 1103 in
2048 1072 2150 1103 coelis

1171 1120 1202 1144 et
1232 1115 1263 1144 in
1294 1120 1382 1144 terra
1413 1124 1542 1155 semper
1572 1121 1640 1144 oret
1667 1113 1794 1152 Deum,
1822 1125 1863 1145 ne
1894 1115 1978 1145 sinat
2007 1116 2152 1156 extingui

1173 1166 1283 1187 veram
1306 1157 1507 1194 doctrinam,
1536 1157 1594 1187 sed
1618 1164 1652 1187 ut
1677 1155 1810 1197 colligat
1835 1158 1897 1188 sibi
1921 1163 1950 1188 et
1974 1164 2067 1199 regat
2089 1158 2152 1189 Ec-

1172 1197 1318 1236 clesiam,
1338 1198 1538 1238 compellare
1558 1200 1653 1230 etiam
1673 1206 1821 1237 sanctos,
1843 1200 1898 1240 qui
1917 1199 2069 1231 fruuntur
2089 1200 2152 1232 Dei

1173 1242 1423 1272 consuetudine.
1447 1248 1478 1272 et
1500 1241 1636 1279 hortari,
1659 1248 1693 1272 ut
1717 1252 1795 1272 suas
1818 1252 1935 1283 preces
1959 1243 2001 1274 ad
2020 1251 2151 1274 nostras

1173 1285 1370 1325 adiungant3
1395 1283 1495 1314 Certe
1518 1290 1638 1315 norunt
1660 1283 1747 1315 hanc
1771 1295 1846 1315 esse
1865 1285 2065 1317 voluntatem
2085 1288 2152 1328 pio-

1172 1337 1253 1357 rum.
1296 1326 1387 1357 Haec
1420 1325 1639 1366 plausibiliter
1673 1328 1839 1366 dicuntur,
1880 1328 1939 1359 sed
1972 1327 2025 1359 hic
2059 1340 2151 1370 prae—

1171 1376 1282 1400 textus
1306 1376 1428 1410 quanta
1452 1369 1580 1400 scelera
1604 1369 1791 1401 confirmat!

1258 1412 1423 1442 Exaudire
1453 1412 1660 1454 singulorum
1691 1419 1768 1443 vota
1801 1420 1831 1444 et
1861 1421 2014 1455 spectare
2043 1422 2151 1446 motus

1173 1455 1319 1485 cordium
1348 1453 1451 1485 solius
1481 1462 1531 1485 est
1560 1454 1623 1485 Dei
1652 1465 1711 1486 seu
1742 1456 1974 1497 omnipotentis
2005 1465 2152 1494 naturae,

1171 1503 1206 1527 ut
1226 1495 1315 1527 clare
1335 1498 1453 1528 dicitur
1471 1498 1501 1528 ἱ).
1522 1497 1630 1528 Paral.
1649 1498 1676 1529 6,
1700 1501 1762 1536 [vs.
1783 1499 1848 1537 3o.]
1885 1499 1934 1531 Tu
1952 1500 2046 1532 solus
2066 1503 2152 1532 nosti

1173 1541 1273 1570 corda
1308 1539 1448 1570 filiorum
1477 1539 1653 1571 hominum.
1702 1541 1798 1572 Hunc
1824 1542 1986 1574 honorem
2014 1546 2151 1575 mortuis

1172 1583 1317 1613 tribuunt
1341 1581 1405 1619 illi,
1436 1584 1490 1624 qui
1520 1583 1716 1624 compellant
1740 1584 1901 1626 singulos.
1947 1585 2076 1618 Deinde
2100 1598 2154 1617 ac-

1173 1626 1291 1656 cedunt
1314 1627 1437 1656 maiora
1462 1625 1591 1664 deliria,
1622 1626 1749 1668 fingunt
1778 1636 1925 1659 mortuos
1957 1630 2048 1669 ipsos
2077 1640 2153 1661 esse

1173 1667 1408 1708 opitulatores,
1433 1675 1463 1699 et
1488 1668 1560 1700 aliis
1585 1668 1649 1700 alia
1672 1681 1808 1702 munera
1831 1672 2030 1703 attribuunt:
2056 1672 2154 1704 Pror-

1172 1721 1230 1741 sus
1253 1717 1287 1741 ut
1309 1710 1439 1742 Ethnici
1463 1723 1481 1742 a
1505 1712 1627 1743 Iunone
1651 1713 1795 1751 divitias,
1824 1725 1843 1745 a
1866 1713 2002 1746 Pallade
2026 1717 2154 1756 sapien-

1172 1755 1260 1791 tiam,
1285 1765 1303 1784 a
1322 1753 1453 1785 Venere
1475 1754 1590 1785 felices
1615 1766 1757 1794 amores,
1781 1767 1799 1786 a
1819 1757 1925 1788 Marte
1945 1758 2101 1790 victorias
2122 1767 2153 1790 et

1172 1798 1212 1828 ab
1237 1795 1308 1827 aliis
1333 1796 1396 1827 alia
1419 1799 1585 1838 petebant.
1628 1799 1674 1829 lta
1695 1798 1902 1831 cumulantur
1924 1799 2054 1839 delicta,
2080 1813 2154 1833 cum

1172 1840 1265 1870 initio
1288 1846 1422 1881 propter
1445 1840 1653 1881 plausibilem
1678 1843 1833 1873 rationem
1853 1853 1919 1873 non
1942 1845 2059 1884 procul
2089 1846 2153 1875 dis-

1173 1883 1319 1913 cessisse
1349 1894 1367 1913 a
1394 1885 1496 1915 verbo
1527 1884 1589 1915 Dei
1619 1885 1776 1916 videmur.
1811 1886 1854 1916 At
1878 1894 2006 1917 consfflt
2029 1887 2153 1918 nullum

1173 1936 1249 1956 esse
1274 1925 1457 1966 exemplum
1481 1928 1699 1959 invocationis
1724 1936 1927 1960 mortuorum
1952 1931 1984 1960 in
2007 1930 2154 1972 Prophe-

1173 1969 1246 1999 ticis
1271 1975 1301 2000 et
1326 1969 1529 2009 Apostolicis
1555 1972 1697 2012 scriptis.
1745 1970 1883 2002 Constat
1909 1983 1972 2003 non
2003 1983 2078 2004 esse
2108 1975 2153 2004 in-

1173 2013 1367 2043 vocationes
1396 2013 1613 2044 instituendas
1643 2014 1784 2044 humana
1812 2016 1959 2046 audacia.
2006 2016 2075 2047 Hae
2106 2028 2153 2047 re-

1174 2053 1270 2096 gulae
1295 2057 1512 2095 opponendae
1536 2063 1611 2087 sunt
1635 2056 1700 2088 illis
1723 2056 1849 2088 fucosis
1872 2061 2153 2090 excusationibus.

1174 2099 1291 2139 quibus
1315 2109 1401 2129 nunc
1426 2100 1525 2129 astuti
1550 2101 1680 2141 quidam
1709 2101 1847 2142 pingunt
1877 2100 1982 2132 idola.
2016 2110 2047 2133 ut
2078 2102 2151 2133 olim

1174 2142 1205 2172 in
1229 2140 1324 2172 festis
1348 2142 1567 2184 pingebantur
1591 2150 1728 2181 statuae,

1239 2226 1436 2268 Sanguineis
1462 2228 1549 2259 ebuli
1573 2230 1684 2260 baccis
1708 2230 1872 2271 minioque
1897 2232 2024 2262 rubenti
2036 2234 2090 2264 ⁵⁷;.

1259 2312 1348 2343 Haec
1372 2315 1413 2344 ad
1438 2314 1779 2346 commonefaciendos
1803 2317 1971 2347 studiosos
2002 2318 2081 2355 dixi,
2114 2330 2152 2350 ne

1149 2366 1152 2391 ς
1173 2357 1359 2397 praestigiis
1384 2355 1448 2387 illis
1474 2359 1696 2389 excusantium
1722 2369 1853 2389 errores
1879 2366 1909 2390 et
1928 2359 2014 2391 idola
2034 2362 2151 2395 abduci

1150 2403 1210 2442 ise
1235 2410 1253 2429 a
1279 2399 1414 2430 veritate
1438 2401 1557 2431 sinant.
1602 2401 1686 2432 Nam
1716 2403 1743 2432 si
1771 2401 1838 2433 ludi
1866 2401 1911 2433 illi
1944 2404 2149 2436 audacissimi

1148 2513 1151 2545 ἶ
1173 2530 1217 2556 56)
1238 2530 1363 2561 errorum]
1386 2530 1457 2555 Editt.
1479 2530 1519 2554 22.
1540 2532 1579 2555 24.
1601 2532 1720 2559 28-34..
1740 2534 1799 2564 Opp.
1824 2535 1843 2557 1Δ
1865 2535 1886 2557 ²2.
1909 2540 1996 2559 eorum

1173 2582 1217 2607 2²27)
1237 2582 1302 2611 virg
1326 2582 1407 2612 Eclog.
1429 2583 1455 2607 X.
1476 2583 1515 2609 27,

1951 2638 1998 2661 66²
