<?xml version="1.0" encoding="UTF-8"?>
<!DOCTYPE html PUBLIC "-//W3C//DTD XHTML 1.0 Transitional//EN"
    "http://www.w3.org/TR/xhtml1/DTD/xhtml1-transitional.dtd">
<html xmlns="http://www.w3.org/1999/xhtml" xml:lang="en" lang="en">
 <head>
  <title>
</title>
<meta http-equiv="Content-Type" content="text/html;charset=utf-8" />
  <meta name='ocr-system' content='tesseract 3.04.00' />
  <meta name='ocr-capabilities' content='ocr_page ocr_carea ocr_par ocr_line ocrx_word'/>
</head>
<body>
  <div class='ocr_page' id='page_1' title='image "./operaquaesupersu21melauoft_0436.png"; bbox 0 0 2358 2933; ppageno 0'>
   <div class='ocr_carea' id='block_1_1' title="bbox 237 196 1235 1747">
    <p class='ocr_par' dir='ltr' id='par_1_1' title="bbox 237 196 1235 739">
     <span class='ocr_line' id='line_1_1' title="bbox 264 196 1235 234; baseline 0.004 -9"><span class='ocrx_word' id='word_1_1' title='bbox 264 205 400 234; x_wconf 88' lang='lat' dir='ltr'><strong>quorum</strong></span> <span class='ocrx_word' id='word_1_2' title='bbox 425 203 498 225; x_wconf 81' lang='lat' dir='ltr'><strong>sunt</strong></span> <span class='ocrx_word' id='word_1_3' title='bbox 524 196 650 226; x_wconf 73' lang='lat' dir='ltr'><strong>vitiosiz</strong></span> <span class='ocrx_word' id='word_1_4' title='bbox 673 196 740 226; x_wconf 80' lang='lat' dir='ltr'><strong>sed</strong></span> <span class='ocrx_word' id='word_1_5' title='bbox 764 206 836 227; x_wconf 91' lang='lat' dir='ltr'><strong>cum</strong></span> <span class='ocrx_word' id='word_1_6' title='bbox 859 196 943 228; x_wconf 82' lang='lat' dir='ltr'><strong>salsa</strong></span> <span class='ocrx_word' id='word_1_7' title='bbox 965 198 1113 228; x_wconf 82' lang='lat' dir='ltr'><strong>doctrina</strong></span> <span class='ocrx_word' id='word_1_8' title='bbox 1125 198 1235 229; x_wconf 75' lang='lat' dir='ltr'><strong>desen-</strong></span> 
     </span>
     <span class='ocr_line' id='line_1_2' title="bbox 263 236 1234 279; baseline 0.005 -13"><span class='ocrx_word' id='word_1_9' title='bbox 263 238 358 272; x_wconf 81' lang='lat' dir='ltr'><strong>ditur,</strong></span> <span class='ocrx_word' id='word_1_10' title='bbox 391 245 420 267; x_wconf 88' lang='lat' dir='ltr'><strong>et</strong></span> <span class='ocrx_word' id='word_1_11' title='bbox 445 236 607 267; x_wconf 81' lang='lat' dir='ltr'><strong>stabilitur</strong></span> <span class='ocrx_word' id='word_1_12' title='bbox 631 236 831 274; x_wconf 80' lang='lat' dir='ltr'><strong>idololatria,</strong></span> <span class='ocrx_word' id='word_1_13' title='bbox 855 246 996 270; x_wconf 82' lang='lat' dir='ltr'><strong>mutatur</strong></span> <span class='ocrx_word' id='word_1_14' title='bbox 1018 240 1122 279; x_wconf 87' lang='lat' dir='ltr'><strong>ipsum</strong></span> <span class='ocrx_word' id='word_1_15' title='bbox 1145 241 1234 271; x_wconf 71' lang='lat' dir='ltr'><strong>nzini—</strong></span> 
     </span>
     <span class='ocr_line' id='line_1_3' title="bbox 263 277 1234 322; baseline 0.005 -15"><span class='ocrx_word' id='word_1_16' title='bbox 263 280 405 309; x_wconf 81' lang='lat' dir='ltr'><strong>sterium.</strong></span> <span class='ocrx_word' id='word_1_17' title='bbox 474 278 548 309; x_wconf 85' lang='lat' dir='ltr'><strong>ldeo</strong></span> <span class='ocrx_word' id='word_1_18' title='bbox 590 277 706 309; x_wconf 87' lang='lat' dir='ltr'><strong>horum</strong></span> <span class='ocrx_word' id='word_1_19' title='bbox 741 281 952 311; x_wconf 90' lang='lat' dir='ltr'><strong>ministerium</strong></span> <span class='ocrx_word' id='word_1_20' title='bbox 988 280 1234 322; x_wconf 86' lang='lat' dir='ltr'><strong>relinquendum</strong></span> 
     </span>
     <span class='ocr_line' id='line_1_4' title="bbox 263 321 1233 364; baseline 0.004 -14"><span class='ocrx_word' id='word_1_21' title='bbox 263 328 322 352; x_wconf 83' lang='lat' dir='ltr'><strong>est.</strong></span> <span class='ocrx_word' id='word_1_22' title='bbox 347 322 398 360; x_wconf 88' lang='lat' dir='ltr'><strong>qui</strong></span> <span class='ocrx_word' id='word_1_23' title='bbox 423 321 603 350; x_wconf 74' lang='lat' dir='ltr'><strong>doctrinam</strong></span> <span class='ocrx_word' id='word_1_24' title='bbox 628 330 849 361; x_wconf 81' lang='lat' dir='ltr'><strong>corrumpunt.</strong></span> <span class='ocrx_word' id='word_1_25' title='bbox 895 322 964 353; x_wconf 85' lang='lat' dir='ltr'><strong>Etsi</strong></span> <span class='ocrx_word' id='word_1_26' title='bbox 988 331 1095 354; x_wconf 88' lang='lat' dir='ltr'><strong>autem</strong></span> <span class='ocrx_word' id='word_1_27' title='bbox 1118 325 1233 364; x_wconf 70' lang='lat' dir='ltr'><strong>princi-</strong></span> 
     </span>
     <span class='ocr_line' id='line_1_5' title="bbox 237 361 1232 401; baseline 0.005 -10"><span class='ocrx_word' id='word_1_28' title='bbox 237 388 239 390; x_wconf 96' lang='lat'>.</span> <span class='ocrx_word' id='word_1_29' title='bbox 262 361 344 401; x_wconf 85' lang='lat' dir='ltr'><strong>palis</strong></span> <span class='ocrx_word' id='word_1_30' title='bbox 379 372 454 401; x_wconf 84' lang='lat' dir='ltr'><strong>pars</strong></span> <span class='ocrx_word' id='word_1_31' title='bbox 484 363 650 392; x_wconf 78' lang='lat' dir='ltr'><strong>ministerii</strong></span> <span class='ocrx_word' id='word_1_32' title='bbox 675 371 723 393; x_wconf 85' lang='lat' dir='ltr'><strong>est</strong></span> <span class='ocrx_word' id='word_1_33' title='bbox 749 364 908 399; x_wconf 81' lang='lat' dir='ltr'><strong>doctrina,</strong></span> <span class='ocrx_word' id='word_1_34' title='bbox 943 372 1049 395; x_wconf 83' lang='lat' dir='ltr'><strong>tamen</strong></span> <span class='ocrx_word' id='word_1_35' title='bbox 1073 366 1232 396; x_wconf 82' lang='lat' dir='ltr'><strong>interdum</strong></span> 
     </span>
     <span class='ocr_line' id='line_1_6' title="bbox 263 405 1233 443; baseline 0.006 -11"><span class='ocrx_word' id='word_1_36' title='bbox 263 415 339 443; x_wconf 78' lang='lat' dir='ltr'><strong>pars</strong></span> <span class='ocrx_word' id='word_1_37' title='bbox 375 405 551 440; x_wconf 79' lang='lat' dir='ltr'><strong>ministerii,</strong></span> <span class='ocrx_word' id='word_1_38' title='bbox 586 411 618 434; x_wconf 90' lang='lat' dir='ltr'><strong>ut</strong></span> <span class='ocrx_word' id='word_1_39' title='bbox 645 406 848 436; x_wconf 74' lang='lat' dir='ltr'><strong>Sat-rumenti</strong></span> <span class='ocrx_word' id='word_1_40' title='bbox 871 405 1007 437; x_wconf 83' lang='lat' dir='ltr'><strong>alicuius</strong></span> <span class='ocrx_word' id='word_1_41' title='bbox 1031 408 1233 438; x_wconf 77' lang='lat' dir='ltr'><strong>administra-</strong></span> 
     </span>
     <span class='ocr_line' id='line_1_7' title="bbox 263 446 1233 489; baseline 0.004 -14"><span class='ocrx_word' id='word_1_42' title='bbox 263 447 317 477; x_wconf 83' lang='lat' dir='ltr'><strong>tio.</strong></span> <span class='ocrx_word' id='word_1_43' title='bbox 342 446 528 485; x_wconf 79' lang='lat' dir='ltr'><strong>possidetur</strong></span> <span class='ocrx_word' id='word_1_44' title='bbox 552 447 647 477; x_wconf 78' lang='lat' dir='ltr'><strong>etiam</strong></span> <span class='ocrx_word' id='word_1_45' title='bbox 670 448 710 477; x_wconf 87' lang='lat' dir='ltr'><strong>ab</strong></span> <span class='ocrx_word' id='word_1_46' title='bbox 736 446 796 484; x_wconf 81' lang='lat' dir='ltr'><strong>his,</strong></span> <span class='ocrx_word' id='word_1_47' title='bbox 821 449 874 489; x_wconf 90' lang='lat' dir='ltr'><strong>qui</strong></span> <span class='ocrx_word' id='word_1_48' title='bbox 893 456 1099 488; x_wconf 85' lang='lat' dir='ltr'><strong>corrumpunt</strong></span> <span class='ocrx_word' id='word_1_49' title='bbox 1115 450 1233 479; x_wconf 86' lang='lat' dir='ltr'><strong>doctri-</strong></span> 
     </span>
     <span class='ocr_line' id='line_1_8' title="bbox 262 487 1232 529; baseline 0.003 -11"><span class='ocrx_word' id='word_1_50' title='bbox 262 498 342 518; x_wconf 82' lang='lat' dir='ltr'><strong>nam.</strong></span> <span class='ocrx_word' id='word_1_51' title='bbox 413 487 451 517; x_wconf 71' lang='lat' dir='ltr'><strong>[t</strong></span> <span class='ocrx_word' id='word_1_52' title='bbox 500 487 667 519; x_wconf 54' lang='lat' dir='ltr'><strong>israelitae</strong></span> <span class='ocrx_word' id='word_1_53' title='bbox 713 490 893 520; x_wconf 84' lang='lat' dir='ltr'><strong>retinebant</strong></span> <span class='ocrx_word' id='word_1_54' title='bbox 940 491 1232 529; x_wconf 70' lang='lat' dir='ltr'><strong>circumcisionem,</strong></span> 
     </span>
     <span class='ocr_line' id='line_1_9' title="bbox 260 528 1230 573; baseline 0.003 -13"><span class='ocrx_word' id='word_1_55' title='bbox 260 530 384 560; x_wconf 76' lang='lat' dir='ltr'><strong>etiamsi</strong></span> <span class='ocrx_word' id='word_1_56' title='bbox 410 528 515 560; x_wconf 82' lang='lat' dir='ltr'><strong>cultus</strong></span> <span class='ocrx_word' id='word_1_57' title='bbox 539 531 654 570; x_wconf 89' lang='lat' dir='ltr'><strong>impios</strong></span> <span class='ocrx_word' id='word_1_58' title='bbox 679 538 794 570; x_wconf 80' lang='lat' dir='ltr'><strong>postea</strong></span> <span class='ocrx_word' id='word_1_59' title='bbox 811 532 991 568; x_wconf 79' lang='lat' dir='ltr'><strong>addebant3</strong></span> <span class='ocrx_word' id='word_1_60' title='bbox 1033 533 1177 573; x_wconf 75' lang='lat' dir='ltr'><strong>Caipiias</strong></span> <span class='ocrx_word' id='word_1_61' title='bbox 1201 540 1230 563; x_wconf 88' lang='lat' dir='ltr'><strong>et</strong></span> 
     </span>
     <span class='ocr_line' id='line_1_10' title="bbox 262 571 1230 611; baseline 0.004 -10"><span class='ocrx_word' id='word_1_62' title='bbox 262 571 429 602; x_wconf 73' lang='lat' dir='ltr'><strong>Pharisaei</strong></span> <span class='ocrx_word' id='word_1_63' title='bbox 472 573 651 603; x_wconf 87' lang='lat' dir='ltr'><strong>retinebant</strong></span> <span class='ocrx_word' id='word_1_64' title='bbox 696 574 994 611; x_wconf 76' lang='lat' dir='ltr'><strong>circumcisionem,</strong></span> <span class='ocrx_word' id='word_1_65' title='bbox 1039 576 1166 605; x_wconf 83' lang='lat' dir='ltr'><strong>etiamsi</strong></span> <span class='ocrx_word' id='word_1_66' title='bbox 1200 576 1230 605; x_wconf 91' lang='lat' dir='ltr'><strong>in</strong></span> 
     </span>
     <span class='ocr_line' id='line_1_11' title="bbox 260 613 1230 656; baseline 0.004 -13"><span class='ocrx_word' id='word_1_67' title='bbox 260 613 330 643; x_wconf 77' lang='lat' dir='ltr'><strong>aliis</strong></span> <span class='ocrx_word' id='word_1_68' title='bbox 355 615 497 644; x_wconf 79' lang='lat' dir='ltr'><strong>materiis</strong></span> <span class='ocrx_word' id='word_1_69' title='bbox 522 624 642 655; x_wconf 73' lang='lat' dir='ltr'><strong>graves</strong></span> <span class='ocrx_word' id='word_1_70' title='bbox 668 625 798 645; x_wconf 84' lang='lat' dir='ltr'><strong>errores</strong></span> <span class='ocrx_word' id='word_1_71' title='bbox 822 615 1120 656; x_wconf 80' lang='lat' dir='ltr'><strong>amplectebantur,</strong></span> <span class='ocrx_word' id='word_1_72' title='bbox 1143 616 1230 647; x_wconf 69' lang='lat' dir='ltr'><strong>vale-</strong></span> 
     </span>
     <span class='ocr_line' id='line_1_12' title="bbox 261 657 1230 698; baseline 0.004 -13"><span class='ocrx_word' id='word_1_73' title='bbox 261 658 313 686; x_wconf 84' lang='lat' dir='ltr'><strong>bat</strong></span> <span class='ocrx_word' id='word_1_74' title='bbox 349 664 453 685; x_wconf 79' lang='lat' dir='ltr'><strong>tamen</strong></span> <span class='ocrx_word' id='word_1_75' title='bbox 490 657 695 687; x_wconf 75' lang='lat' dir='ltr'><strong>circumcisio</strong></span> <span class='ocrx_word' id='word_1_76' title='bbox 727 667 791 687; x_wconf 91' lang='lat' dir='ltr'><strong>non</strong></span> <span class='ocrx_word' id='word_1_77' title='bbox 811 665 945 698; x_wconf 90' lang='lat' dir='ltr'><strong>propter</strong></span> <span class='ocrx_word' id='word_1_78' title='bbox 974 658 1035 689; x_wconf 82' lang='lat' dir='ltr'><strong>has</strong></span> <span class='ocrx_word' id='word_1_79' title='bbox 1059 669 1230 698; x_wconf 75' lang='lat' dir='ltr'><strong>personas,</strong></span> 
     </span>
     <span class='ocr_line' id='line_1_13' title="bbox 261 697 840 739; baseline 0.005 -13"><span class='ocrx_word' id='word_1_80' title='bbox 261 698 318 727; x_wconf 75' lang='lat' dir='ltr'><strong>sed</strong></span> <span class='ocrx_word' id='word_1_81' title='bbox 343 698 418 739; x_wconf 84' lang='lat' dir='ltr'><strong>quia</strong></span> <span class='ocrx_word' id='word_1_82' title='bbox 443 697 539 728; x_wconf 71' lang='lat' dir='ltr'><strong>tiebat</strong></span> <span class='ocrx_word' id='word_1_83' title='bbox 564 699 636 729; x_wconf 68' lang='lat' dir='ltr'><strong>vice</strong></span> <span class='ocrx_word' id='word_1_84' title='bbox 659 698 840 730; x_wconf 72' lang='lat' dir='ltr'><strong>Ecclesiae.</strong></span> 
     </span>
    </p>

    <p class='ocr_par' dir='ltr' id='par_1_2' title="bbox 258 740 1231 1328">
     <span class='ocr_line' id='line_1_14' title="bbox 346 740 1230 783; baseline 0.005 -14"><span class='ocrx_word' id='word_1_85' title='bbox 346 740 402 769; x_wconf 75' lang='lat' dir='ltr'><strong>sic</strong></span> <span class='ocrx_word' id='word_1_86' title='bbox 425 740 465 769; x_wconf 90' lang='lat' dir='ltr'><strong>de</strong></span> <span class='ocrx_word' id='word_1_87' title='bbox 489 740 656 780; x_wconf 82' lang='lat' dir='ltr'><strong>Baptismo</strong></span> <span class='ocrx_word' id='word_1_88' title='bbox 681 742 826 772; x_wconf 82' lang='lat' dir='ltr'><strong>dicamus</strong></span> <span class='ocrx_word' id='word_1_89' title='bbox 851 751 974 779; x_wconf 90' lang='lat' dir='ltr'><strong>eorum,</strong></span> <span class='ocrx_word' id='word_1_90' title='bbox 997 743 1049 782; x_wconf 93' lang='lat' dir='ltr'><strong>qui</strong></span> <span class='ocrx_word' id='word_1_91' title='bbox 1078 744 1230 783; x_wconf 84' lang='lat' dir='ltr'><strong>baptizati</strong></span> 
     </span>
     <span class='ocr_line' id='line_1_15' title="bbox 260 780 1230 824; baseline 0.004 -13"><span class='ocrx_word' id='word_1_92' title='bbox 260 789 333 812; x_wconf 65' lang='lat' dir='ltr'><strong>«unt</strong></span> <span class='ocrx_word' id='word_1_93' title='bbox 347 782 376 811; x_wconf 88' lang='lat' dir='ltr'><strong>in</strong></span> <span class='ocrx_word' id='word_1_94' title='bbox 390 780 548 812; x_wconf 80' lang='lat' dir='ltr'><strong>Ecclesiis</strong></span> <span class='ocrx_word' id='word_1_95' title='bbox 558 805 565 818; x_wconf 87' lang='lat'><strong>,</strong></span> <span class='ocrx_word' id='word_1_96' title='bbox 580 784 634 813; x_wconf 91' lang='lat' dir='ltr'><strong>ubi</strong></span> <span class='ocrx_word' id='word_1_97' title='bbox 648 790 827 824; x_wconf 83' lang='lat' dir='ltr'><strong>regnarunt</strong></span> <span class='ocrx_word' id='word_1_98' title='bbox 838 783 914 814; x_wconf 88' lang='lat' dir='ltr'><strong>mali</strong></span> <span class='ocrx_word' id='word_1_99' title='bbox 927 785 1090 815; x_wconf 87' lang='lat' dir='ltr'><strong>doctores.</strong></span> <span class='ocrx_word' id='word_1_100' title='bbox 1120 783 1230 815; x_wconf 82' lang='lat' dir='ltr'><strong>Valuit</strong></span> 
     </span>
     <span class='ocr_line' id='line_1_16' title="bbox 259 823 1230 864; baseline 0.003 -11"><span class='ocrx_word' id='word_1_101' title='bbox 259 825 342 854; x_wconf 83' lang='lat' dir='ltr'><strong>enim</strong></span> <span class='ocrx_word' id='word_1_102' title='bbox 368 823 569 863; x_wconf 78' lang='lat' dir='ltr'><strong>Baptismus,</strong></span> <span class='ocrx_word' id='word_1_103' title='bbox 592 826 667 864; x_wconf 89' lang='lat' dir='ltr'><strong>quia</strong></span> <span class='ocrx_word' id='word_1_104' title='bbox 701 825 798 855; x_wconf 87' lang='lat' dir='ltr'><strong>fiebat</strong></span> <span class='ocrx_word' id='word_1_105' title='bbox 827 827 898 856; x_wconf 75' lang='lat' dir='ltr'><strong>vice</strong></span> <span class='ocrx_word' id='word_1_106' title='bbox 927 836 1025 856; x_wconf 73' lang='lat' dir='ltr'><strong>verae</strong></span> <span class='ocrx_word' id='word_1_107' title='bbox 1051 825 1230 863; x_wconf 78' lang='lat' dir='ltr'><strong>Ecclesiae,</strong></span> 
     </span>
     <span class='ocr_line' id='line_1_17' title="bbox 260 867 1231 899; baseline 0.004 -4"><span class='ocrx_word' id='word_1_108' title='bbox 260 874 289 896; x_wconf 88' lang='lat' dir='ltr'><strong>et</strong></span> <span class='ocrx_word' id='word_1_109' title='bbox 316 867 495 896; x_wconf 79' lang='lat' dir='ltr'><strong>retinentur</strong></span> <span class='ocrx_word' id='word_1_110' title='bbox 519 867 618 896; x_wconf 70' lang='lat' dir='ltr'><strong>verba</strong></span> <span class='ocrx_word' id='word_1_111' title='bbox 642 868 850 897; x_wconf 82' lang='lat' dir='ltr'><strong>institutionis</strong></span> <span class='ocrx_word' id='word_1_112' title='bbox 876 875 908 898; x_wconf 85' lang='lat' dir='ltr'><strong>et</strong></span> <span class='ocrx_word' id='word_1_113' title='bbox 932 878 1044 898; x_wconf 90' lang='lat' dir='ltr'><strong>eorum</strong></span> <span class='ocrx_word' id='word_1_114' title='bbox 1070 870 1231 899; x_wconf 79' lang='lat' dir='ltr'><strong>sententia</strong></span> 
     </span>
     <span class='ocr_line' id='line_1_18' title="bbox 259 906 1230 941; baseline 0.004 -5"><span class='ocrx_word' id='word_1_115' title='bbox 259 909 328 937; x_wconf 82' lang='lat' dir='ltr'><strong>sine</strong></span> <span class='ocrx_word' id='word_1_116' title='bbox 363 906 544 938; x_wconf 83' lang='lat' dir='ltr'><strong>idololatria</strong></span> <span class='ocrx_word' id='word_1_117' title='bbox 567 909 599 938; x_wconf 88' lang='lat' dir='ltr'><strong>in</strong></span> <span class='ocrx_word' id='word_1_118' title='bbox 623 908 686 939; x_wconf 89' lang='lat' dir='ltr'><strong>hoc</strong></span> <span class='ocrx_word' id='word_1_119' title='bbox 716 908 940 940; x_wconf 83' lang='lat' dir='ltr'><strong>Sacramento.</strong></span> <span class='ocrx_word' id='word_1_120' title='bbox 986 910 1052 940; x_wconf 84' lang='lat' dir='ltr'><strong>Sed</strong></span> <span class='ocrx_word' id='word_1_121' title='bbox 1076 911 1230 941; x_wconf 72' lang='lat' dir='ltr'><strong>Samosa-</strong></span> 
     </span>
     <span class='ocr_line' id='line_1_19' title="bbox 259 948 1230 991; baseline 0.003 -12"><span class='ocrx_word' id='word_1_122' title='bbox 259 951 334 986; x_wconf 80' lang='lat' dir='ltr'><strong>teni,</strong></span> <span class='ocrx_word' id='word_1_123' title='bbox 357 948 633 987; x_wconf 73' lang='lat' dir='ltr'><strong>Manichaeomm,</strong></span> <span class='ocrx_word' id='word_1_124' title='bbox 658 951 853 981; x_wconf 77' lang='lat' dir='ltr'><strong>Arianorum</strong></span> <span class='ocrx_word' id='word_1_125' title='bbox 876 951 1063 991; x_wconf 78' lang='lat' dir='ltr'><strong>Baptismus</strong></span> <span class='ocrx_word' id='word_1_126' title='bbox 1086 962 1153 982; x_wconf 90' lang='lat' dir='ltr'><strong>non</strong></span> <span class='ocrx_word' id='word_1_127' title='bbox 1175 962 1230 982; x_wconf 73' lang='lat' dir='ltr'><strong>va-</strong></span> 
     </span>
     <span class='ocr_line' id='line_1_20' title="bbox 258 991 1230 1032; baseline 0.002 -11"><span class='ocrx_word' id='word_1_128' title='bbox 258 991 363 1027; x_wconf 82' lang='lat' dir='ltr'><strong>lebat,</strong></span> <span class='ocrx_word' id='word_1_129' title='bbox 397 993 471 1032; x_wconf 86' lang='lat' dir='ltr'><strong>quia</strong></span> <span class='ocrx_word' id='word_1_130' title='bbox 504 1002 569 1022; x_wconf 93' lang='lat' dir='ltr'><strong>non</strong></span> <span class='ocrx_word' id='word_1_131' title='bbox 603 994 782 1023; x_wconf 82' lang='lat' dir='ltr'><strong>retinebant</strong></span> <span class='ocrx_word' id='word_1_132' title='bbox 816 995 1010 1024; x_wconf 87' lang='lat' dir='ltr'><strong>sententiam</strong></span> <span class='ocrx_word' id='word_1_133' title='bbox 1033 995 1230 1025; x_wconf 73' lang='lat' dir='ltr'><strong>verborumz</strong></span> 
     </span>
     <span class='ocr_line' id='line_1_21' title="bbox 258 1033 1230 1075; baseline 0.002 -12"><span class='ocrx_word' id='word_1_134' title='bbox 258 1033 392 1073; x_wconf 85' lang='lat' dir='ltr'><strong>Baptizo</strong></span> <span class='ocrx_word' id='word_1_135' title='bbox 428 1041 459 1064; x_wconf 88' lang='lat' dir='ltr'><strong>te</strong></span> <span class='ocrx_word' id='word_1_136' title='bbox 494 1035 524 1064; x_wconf 91' lang='lat' dir='ltr'><strong>in</strong></span> <span class='ocrx_word' id='word_1_137' title='bbox 559 1035 688 1065; x_wconf 91' lang='lat' dir='ltr'><strong>nomine</strong></span> <span class='ocrx_word' id='word_1_138' title='bbox 722 1034 828 1065; x_wconf 86' lang='lat' dir='ltr'><strong>Patris</strong></span> <span class='ocrx_word' id='word_1_139' title='bbox 861 1042 891 1066; x_wconf 92' lang='lat' dir='ltr'><strong>et</strong></span> <span class='ocrx_word' id='word_1_140' title='bbox 925 1034 997 1066; x_wconf 83' lang='lat' dir='ltr'><strong>Filii</strong></span> <span class='ocrx_word' id='word_1_141' title='bbox 1030 1042 1061 1067; x_wconf 88' lang='lat' dir='ltr'><strong>et.</strong></span> <span class='ocrx_word' id='word_1_142' title='bbox 1091 1035 1230 1075; x_wconf 83' lang='lat' dir='ltr'><strong>Spiritus</strong></span> 
     </span>
     <span class='ocr_line' id='line_1_22' title="bbox 258 1075 1230 1118; baseline 0.002 -12"><span class='ocrx_word' id='word_1_143' title='bbox 258 1077 373 1106; x_wconf 85' lang='lat' dir='ltr'><strong>sancti.</strong></span> <span class='ocrx_word' id='word_1_144' title='bbox 403 1075 493 1107; x_wconf 87' lang='lat' dir='ltr'><strong>Haec</strong></span> <span class='ocrx_word' id='word_1_145' title='bbox 517 1077 661 1107; x_wconf 77' lang='lat' dir='ltr'><strong>breviter</strong></span> <span class='ocrx_word' id='word_1_146' title='bbox 683 1078 786 1118; x_wconf 88' lang='lat' dir='ltr'><strong>attigi,</strong></span> <span class='ocrx_word' id='word_1_147' title='bbox 806 1084 839 1108; x_wconf 92' lang='lat' dir='ltr'><strong>ut</strong></span> <span class='ocrx_word' id='word_1_148' title='bbox 862 1079 1046 1108; x_wconf 79' lang='lat' dir='ltr'><strong>muniantur</strong></span> <span class='ocrx_word' id='word_1_149' title='bbox 1058 1079 1100 1118; x_wconf 88' lang='lat' dir='ltr'><strong>pii</strong></span> <span class='ocrx_word' id='word_1_150' title='bbox 1115 1084 1230 1108; x_wconf 88' lang='lat' dir='ltr'><strong>contra</strong></span> 
     </span>
     <span class='ocr_line' id='line_1_23' title="bbox 258 1119 1231 1160; baseline 0.002 -12"><span class='ocrx_word' id='word_1_151' title='bbox 258 1119 493 1158; x_wconf 81' lang='lat' dir='ltr'><strong>Anabaptistas</strong></span> <span class='ocrx_word' id='word_1_152' title='bbox 529 1126 559 1149; x_wconf 89' lang='lat' dir='ltr'><strong>et</strong></span> <span class='ocrx_word' id='word_1_153' title='bbox 594 1120 737 1160; x_wconf 85' lang='lat' dir='ltr'><strong>cogitent</strong></span> <span class='ocrx_word' id='word_1_154' title='bbox 773 1129 873 1160; x_wconf 83' lang='lat' dir='ltr'><strong>saepe</strong></span> <span class='ocrx_word' id='word_1_155' title='bbox 901 1121 934 1150; x_wconf 90' lang='lat' dir='ltr'><strong>in</strong></span> <span class='ocrx_word' id='word_1_156' title='bbox 957 1119 1108 1151; x_wconf 85' lang='lat' dir='ltr'><strong>Ecclesia</strong></span> <span class='ocrx_word' id='word_1_157' title='bbox 1132 1120 1231 1150; x_wconf 87' lang='lat' dir='ltr'><strong>domi-</strong></span> 
     </span>
     <span class='ocr_line' id='line_1_24' title="bbox 259 1159 1230 1199; baseline 0.003 -10"><span class='ocrx_word' id='word_1_158' title='bbox 259 1161 325 1190; x_wconf 88' lang='lat' dir='ltr'><strong>nari</strong></span> <span class='ocrx_word' id='word_1_159' title='bbox 361 1159 477 1190; x_wconf 88' lang='lat' dir='ltr'><strong>malos.</strong></span> <span class='ocrx_word' id='word_1_160' title='bbox 523 1161 613 1192; x_wconf 88' lang='lat' dir='ltr'><strong>Sicut</strong></span> <span class='ocrx_word' id='word_1_161' title='bbox 639 1162 683 1191; x_wconf 85' lang='lat' dir='ltr'><strong>ait</strong></span> <span class='ocrx_word' id='word_1_162' title='bbox 706 1160 874 1199; x_wconf 85' lang='lat' dir='ltr'><strong>Christus,</strong></span> <span class='ocrx_word' id='word_1_163' title='bbox 909 1161 1045 1192; x_wconf 81' lang='lat' dir='ltr'><strong>similem</strong></span> <span class='ocrx_word' id='word_1_164' title='bbox 1070 1172 1146 1192; x_wconf 90' lang='lat' dir='ltr'><strong>esse</strong></span> <span class='ocrx_word' id='word_1_165' title='bbox 1170 1162 1230 1192; x_wconf 88' lang='lat' dir='ltr'><strong>Ec-</strong></span> 
     </span>
     <span class='ocr_line' id='line_1_25' title="bbox 259 1201 1230 1244; baseline 0.002 -12"><span class='ocrx_word' id='word_1_166' title='bbox 259 1201 391 1232; x_wconf 80' lang='lat' dir='ltr'><strong>clesiam</strong></span> <span class='ocrx_word' id='word_1_167' title='bbox 425 1212 581 1244; x_wconf 84' lang='lat' dir='ltr'><strong>sagenae,</strong></span> <span class='ocrx_word' id='word_1_168' title='bbox 617 1204 647 1233; x_wconf 91' lang='lat' dir='ltr'><strong>in</strong></span> <span class='ocrx_word' id='word_1_169' title='bbox 675 1214 737 1244; x_wconf 93' lang='lat' dir='ltr'><strong>qua</strong></span> <span class='ocrx_word' id='word_1_170' title='bbox 760 1210 835 1234; x_wconf 88' lang='lat' dir='ltr'><strong>sunt</strong></span> <span class='ocrx_word' id='word_1_171' title='bbox 859 1205 935 1234; x_wconf 92' lang='lat' dir='ltr'><strong>boni</strong></span> <span class='ocrx_word' id='word_1_172' title='bbox 958 1211 990 1234; x_wconf 90' lang='lat' dir='ltr'><strong>et</strong></span> <span class='ocrx_word' id='word_1_173' title='bbox 1012 1203 1088 1235; x_wconf 91' lang='lat' dir='ltr'><strong>mali</strong></span> <span class='ocrx_word' id='word_1_174' title='bbox 1111 1205 1230 1243; x_wconf 80' lang='lat' dir='ltr'><strong>pisceS.</strong></span> 
     </span>
     <span class='ocr_line' id='line_1_26' title="bbox 258 1243 1231 1285; baseline 0.002 -11"><span class='ocrx_word' id='word_1_175' title='bbox 258 1243 354 1274; x_wconf 75' lang='lat' dir='ltr'><strong>Valet</strong></span> <span class='ocrx_word' id='word_1_176' title='bbox 377 1244 474 1285; x_wconf 82' lang='lat' dir='ltr'><strong>igitur</strong></span> <span class='ocrx_word' id='word_1_177' title='bbox 496 1245 717 1282; x_wconf 87' lang='lat' dir='ltr'><strong>ministerium,</strong></span> <span class='ocrx_word' id='word_1_178' title='bbox 740 1245 827 1285; x_wconf 86' lang='lat' dir='ltr'><strong>quod</strong></span> <span class='ocrx_word' id='word_1_179' title='bbox 850 1247 989 1277; x_wconf 88' lang='lat' dir='ltr'><strong>retinent</strong></span> <span class='ocrx_word' id='word_1_180' title='bbox 1001 1247 1033 1276; x_wconf 89' lang='lat' dir='ltr'><strong>in</strong></span> <span class='ocrx_word' id='word_1_181' title='bbox 1045 1245 1096 1276; x_wconf 81' lang='lat' dir='ltr'><strong>his</strong></span> <span class='ocrx_word' id='word_1_182' title='bbox 1116 1246 1231 1277; x_wconf 87' lang='lat' dir='ltr'><strong>Sacra-</strong></span> 
     </span>
     <span class='ocr_line' id='line_1_27' title="bbox 259 1285 1061 1328; baseline 0.002 -12"><span class='ocrx_word' id='word_1_183' title='bbox 259 1287 386 1323; x_wconf 89' lang='lat' dir='ltr'><strong>mentis,</strong></span> <span class='ocrx_word' id='word_1_184' title='bbox 407 1296 491 1326; x_wconf 87' lang='lat' dir='ltr'><strong>quae</strong></span> <span class='ocrx_word' id='word_1_185' title='bbox 513 1297 578 1317; x_wconf 92' lang='lat' dir='ltr'><strong>non</strong></span> <span class='ocrx_word' id='word_1_186' title='bbox 602 1297 641 1317; x_wconf 74' lang='lat' dir='ltr'><strong>ex</strong></span> <span class='ocrx_word' id='word_1_187' title='bbox 664 1285 816 1327; x_wconf 88' lang='lat' dir='ltr'><strong>professo</strong></span> <span class='ocrx_word' id='word_1_188' title='bbox 841 1296 1061 1328; x_wconf 90' lang='lat' dir='ltr'><strong>corrumpunt.</strong></span> 
     </span>
    </p>

    <p class='ocr_par' dir='ltr' id='par_1_3' title="bbox 257 1327 1231 1494">
     <span class='ocr_line' id='line_1_28' title="bbox 345 1327 1231 1370; baseline 0.003 -13"><span class='ocrx_word' id='word_1_189' title='bbox 345 1327 470 1362; x_wconf 56' lang='lat' dir='ltr'><strong>Etsi‘ffi)</strong></span> <span class='ocrx_word' id='word_1_190' title='bbox 504 1335 610 1360; x_wconf 87' lang='lat' dir='ltr'><strong>autem</strong></span> <span class='ocrx_word' id='word_1_191' title='bbox 644 1329 832 1369; x_wconf 84' lang='lat' dir='ltr'><strong>Baptismus</strong></span> <span class='ocrx_word' id='word_1_192' title='bbox 868 1339 991 1367; x_wconf 87' lang='lat' dir='ltr'><strong>eorum,</strong></span> <span class='ocrx_word' id='word_1_193' title='bbox 1016 1331 1069 1370; x_wconf 87' lang='lat' dir='ltr'><strong>qui</strong></span> <span class='ocrx_word' id='word_1_194' title='bbox 1095 1331 1231 1360; x_wconf 83' lang='lat' dir='ltr'><strong>retinent</strong></span> 
     </span>
     <span class='ocr_line' id='line_1_29' title="bbox 259 1370 1231 1412; baseline 0.002 -13"><span class='ocrx_word' id='word_1_195' title='bbox 259 1371 434 1400; x_wconf 76' lang='lat' dir='ltr'><strong>verborum</strong></span> <span class='ocrx_word' id='word_1_196' title='bbox 457 1372 668 1408; x_wconf 88' lang='lat' dir='ltr'><strong>sententiam,</strong></span> <span class='ocrx_word' id='word_1_197' title='bbox 692 1370 789 1407; x_wconf 73' lang='lat' dir='ltr'><strong>valet,</strong></span> <span class='ocrx_word' id='word_1_198' title='bbox 809 1378 840 1401; x_wconf 89' lang='lat' dir='ltr'><strong>ut</strong></span> <span class='ocrx_word' id='word_1_199' title='bbox 867 1372 948 1403; x_wconf 72' lang='lat' dir='ltr'><strong>dixi:</strong></span> <span class='ocrx_word' id='word_1_200' title='bbox 993 1372 1132 1408; x_wconf 82' lang='lat' dir='ltr'><strong>Tamen,</strong></span> <span class='ocrx_word' id='word_1_201' title='bbox 1155 1373 1231 1412; x_wconf 86' lang='lat' dir='ltr'><strong>quia</strong></span> 
     </span>
     <span class='ocr_line' id='line_1_30' title="bbox 257 1412 1230 1453; baseline 0.002 -11"><span class='ocrx_word' id='word_1_202' title='bbox 257 1412 375 1443; x_wconf 79' lang='lat' dir='ltr'><strong>docent</strong></span> <span class='ocrx_word' id='word_1_203' title='bbox 398 1413 547 1453; x_wconf 51' lang='lat' dir='ltr'><strong>impiam)</strong></span> <span class='ocrx_word' id='word_1_204' title='bbox 572 1413 613 1443; x_wconf 92' lang='lat' dir='ltr'><strong>de</strong></span> <span class='ocrx_word' id='word_1_205' title='bbox 636 1414 755 1443; x_wconf 80' lang='lat' dir='ltr'><strong>ceteris</strong></span> <span class='ocrx_word' id='word_1_206' title='bbox 767 1413 877 1449; x_wconf 86' lang='lat' dir='ltr'><strong>rebus,</strong></span> <span class='ocrx_word' id='word_1_207' title='bbox 897 1414 1055 1453; x_wconf 90' lang='lat' dir='ltr'><strong>praebent</strong></span> <span class='ocrx_word' id='word_1_208' title='bbox 1068 1424 1230 1450; x_wconf 84' lang='lat' dir='ltr'><strong>caussam,</strong></span> 
     </span>
     <span class='ocr_line' id='line_1_31' title="bbox 259 1453 1049 1494; baseline 0.003 -11"><span class='ocrx_word' id='word_1_209' title='bbox 259 1464 316 1485; x_wconf 85' lang='lat' dir='ltr'><strong>cur</strong></span> <span class='ocrx_word' id='word_1_210' title='bbox 339 1456 530 1485; x_wconf 84' lang='lat' dir='ltr'><strong>necessario</strong></span> <span class='ocrx_word' id='word_1_211' title='bbox 550 1455 590 1484; x_wconf 89' lang='lat' dir='ltr'><strong>ab</strong></span> <span class='ocrx_word' id='word_1_212' title='bbox 614 1455 694 1494; x_wconf 89' lang='lat' dir='ltr'><strong>ipsis</strong></span> <span class='ocrx_word' id='word_1_213' title='bbox 716 1453 867 1485; x_wconf 77' lang='lat' dir='ltr'><strong>Ecclesia</strong></span> <span class='ocrx_word' id='word_1_214' title='bbox 890 1456 1049 1486; x_wconf 87' lang='lat' dir='ltr'><strong>discedat.</strong></span> 
     </span>
    </p>

    <p class='ocr_par' dir='ltr' id='par_1_4' title="bbox 258 1496 1230 1747">
     <span class='ocr_line' id='line_1_32' title="bbox 345 1496 1229 1537; baseline 0.001 -11"><span class='ocrx_word' id='word_1_215' title='bbox 345 1496 529 1527; x_wconf 86' lang='lat' dir='ltr'><strong>Discrimen</strong></span> <span class='ocrx_word' id='word_1_216' title='bbox 564 1504 613 1527; x_wconf 85' lang='lat' dir='ltr'><strong>est</strong></span> <span class='ocrx_word' id='word_1_217' title='bbox 649 1498 798 1537; x_wconf 59' lang='lat' dir='ltr'><strong>etiam‘ffi)</strong></span> <span class='ocrx_word' id='word_1_218' title='bbox 834 1498 917 1527; x_wconf 90' lang='lat' dir='ltr'><strong>inter</strong></span> <span class='ocrx_word' id='word_1_219' title='bbox 939 1507 1112 1537; x_wconf 87' lang='lat' dir='ltr'><strong>personas,</strong></span> <span class='ocrx_word' id='word_1_220' title='bbox 1146 1507 1229 1537; x_wconf 90' lang='lat' dir='ltr'><strong>quae</strong></span> 
     </span>
     <span class='ocr_line' id='line_1_33' title="bbox 258 1537 1230 1580; baseline 0.001 -12"><span class='ocrx_word' id='word_1_221' title='bbox 258 1545 478 1577; x_wconf 78' lang='lat' dir='ltr'><strong>peccaverunt</strong></span> <span class='ocrx_word' id='word_1_222' title='bbox 490 1541 532 1572; x_wconf 74' lang='lat'><strong>⁹9)</strong></span> <span class='ocrx_word' id='word_1_223' title='bbox 556 1539 752 1580; x_wconf 82' lang='lat' dir='ltr'><strong>ignorantia,</strong></span> <span class='ocrx_word' id='word_1_224' title='bbox 776 1544 807 1569; x_wconf 89' lang='lat' dir='ltr'><strong>et</strong></span> <span class='ocrx_word' id='word_1_225' title='bbox 829 1537 915 1576; x_wconf 82' lang='lat' dir='ltr'><strong>illas,</strong></span> <span class='ocrx_word' id='word_1_226' title='bbox 938 1549 1023 1579; x_wconf 90' lang='lat' dir='ltr'><strong>quae</strong></span> <span class='ocrx_word' id='word_1_227' title='bbox 1035 1538 1142 1579; x_wconf 88' lang='lat' dir='ltr'><strong>palam</strong></span> <span class='ocrx_word' id='word_1_228' title='bbox 1155 1546 1230 1569; x_wconf 81' lang='lat' dir='ltr'><strong>stmt</strong></span> 
     </span>
     <span class='ocr_line' id='line_1_34' title="bbox 260 1579 1229 1620; baseline 0 -10"><span class='ocrx_word' id='word_1_229' title='bbox 260 1579 484 1620; x_wconf 83' lang='lat' dir='ltr'><strong>blasphemae,</strong></span> <span class='ocrx_word' id='word_1_230' title='bbox 519 1588 553 1611; x_wconf 86' lang='lat' dir='ltr'><strong>nt</strong></span> <span class='ocrx_word' id='word_1_231' title='bbox 588 1587 663 1620; x_wconf 87' lang='lat' dir='ltr'><strong>post</strong></span> <span class='ocrx_word' id='word_1_232' title='bbox 695 1582 969 1611; x_wconf 85' lang='lat' dir='ltr'><strong>resurrectionem</strong></span> <span class='ocrx_word' id='word_1_233' title='bbox 994 1580 1114 1612; x_wconf 84' lang='lat' dir='ltr'><strong>Christi</strong></span> <span class='ocrx_word' id='word_1_234' title='bbox 1138 1588 1229 1611; x_wconf 86' lang='lat' dir='ltr'><strong>erant</strong></span> 
     </span>
     <span class='ocr_line' id='line_1_35' title="bbox 259 1621 1228 1663; baseline 0 -11"><span class='ocrx_word' id='word_1_235' title='bbox 259 1621 400 1662; x_wconf 86' lang='lat' dir='ltr'><strong>Caiphas</strong></span> <span class='ocrx_word' id='word_1_236' title='bbox 435 1629 467 1652; x_wconf 89' lang='lat' dir='ltr'><strong>et</strong></span> <span class='ocrx_word' id='word_1_237' title='bbox 500 1621 632 1653; x_wconf 86' lang='lat' dir='ltr'><strong>similes.</strong></span> <span class='ocrx_word' id='word_1_238' title='bbox 677 1623 747 1653; x_wconf 74' lang='lat' dir='ltr'><strong>Nec</strong></span> <span class='ocrx_word' id='word_1_239' title='bbox 778 1623 909 1653; x_wconf 90' lang='lat' dir='ltr'><strong>dubium</strong></span> <span class='ocrx_word' id='word_1_240' title='bbox 933 1629 993 1660; x_wconf 85' lang='lat' dir='ltr'><strong>est,</strong></span> <span class='ocrx_word' id='word_1_241' title='bbox 1017 1622 1228 1663; x_wconf 84' lang='lat' dir='ltr'><strong>blasphemos</strong></span> 
     </span>
     <span class='ocr_line' id='line_1_36' title="bbox 260 1663 1228 1705; baseline 0.002 -11"><span class='ocrx_word' id='word_1_242' title='bbox 260 1672 288 1694; x_wconf 86' lang='lat' dir='ltr'><strong>et</strong></span> <span class='ocrx_word' id='word_1_243' title='bbox 324 1663 495 1695; x_wconf 81' lang='lat' dir='ltr'><strong>manifesta</strong></span> <span class='ocrx_word' id='word_1_244' title='bbox 529 1663 615 1695; x_wconf 85' lang='lat' dir='ltr'><strong>idola</strong></span> <span class='ocrx_word' id='word_1_245' title='bbox 649 1663 862 1695; x_wconf 83' lang='lat' dir='ltr'><strong>defendentes</strong></span> <span class='ocrx_word' id='word_1_246' title='bbox 886 1664 1116 1705; x_wconf 79' lang='lat' dir='ltr'><strong>relinquendos</strong></span> <span class='ocrx_word' id='word_1_247' title='bbox 1140 1675 1228 1702; x_wconf 84' lang='lat' dir='ltr'><strong>esse,</strong></span> 
     </span>
     <span class='ocr_line' id='line_1_37' title="bbox 259 1705 863 1747; baseline 0.002 -12"><span class='ocrx_word' id='word_1_248' title='bbox 259 1707 342 1737; x_wconf 84' lang='lat' dir='ltr'><strong>sicut</strong></span> <span class='ocrx_word' id='word_1_249' title='bbox 366 1707 520 1746; x_wconf 79' lang='lat' dir='ltr'><strong>scriptum</strong></span> <span class='ocrx_word' id='word_1_250' title='bbox 544 1713 607 1737; x_wconf 86' lang='lat' dir='ltr'><strong>est:</strong></span> <span class='ocrx_word' id='word_1_251' title='bbox 632 1707 748 1747; x_wconf 88' lang='lat' dir='ltr'><strong>Fugite</strong></span> <span class='ocrx_word' id='word_1_252' title='bbox 766 1705 863 1737; x_wconf 88' lang='lat' dir='ltr'><strong>idola.</strong></span> 
     </span>
    </p>
   </div>
   <div class='ocr_carea' id='block_1_2' title="bbox 261 1831 1227 1942">
    <p class='ocr_par' dir='ltr' id='par_1_5' title="bbox 261 1831 1227 1942">
     <span class='ocr_line' id='line_1_38' title="bbox 261 1831 1227 1868; baseline 0 -7"><span class='ocrx_word' id='word_1_253' title='bbox 261 1832 317 1861; x_wconf 81' lang='lat' dir='ltr'><strong>DE</strong></span> <span class='ocrx_word' id='word_1_254' title='bbox 363 1832 504 1863; x_wconf 67' lang='lat' dir='ltr'><strong>simus</strong></span> <span class='ocrx_word' id='word_1_255' title='bbox 549 1832 920 1863; x_wconf 62' lang='lat' dir='ltr'><strong>MoxsTRANTfflUs</strong></span> <span class='ocrx_word' id='word_1_256' title='bbox 967 1831 1227 1868; x_wconf 81' lang='lat' dir='ltr'><strong>ECCLESIAM,</strong></span> 
     </span>
     <span class='ocr_line' id='line_1_39' title="bbox 413 1907 1073 1942; baseline 0 -4"><span class='ocrx_word' id='word_1_257' title='bbox 413 1907 533 1942; x_wconf 79' lang='lat' dir='ltr'><strong>QL&#39;AE</strong></span> <span class='ocrx_word' id='word_1_258' title='bbox 557 1908 644 1938; x_wconf 77' lang='lat' dir='ltr'><strong>ALll</strong></span> <span class='ocrx_word' id='word_1_259' title='bbox 668 1908 813 1939; x_wconf 71' lang='lat' dir='ltr'>NOTAS</span> <span class='ocrx_word' id='word_1_260' title='bbox 832 1907 1073 1938; x_wconf 78' lang='lat' dir='ltr'>NOMINANT.</span> 
     </span>
    </p>
   </div>
   <div class='ocr_carea' id='block_1_3' title="bbox 261 1999 1231 2252">
    <p class='ocr_par' dir='ltr' id='par_1_6' title="bbox 261 1999 1231 2252">
     <span class='ocr_line' id='line_1_40' title="bbox 324 1999 1229 2041; baseline 0.001 -11"><span class='ocrx_word' id='word_1_261' title='bbox 324 2001 438 2041; x_wconf 74' lang='lat' dir='ltr'><strong>Signa,</strong></span> <span class='ocrx_word' id='word_1_262' title='bbox 472 2010 556 2040; x_wconf 84' lang='lat' dir='ltr'><strong>quae</strong></span> <span class='ocrx_word' id='word_1_263' title='bbox 589 2007 771 2031; x_wconf 89' lang='lat' dir='ltr'><strong>monstrant</strong></span> <span class='ocrx_word' id='word_1_264' title='bbox 794 1999 991 2038; x_wconf 81' lang='lat' dir='ltr'><strong>Ecclesiam,</strong></span> <span class='ocrx_word' id='word_1_265' title='bbox 1026 2007 1097 2031; x_wconf 80' lang='lat' dir='ltr'><strong>sunt</strong></span> <span class='ocrx_word' id='word_1_266' title='bbox 1124 2000 1229 2031; x_wconf 73' lang='lat' dir='ltr'><strong>Evan-</strong></span> 
     </span>
     <span class='ocr_line' id='line_1_41' title="bbox 261 2041 1230 2083; baseline 0.001 -11"><span class='ocrx_word' id='word_1_267' title='bbox 261 2042 381 2083; x_wconf 79' lang='lat' dir='ltr'><strong>gelium</strong></span> <span class='ocrx_word' id='word_1_268' title='bbox 403 2043 626 2083; x_wconf 78' lang='lat' dir='ltr'><strong>incorruptum</strong></span> <span class='ocrx_word' id='word_1_269' title='bbox 656 2048 687 2072; x_wconf 92' lang='lat' dir='ltr'><strong>et</strong></span> <span class='ocrx_word' id='word_1_270' title='bbox 709 2041 874 2083; x_wconf 88' lang='lat' dir='ltr'><strong>legitimus</strong></span> <span class='ocrx_word' id='word_1_271' title='bbox 898 2053 977 2073; x_wconf 83' lang='lat' dir='ltr'><strong>usus</strong></span> <span class='ocrx_word' id='word_1_272' title='bbox 1001 2042 1230 2074; x_wconf 84' lang='lat' dir='ltr'><strong>Sacramento-</strong></span> 
     </span>
     <span class='ocr_line' id='line_1_42' title="bbox 261 2083 1230 2125; baseline 0.001 -11"><span class='ocrx_word' id='word_1_273' title='bbox 261 2095 341 2114; x_wconf 91' lang='lat' dir='ltr'><strong>rum.</strong></span> <span class='ocrx_word' id='word_1_274' title='bbox 398 2083 438 2114; x_wconf 87' lang='lat' dir='ltr'><strong>Et</strong></span> <span class='ocrx_word' id='word_1_275' title='bbox 471 2094 656 2125; x_wconf 87' lang='lat' dir='ltr'><strong>quanquam</strong></span> <span class='ocrx_word' id='word_1_276' title='bbox 689 2084 839 2115; x_wconf 85' lang='lat' dir='ltr'><strong>Ecclesia</strong></span> <span class='ocrx_word' id='word_1_277' title='bbox 873 2095 938 2115; x_wconf 89' lang='lat' dir='ltr'><strong>nou</strong></span> <span class='ocrx_word' id='word_1_278' title='bbox 972 2094 1101 2124; x_wconf 87' lang='lat' dir='ltr'><strong>semper</strong></span> <span class='ocrx_word' id='word_1_279' title='bbox 1134 2085 1230 2115; x_wconf 85' lang='lat' dir='ltr'><strong>ssoret</strong></span> 
     </span>
     <span class='ocr_line' id='line_1_43' title="bbox 262 2125 1231 2167; baseline 0 -11"><span class='ocrx_word' id='word_1_280' title='bbox 262 2125 355 2156; x_wconf 86' lang='lat' dir='ltr'><strong>simili</strong></span> <span class='ocrx_word' id='word_1_281' title='bbox 380 2125 496 2167; x_wconf 78' lang='lat' dir='ltr'><strong>gloria,</strong></span> <span class='ocrx_word' id='word_1_282' title='bbox 532 2132 638 2157; x_wconf 87' lang='lat' dir='ltr'><strong>tamen</strong></span> <span class='ocrx_word' id='word_1_283' title='bbox 661 2127 801 2157; x_wconf 85' lang='lat' dir='ltr'><strong>subinde</strong></span> <span class='ocrx_word' id='word_1_284' title='bbox 823 2125 952 2166; x_wconf 86' lang='lat' dir='ltr'><strong>aliquae</strong></span> <span class='ocrx_word' id='word_1_285' title='bbox 975 2126 1231 2167; x_wconf 86' lang='lat' dir='ltr'><strong>significationes</strong></span> 
     </span>
     <span class='ocr_line' id='line_1_44' title="bbox 263 2168 1230 2210; baseline 0 -12"><span class='ocrx_word' id='word_1_286' title='bbox 263 2168 402 2208; x_wconf 83' lang='lat' dir='ltr'><strong>Spiritus</strong></span> <span class='ocrx_word' id='word_1_287' title='bbox 436 2169 540 2199; x_wconf 79' lang='lat' dir='ltr'><strong>sancti</strong></span> <span class='ocrx_word' id='word_1_288' title='bbox 573 2169 605 2199; x_wconf 92' lang='lat' dir='ltr'><strong>in</strong></span> <span class='ocrx_word' id='word_1_289' title='bbox 628 2169 774 2199; x_wconf 91' lang='lat' dir='ltr'><strong>miranda</strong></span> <span class='ocrx_word' id='word_1_290' title='bbox 797 2169 1035 2210; x_wconf 82' lang='lat' dir='ltr'><strong>gubernatione</strong></span> <span class='ocrx_word' id='word_1_291' title='bbox 1058 2169 1230 2200; x_wconf 77' lang='lat' dir='ltr'><strong>acc-edunt.</strong></span> 
     </span>
     <span class='ocr_line' id='line_1_45' title="bbox 263 2209 1230 2252; baseline 0.002 -12"><span class='ocrx_word' id='word_1_292' title='bbox 263 2210 357 2244; x_wconf 88' lang='lat' dir='ltr'><strong>Quod</strong></span> <span class='ocrx_word' id='word_1_293' title='bbox 383 2217 489 2241; x_wconf 89' lang='lat' dir='ltr'><strong>autem</strong></span> <span class='ocrx_word' id='word_1_294' title='bbox 506 2209 719 2251; x_wconf 81' lang='lat' dir='ltr'><strong>Evangelium</strong></span> <span class='ocrx_word' id='word_1_295' title='bbox 742 2211 782 2241; x_wconf 83' lang='lat' dir='ltr'><strong>sit</strong></span> <span class='ocrx_word' id='word_1_296' title='bbox 805 2211 933 2251; x_wconf 80' lang='lat' dir='ltr'><strong>signum</strong></span> <span class='ocrx_word' id='word_1_297' title='bbox 956 2217 1153 2249; x_wconf 83' lang='lat' dir='ltr'><strong>monstrans,</strong></span> <span class='ocrx_word' id='word_1_298' title='bbox 1178 2212 1230 2252; x_wconf 88' lang='lat' dir='ltr'><strong>qui</strong></span> 
     </span>
    </p>
   </div>
   <div class='ocr_carea' id='block_1_4' title="bbox 263 2363 922 2545">
    <p class='ocr_par' dir='ltr' id='par_1_7' title="bbox 263 2363 758 2394">
     <span class='ocr_line' id='line_1_46' title="bbox 263 2363 758 2394; baseline 0.008 -9"><span class='ocrx_word' id='word_1_299' title='bbox 263 2364 308 2391; x_wconf 75' lang='lat'><strong>96)</strong></span> <span class='ocrx_word' id='word_1_300' title='bbox 327 2363 388 2394; x_wconf 81' lang='lat' dir='ltr'><strong>Etsi]</strong></span> <span class='ocrx_word' id='word_1_301' title='bbox 407 2364 476 2393; x_wconf 78' lang='lat' dir='ltr'><strong>Com.</strong></span> <span class='ocrx_word' id='word_1_302' title='bbox 497 2365 518 2388; x_wconf 82' lang='grc'><strong>8.</strong></span> <span class='ocrx_word' id='word_1_303' title='bbox 537 2367 584 2394; x_wconf 78' lang='lat' dir='ltr'><strong>typ.</strong></span> <span class='ocrx_word' id='word_1_304' title='bbox 600 2370 700 2389; x_wconf 84' lang='lat' dir='ltr'><strong>errore:</strong></span> <span class='ocrx_word' id='word_1_305' title='bbox 720 2364 758 2389; x_wconf 68' lang='lat' dir='ltr'><strong>fist</strong></span> 
     </span>
    </p>

    <p class='ocr_par' dir='ltr' id='par_1_8' title="bbox 264 2413 697 2444">
     <span class='ocr_line' id='line_1_47' title="bbox 264 2413 697 2444; baseline 0.002 -7"><span class='ocrx_word' id='word_1_306' title='bbox 264 2414 310 2444; x_wconf 73' lang='lat'><strong>87)</strong></span> <span class='ocrx_word' id='word_1_307' title='bbox 330 2413 413 2444; x_wconf 76' lang='lat' dir='ltr'><strong>impia]</strong></span> <span class='ocrx_word' id='word_1_308' title='bbox 436 2414 507 2444; x_wconf 78' lang='lat' dir='ltr'><strong>Cot-p.</strong></span> <span class='ocrx_word' id='word_1_309' title='bbox 531 2415 601 2437; x_wconf 83' lang='lat'>1—8.</span> <span class='ocrx_word' id='word_1_310' title='bbox 623 2415 697 2444; x_wconf 83' lang='lat' dir='ltr'><strong>impie</strong></span> 
     </span>
    </p>

    <p class='ocr_par' dir='ltr' id='par_1_9' title="bbox 266 2463 815 2494">
     <span class='ocr_line' id='line_1_48' title="bbox 266 2463 815 2494; baseline 0.004 -7"><span class='ocrx_word' id='word_1_311' title='bbox 266 2465 311 2493; x_wconf 77' lang='lat'><strong>98)</strong></span> <span class='ocrx_word' id='word_1_312' title='bbox 332 2468 371 2489; x_wconf 82' lang='lat' dir='ltr'><strong>est</strong></span> <span class='ocrx_word' id='word_1_313' title='bbox 390 2463 475 2494; x_wconf 78' lang='lat' dir='ltr'><strong>etiam]</strong></span> <span class='ocrx_word' id='word_1_314' title='bbox 498 2464 567 2493; x_wconf 83' lang='lat' dir='ltr'><strong>corp.</strong></span> <span class='ocrx_word' id='word_1_315' title='bbox 591 2465 661 2487; x_wconf 85' lang='lat'>1-8.</span> <span class='ocrx_word' id='word_1_316' title='bbox 682 2465 756 2489; x_wconf 82' lang='lat' dir='ltr'><strong>etiam</strong></span> <span class='ocrx_word' id='word_1_317' title='bbox 777 2470 815 2489; x_wconf 82' lang='lat' dir='ltr'><strong>est</strong></span> 
     </span>
    </p>

    <p class='ocr_par' dir='ltr' id='par_1_10' title="bbox 267 2514 922 2545">
     <span class='ocr_line' id='line_1_49' title="bbox 267 2514 922 2545; baseline 0.006 -9"><span class='ocrx_word' id='word_1_318' title='bbox 267 2514 311 2542; x_wconf 64' lang='lat'><strong>509)</strong></span> <span class='ocrx_word' id='word_1_319' title='bbox 330 2514 506 2544; x_wconf 77' lang='lat' dir='ltr'><strong>peccaverunt]</strong></span> <span class='ocrx_word' id='word_1_320' title='bbox 526 2514 596 2539; x_wconf 80' lang='lat' dir='ltr'><strong>Editt.</strong></span> <span class='ocrx_word' id='word_1_321' title='bbox 616 2515 706 2538; x_wconf 71' lang='grc' dir='ltr'><strong>1-ιῗ,</strong></span> <span class='ocrx_word' id='word_1_322' title='bbox 727 2516 766 2537; x_wconf 82' lang='grc'><strong>21.</strong></span> <span class='ocrx_word' id='word_1_323' title='bbox 787 2520 922 2545; x_wconf 76' lang='lat' dir='ltr'><strong>peccarunt</strong></span> 
     </span>
    </p>
   </div>
   <div class='ocr_carea' id='block_1_5' title="bbox 883 105 1621 141">
    <p class='ocr_par' dir='ltr' id='par_1_11' title="bbox 883 105 1621 141">
     <span class='ocr_line' id='line_1_50' title="bbox 883 105 1621 141; baseline 0.005 -5"><span class='ocrx_word' id='word_1_324' title='bbox 883 105 992 137; x_wconf 60' lang='lat' dir='ltr'><strong>pun„</strong></span> <span class='ocrx_word' id='word_1_325' title='bbox 1015 105 1118 137; x_wconf 78' lang='lat' dir='ltr'><strong>MEL.</strong></span> <span class='ocrx_word' id='word_1_326' title='bbox 1142 106 1324 139; x_wconf 83' lang='lat' dir='ltr'><strong>SCRlPTA</strong></span> <span class='ocrx_word' id='word_1_327' title='bbox 1349 108 1621 141; x_wconf 81' lang='lat' dir='ltr'><strong>DOGMATICA.</strong></span> 
     </span>
    </p>
   </div>
   <div class='ocr_carea' id='block_1_6' title="bbox 2180 113 2242 145">
    <p class='ocr_par' dir='ltr' id='par_1_12' title="bbox 2180 113 2242 145">
     <span class='ocr_line' id='line_1_51' title="bbox 2180 113 2242 145; baseline 0 0"><span class='ocrx_word' id='word_1_328' title='bbox 2180 113 2242 145; x_wconf 78' lang='lat'><strong>844</strong></span> 
     </span>
    </p>
   </div>
   <div class='ocr_carea' id='block_1_7' title="bbox 1270 200 2245 2293">
    <p class='ocr_par' dir='ltr' id='par_1_13' title="bbox 1275 200 2242 482">
     <span class='ocr_line' id='line_1_52' title="bbox 1279 200 2241 243; baseline 0.006 -13"><span class='ocrx_word' id='word_1_329' title='bbox 1279 207 1393 231; x_wconf 81' lang='lat' dir='ltr'><strong>coetus</strong></span> <span class='ocrx_word' id='word_1_330' title='bbox 1427 202 1469 231; x_wconf 90' lang='lat' dir='ltr'><strong>sit</strong></span> <span class='ocrx_word' id='word_1_331' title='bbox 1493 200 1653 238; x_wconf 85' lang='lat' dir='ltr'><strong>Ecclesia,</strong></span> <span class='ocrx_word' id='word_1_332' title='bbox 1687 211 1787 241; x_wconf 75' lang='lat' dir='ltr'><strong>supra</strong></span> <span class='ocrx_word' id='word_1_333' title='bbox 1820 202 2004 234; x_wconf 82' lang='lat' dir='ltr'><strong>testimonia</strong></span> <span class='ocrx_word' id='word_1_334' title='bbox 2027 205 2176 243; x_wconf 82' lang='lat' dir='ltr'><strong>recitavi,</strong></span> <span class='ocrx_word' id='word_1_335' title='bbox 2211 212 2241 236; x_wconf 88' lang='lat' dir='ltr'><strong>et</strong></span> 
     </span>
     <span class='ocr_line' id='line_1_53' title="bbox 1278 242 2242 286; baseline 0.004 -14"><span class='ocrx_word' id='word_1_336' title='bbox 1278 243 1356 272; x_wconf 87' lang='lat' dir='ltr'><strong>satis</strong></span> <span class='ocrx_word' id='word_1_337' title='bbox 1379 243 1554 282; x_wconf 81' lang='lat' dir='ltr'><strong>perspicua</strong></span> <span class='ocrx_word' id='word_1_338' title='bbox 1575 249 1652 273; x_wconf 88' lang='lat' dir='ltr'><strong>sunt</strong></span> <span class='ocrx_word' id='word_1_339' title='bbox 1676 242 1769 274; x_wconf 86' lang='lat' dir='ltr'><strong>haec.</strong></span> <span class='ocrx_word' id='word_1_340' title='bbox 1799 242 1881 284; x_wconf 89' lang='lat' dir='ltr'><strong>Eph.</strong></span> <span class='ocrx_word' id='word_1_341' title='bbox 1902 243 1934 274; x_wconf 81' lang='lat'><strong>2.</strong></span> <span class='ocrx_word' id='word_1_342' title='bbox 1959 246 2023 282; x_wconf 88' lang='lat' dir='ltr'><strong>[vs.</strong></span> <span class='ocrx_word' id='word_1_343' title='bbox 2046 244 2112 282; x_wconf 52' lang='lat'><strong>204</strong></span> <span class='ocrx_word' id='word_1_344' title='bbox 2135 244 2242 286; x_wconf 81' lang='lat' dir='ltr'><strong>Super</strong></span> 
     </span>
     <span class='ocr_line' id='line_1_54' title="bbox 1276 282 2241 326; baseline 0.004 -12"><span class='ocrx_word' id='word_1_345' title='bbox 1276 282 1517 315; x_wconf 83' lang='lat' dir='ltr'><strong>fundamentum</strong></span> <span class='ocrx_word' id='word_1_346' title='bbox 1541 284 1779 324; x_wconf 86' lang='lat' dir='ltr'><strong>Apostolorum</strong></span> <span class='ocrx_word' id='word_1_347' title='bbox 1813 291 1845 316; x_wconf 88' lang='lat' dir='ltr'><strong>et</strong></span> <span class='ocrx_word' id='word_1_348' title='bbox 1866 285 2103 326; x_wconf 85' lang='lat' dir='ltr'><strong>Prophetarum</strong></span> <span class='ocrx_word' id='word_1_349' title='bbox 2136 294 2241 319; x_wconf 86' lang='lat' dir='ltr'><strong>extru-</strong></span> 
     </span>
     <span class='ocr_line' id='line_1_55' title="bbox 1276 326 2242 367; baseline 0.004 -11"><span class='ocrx_word' id='word_1_350' title='bbox 1276 326 1319 356; x_wconf 86' lang='lat' dir='ltr'><strong>cti</strong></span> <span class='ocrx_word' id='word_1_351' title='bbox 1342 327 1421 357; x_wconf 88' lang='lat' dir='ltr'><strong>estis</strong></span> <span class='ocrx_word' id='word_1_352' title='bbox 1445 332 1506 357; x_wconf 89' lang='lat' dir='ltr'><strong>etc.</strong></span> <span class='ocrx_word' id='word_1_353' title='bbox 1552 326 1630 356; x_wconf 90' lang='lat' dir='ltr'><strong>Item</strong></span> <span class='ocrx_word' id='word_1_354' title='bbox 1648 326 1710 357; x_wconf 86' lang='lat' dir='ltr'><strong>les.</strong></span> <span class='ocrx_word' id='word_1_355' title='bbox 1733 326 1785 357; x_wconf 88' lang='lat'><strong>59.</strong></span> <span class='ocrx_word' id='word_1_356' title='bbox 1805 329 1867 364; x_wconf 79' lang='lat' dir='ltr'><strong>[vs.</strong></span> <span class='ocrx_word' id='word_1_357' title='bbox 1889 327 1955 365; x_wconf 56' lang='lat'><strong>214</strong></span> <span class='ocrx_word' id='word_1_358' title='bbox 1976 327 2116 367; x_wconf 84' lang='lat' dir='ltr'><strong>Spiritus</strong></span> <span class='ocrx_word' id='word_1_359' title='bbox 2139 338 2242 365; x_wconf 87' lang='lat' dir='ltr'><strong>meus,</strong></span> 
     </span>
     <span class='ocr_line' id='line_1_56' title="bbox 1276 366 2242 410; baseline 0.003 -13"><span class='ocrx_word' id='word_1_360' title='bbox 1276 368 1328 408; x_wconf 89' lang='lat' dir='ltr'><strong>qui</strong></span> <span class='ocrx_word' id='word_1_361' title='bbox 1353 375 1402 398; x_wconf 84' lang='lat' dir='ltr'><strong>est</strong></span> <span class='ocrx_word' id='word_1_362' title='bbox 1428 369 1461 398; x_wconf 92' lang='lat' dir='ltr'><strong>in</strong></span> <span class='ocrx_word' id='word_1_363' title='bbox 1484 374 1527 405; x_wconf 78' lang='lat' dir='ltr'><strong>te,</strong></span> <span class='ocrx_word' id='word_1_364' title='bbox 1551 374 1581 398; x_wconf 89' lang='lat' dir='ltr'><strong>et</strong></span> <span class='ocrx_word' id='word_1_365' title='bbox 1605 369 1708 399; x_wconf 82' lang='lat' dir='ltr'><strong>verba</strong></span> <span class='ocrx_word' id='word_1_366' title='bbox 1730 379 1813 405; x_wconf 89' lang='lat' dir='ltr'><strong>mea,</strong></span> <span class='ocrx_word' id='word_1_367' title='bbox 1836 378 1920 409; x_wconf 89' lang='lat' dir='ltr'><strong>quae</strong></span> <span class='ocrx_word' id='word_1_368' title='bbox 1943 370 2038 410; x_wconf 86' lang='lat' dir='ltr'><strong>posui</strong></span> <span class='ocrx_word' id='word_1_369' title='bbox 2049 372 2106 406; x_wconf 78' lang='lat'><strong>¹⁰⁰)</strong></span> <span class='ocrx_word' id='word_1_370' title='bbox 2130 366 2161 400; x_wconf 90' lang='lat' dir='ltr'><strong>in</strong></span> <span class='ocrx_word' id='word_1_371' title='bbox 2185 380 2242 401; x_wconf 91' lang='lat' dir='ltr'><strong>ore</strong></span> 
     </span>
     <span class='ocr_line' id='line_1_57' title="bbox 1276 410 2242 446; baseline 0.003 -7"><span class='ocrx_word' id='word_1_372' title='bbox 1276 415 1342 446; x_wconf 87' lang='lat' dir='ltr'><strong>tuo,</strong></span> <span class='ocrx_word' id='word_1_373' title='bbox 1368 420 1433 440; x_wconf 92' lang='lat' dir='ltr'><strong>non</strong></span> <span class='ocrx_word' id='word_1_374' title='bbox 1465 410 1618 440; x_wconf 84' lang='lat' dir='ltr'><strong>recedent</strong></span> <span class='ocrx_word' id='word_1_375' title='bbox 1641 411 1682 441; x_wconf 85' lang='lat' dir='ltr'><strong>ab</strong></span> <span class='ocrx_word' id='word_1_376' title='bbox 1717 421 1774 440; x_wconf 90' lang='lat' dir='ltr'><strong>ore</strong></span> <span class='ocrx_word' id='word_1_377' title='bbox 1803 417 1857 441; x_wconf 90' lang='lat' dir='ltr'><strong>tuo</strong></span> <span class='ocrx_word' id='word_1_378' title='bbox 1881 420 1943 441; x_wconf 89' lang='lat' dir='ltr'><strong>nec</strong></span> <span class='ocrx_word' id='word_1_379' title='bbox 1964 412 2005 442; x_wconf 85' lang='lat' dir='ltr'><strong>ab</strong></span> <span class='ocrx_word' id='word_1_380' title='bbox 2029 421 2087 442; x_wconf 92' lang='lat' dir='ltr'><strong>ore</strong></span> <span class='ocrx_word' id='word_1_381' title='bbox 2109 413 2242 444; x_wconf 85' lang='lat' dir='ltr'><strong>seminis</strong></span> 
     </span>
     <span class='ocr_line' id='line_1_58' title="bbox 1275 452 1650 482; baseline 0 0"><span class='ocrx_word' id='word_1_382' title='bbox 1275 452 1319 482; x_wconf 86' lang='lat' dir='ltr'><strong>tui</strong></span> <span class='ocrx_word' id='word_1_383' title='bbox 1344 453 1376 482; x_wconf 93' lang='lat' dir='ltr'><strong>in</strong></span> <span class='ocrx_word' id='word_1_384' title='bbox 1399 458 1564 482; x_wconf 89' lang='lat' dir='ltr'><strong>aeternum</strong></span> <span class='ocrx_word' id='word_1_385' title='bbox 1588 459 1650 482; x_wconf 88' lang='lat' dir='ltr'><strong>etc.</strong></span> 
     </span>
    </p>

    <p class='ocr_par' dir='ltr' id='par_1_14' title="bbox 1272 493 2244 984">
     <span class='ocr_line' id='line_1_59' title="bbox 1359 493 2242 536; baseline 0.005 -13"><span class='ocrx_word' id='word_1_386' title='bbox 1359 493 1425 524; x_wconf 83' lang='lat' dir='ltr'><strong>Alii</strong></span> <span class='ocrx_word' id='word_1_387' title='bbox 1463 496 1618 536; x_wconf 74' lang='grc' dir='ltr'><em>κακοζηλίᾳ</em></span> <span class='ocrx_word' id='word_1_388' title='bbox 1659 493 1870 525; x_wconf 87' lang='lat' dir='ltr'><strong>humanarum</strong></span> <span class='ocrx_word' id='word_1_389' title='bbox 1903 493 2086 534; x_wconf 85' lang='lat' dir='ltr'><strong>politiamm</strong></span> <span class='ocrx_word' id='word_1_390' title='bbox 2119 497 2242 527; x_wconf 88' lang='lat' dir='ltr'><strong>addunt</strong></span> 
     </span>
     <span class='ocr_line' id='line_1_60' title="bbox 1273 533 2242 576; baseline 0.004 -12"><span class='ocrx_word' id='word_1_391' title='bbox 1273 533 1446 565; x_wconf 83' lang='lat' dir='ltr'><strong>Ecclesiae</strong></span> <span class='ocrx_word' id='word_1_392' title='bbox 1486 534 1568 566; x_wconf 84' lang='lat' dir='ltr'><strong>haec</strong></span> <span class='ocrx_word' id='word_1_393' title='bbox 1602 536 1713 576; x_wconf 85' lang='lat' dir='ltr'><strong>signa:</strong></span> <span class='ocrx_word' id='word_1_394' title='bbox 1760 536 1965 567; x_wconf 87' lang='lat' dir='ltr'><strong>Ordinariam</strong></span> <span class='ocrx_word' id='word_1_395' title='bbox 1998 538 2242 568; x_wconf 87' lang='lat' dir='ltr'><strong>successionem</strong></span> 
     </span>
     <span class='ocr_line' id='line_1_61' title="bbox 1274 576 2243 617; baseline 0.004 -11"><span class='ocrx_word' id='word_1_396' title='bbox 1274 576 1511 617; x_wconf 88' lang='lat' dir='ltr'><strong>Episcoporum</strong></span> <span class='ocrx_word' id='word_1_397' title='bbox 1534 584 1566 607; x_wconf 90' lang='lat' dir='ltr'><strong>et</strong></span> <span class='ocrx_word' id='word_1_398' title='bbox 1588 578 1804 608; x_wconf 87' lang='lat' dir='ltr'><strong>obedientiam</strong></span> <span class='ocrx_word' id='word_1_399' title='bbox 1826 579 1858 607; x_wconf 93' lang='lat' dir='ltr'><strong>in</strong></span> <span class='ocrx_word' id='word_1_400' title='bbox 1886 577 2110 608; x_wconf 82' lang='lat' dir='ltr'><strong>traditionibus</strong></span> <span class='ocrx_word' id='word_1_401' title='bbox 2132 579 2243 610; x_wconf 81' lang='lat' dir='ltr'><strong>huma-</strong></span> 
     </span>
     <span class='ocr_line' id='line_1_62' title="bbox 1273 618 2243 659; baseline 0.004 -11"><span class='ocrx_word' id='word_1_402' title='bbox 1273 619 1334 649; x_wconf 85' lang='lat' dir='ltr'><strong>nis.</strong></span> <span class='ocrx_word' id='word_1_403' title='bbox 1369 619 1410 649; x_wconf 91' lang='lat' dir='ltr'><strong>Et</strong></span> <span class='ocrx_word' id='word_1_404' title='bbox 1433 625 1548 659; x_wconf 87' lang='lat' dir='ltr'><strong>postea</strong></span> <span class='ocrx_word' id='word_1_405' title='bbox 1571 618 1754 659; x_wconf 80' lang='lat' dir='ltr'><strong>Episcopos</strong></span> <span class='ocrx_word' id='word_1_406' title='bbox 1779 619 1994 650; x_wconf 86' lang='lat' dir='ltr'><strong>audacissime</strong></span> <span class='ocrx_word' id='word_1_407' title='bbox 2015 626 2143 651; x_wconf 79' lang='lat' dir='ltr'><strong>armant</strong></span> <span class='ocrx_word' id='word_1_408' title='bbox 2165 622 2243 652; x_wconf 88' lang='lat' dir='ltr'><strong>duo—</strong></span> 
     </span>
     <span class='ocr_line' id='line_1_63' title="bbox 1274 661 2244 702; baseline 0.004 -12"><span class='ocrx_word' id='word_1_409' title='bbox 1274 661 1334 690; x_wconf 88' lang='lat' dir='ltr'><strong>bus</strong></span> <span class='ocrx_word' id='word_1_410' title='bbox 1359 661 1457 701; x_wconf 82' lang='lat' dir='ltr'><strong>regiis</strong></span> <span class='ocrx_word' id='word_1_411' title='bbox 1482 661 1611 697; x_wconf 84' lang='lat' dir='ltr'><strong>nerviS,</strong></span> <span class='ocrx_word' id='word_1_412' title='bbox 1635 667 1797 700; x_wconf 87' lang='lat' dir='ltr'><strong>potestate</strong></span> <span class='ocrx_word' id='word_1_413' title='bbox 1819 662 2082 701; x_wconf 85' lang='lat' dir='ltr'><strong>interpretandae</strong></span> <span class='ocrx_word' id='word_1_414' title='bbox 2105 663 2244 702; x_wconf 82' lang='lat' dir='ltr'><strong>seriptu-</strong></span> 
     </span>
     <span class='ocr_line' id='line_1_64' title="bbox 1274 701 2241 743; baseline 0.002 -12"><span class='ocrx_word' id='word_1_415' title='bbox 1274 712 1329 732; x_wconf 88' lang='lat' dir='ltr'><strong>rae</strong></span> <span class='ocrx_word' id='word_1_416' title='bbox 1353 709 1382 733; x_wconf 83' lang='lat' dir='ltr'><strong>et</strong></span> <span class='ocrx_word' id='word_1_417' title='bbox 1406 707 1570 742; x_wconf 85' lang='lat' dir='ltr'><strong>potestate</strong></span> <span class='ocrx_word' id='word_1_418' title='bbox 1591 701 1700 743; x_wconf 88' lang='lat' dir='ltr'><strong>legum</strong></span> <span class='ocrx_word' id='word_1_419' title='bbox 1723 701 1932 734; x_wconf 86' lang='lat' dir='ltr'><strong>ferendarum</strong></span> <span class='ocrx_word' id='word_1_420' title='bbox 1955 709 1988 733; x_wconf 80' lang='lat' dir='ltr'><strong>et</strong></span> <span class='ocrx_word' id='word_1_421' title='bbox 2011 702 2118 734; x_wconf 87' lang='lat' dir='ltr'><strong>cultus</strong></span> <span class='ocrx_word' id='word_1_422' title='bbox 2136 714 2241 735; x_wconf 83' lang='lat' dir='ltr'><strong>novos</strong></span> 
     </span>
     <span class='ocr_line' id='line_1_65' title="bbox 1273 744 2242 785; baseline 0.004 -12"><span class='ocrx_word' id='word_1_423' title='bbox 1273 744 1469 775; x_wconf 86' lang='lat' dir='ltr'><strong>instituendi.</strong></span> <span class='ocrx_word' id='word_1_424' title='bbox 1515 744 1720 775; x_wconf 86' lang='lat' dir='ltr'><strong>Admonendi</strong></span> <span class='ocrx_word' id='word_1_425' title='bbox 1751 751 1827 775; x_wconf 90' lang='lat' dir='ltr'><strong>sunt</strong></span> <span class='ocrx_word' id='word_1_426' title='bbox 1849 751 1957 776; x_wconf 88' lang='lat' dir='ltr'><strong>autem</strong></span> <span class='ocrx_word' id='word_1_427' title='bbox 1978 746 2033 785; x_wconf 91' lang='lat' dir='ltr'><strong>pii,</strong></span> <span class='ocrx_word' id='word_1_428' title='bbox 2056 751 2091 776; x_wconf 88' lang='lat' dir='ltr'><strong>ut</strong></span> <span class='ocrx_word' id='word_1_429' title='bbox 2112 745 2173 777; x_wconf 85' lang='lat' dir='ltr'><strong>has</strong></span> <span class='ocrx_word' id='word_1_430' title='bbox 2196 747 2242 777; x_wconf 92' lang='lat' dir='ltr'><strong>in-</strong></span> 
     </span>
     <span class='ocr_line' id='line_1_66' title="bbox 1273 785 2242 825; baseline 0.003 -9"><span class='ocrx_word' id='word_1_431' title='bbox 1273 786 1373 816; x_wconf 84' lang='lat' dir='ltr'><strong>sidias</strong></span> <span class='ocrx_word' id='word_1_432' title='bbox 1408 785 1579 825; x_wconf 84' lang='lat' dir='ltr'><strong>diligenter</strong></span> <span class='ocrx_word' id='word_1_433' title='bbox 1609 793 1758 817; x_wconf 87' lang='lat' dir='ltr'><strong>caveant.</strong></span> <span class='ocrx_word' id='word_1_434' title='bbox 1802 786 1885 817; x_wconf 87' lang='lat' dir='ltr'><strong>Nam</strong></span> <span class='ocrx_word' id='word_1_435' title='bbox 1908 788 2057 818; x_wconf 86' lang='lat' dir='ltr'><strong>omnibus</strong></span> <span class='ocrx_word' id='word_1_436' title='bbox 2080 789 2242 819; x_wconf 85' lang='lat' dir='ltr'><strong>aetatibus</strong></span> 
     </span>
     <span class='ocr_line' id='line_1_67' title="bbox 1272 827 2240 871; baseline 0.004 -14"><span class='ocrx_word' id='word_1_437' title='bbox 1272 829 1303 857; x_wconf 92' lang='lat' dir='ltr'><strong>in</strong></span> <span class='ocrx_word' id='word_1_438' title='bbox 1335 827 1503 858; x_wconf 78' lang='lat' dir='ltr'><strong>Ecclesiae</strong></span> <span class='ocrx_word' id='word_1_439' title='bbox 1537 828 1773 869; x_wconf 83' lang='lat' dir='ltr'><strong>gubernatione</strong></span> <span class='ocrx_word' id='word_1_440' title='bbox 1796 828 1942 858; x_wconf 90' lang='lat' dir='ltr'><strong>homines</strong></span> <span class='ocrx_word' id='word_1_441' title='bbox 1974 828 2115 868; x_wconf 87' lang='lat' dir='ltr'><strong>politici,</strong></span> <span class='ocrx_word' id='word_1_442' title='bbox 2138 830 2240 871; x_wconf 85' lang='lat' dir='ltr'><strong>ignari</strong></span> 
     </span>
     <span class='ocr_line' id='line_1_68' title="bbox 1274 869 2242 910; baseline 0.003 -11"><span class='ocrx_word' id='word_1_443' title='bbox 1274 871 1443 900; x_wconf 82' lang='lat' dir='ltr'><strong>doctrinae</strong></span> <span class='ocrx_word' id='word_1_444' title='bbox 1466 869 1648 909; x_wconf 85' lang='lat' dir='ltr'><strong>Evangelii,</strong></span> <span class='ocrx_word' id='word_1_445' title='bbox 1677 870 1851 910; x_wconf 86' lang='lat' dir='ltr'><strong>pinxerunt</strong></span> <span class='ocrx_word' id='word_1_446' title='bbox 1885 871 1947 900; x_wconf 90' lang='lat' dir='ltr'><strong>sibi</strong></span> <span class='ocrx_word' id='word_1_447' title='bbox 1970 869 2153 902; x_wconf 87' lang='lat' dir='ltr'><strong>Ecclesiam</strong></span> <span class='ocrx_word' id='word_1_448' title='bbox 2186 870 2242 902; x_wconf 85' lang='lat' dir='ltr'><strong>tali</strong></span> 
     </span>
     <span class='ocr_line' id='line_1_69' title="bbox 1274 910 2242 952; baseline 0.003 -11"><span class='ocrx_word' id='word_1_449' title='bbox 1274 912 1448 942; x_wconf 72' lang='lat' dir='ltr'><strong>imitatione</strong></span> <span class='ocrx_word' id='word_1_450' title='bbox 1478 910 1672 952; x_wconf 89' lang='lat' dir='ltr'><strong>politiarum,</strong></span> <span class='ocrx_word' id='word_1_451' title='bbox 1707 918 1736 942; x_wconf 90' lang='lat' dir='ltr'><strong>et</strong></span> <span class='ocrx_word' id='word_1_452' title='bbox 1771 912 1881 952; x_wconf 87' lang='lat' dir='ltr'><strong>magni</strong></span> <span class='ocrx_word' id='word_1_453' title='bbox 1904 921 2036 942; x_wconf 87' lang='lat' dir='ltr'><strong>errores</strong></span> <span class='ocrx_word' id='word_1_454' title='bbox 2059 911 2123 944; x_wconf 90' lang='lat' dir='ltr'><strong>hoc</strong></span> <span class='ocrx_word' id='word_1_455' title='bbox 2145 914 2242 944; x_wconf 84' lang='lat' dir='ltr'><strong>modo</strong></span> 
     </span>
     <span class='ocr_line' id='line_1_70' title="bbox 1273 952 1488 984; baseline -0.005 -1"><span class='ocrx_word' id='word_1_456' title='bbox 1273 952 1488 984; x_wconf 87' lang='lat' dir='ltr'><strong>stabiliuntur.</strong></span> 
     </span>
    </p>

    <p class='ocr_par' dir='ltr' id='par_1_15' title="bbox 1273 995 2244 1453">
     <span class='ocr_line' id='line_1_71' title="bbox 1359 995 2241 1033; baseline 0.001 -7"><span class='ocrx_word' id='word_1_457' title='bbox 1359 995 1468 1030; x_wconf 84' lang='lat' dir='ltr'><strong>Quare</strong></span> <span class='ocrx_word' id='word_1_458' title='bbox 1503 1005 1576 1026; x_wconf 90' lang='lat' dir='ltr'><strong>cum</strong></span> <span class='ocrx_word' id='word_1_459' title='bbox 1598 995 1682 1026; x_wconf 86' lang='lat' dir='ltr'><strong>haec</strong></span> <span class='ocrx_word' id='word_1_460' title='bbox 1705 996 1835 1026; x_wconf 88' lang='lat' dir='ltr'><strong>nomina</strong></span> <span class='ocrx_word' id='word_1_461' title='bbox 1857 996 1964 1033; x_wconf 86' lang='lat' dir='ltr'><strong>audis,</strong></span> <span class='ocrx_word' id='word_1_462' title='bbox 1998 997 2168 1027; x_wconf 84' lang='lat' dir='ltr'><strong>successio</strong></span> <span class='ocrx_word' id='word_1_463' title='bbox 2191 1007 2241 1027; x_wconf 88' lang='lat' dir='ltr'><strong>or-</strong></span> 
     </span>
     <span class='ocr_line' id='line_1_72' title="bbox 1273 1036 2242 1077; baseline 0.002 -10"><span class='ocrx_word' id='word_1_464' title='bbox 1273 1037 1409 1073; x_wconf 87' lang='lat' dir='ltr'><strong>dinaria,</strong></span> <span class='ocrx_word' id='word_1_465' title='bbox 1444 1043 1592 1077; x_wconf 89' lang='lat' dir='ltr'><strong>potestas</strong></span> <span class='ocrx_word' id='word_1_466' title='bbox 1615 1038 1900 1077; x_wconf 77' lang='lat' dir='ltr'><strong>interpretationis,</strong></span> <span class='ocrx_word' id='word_1_467' title='bbox 1924 1043 2071 1077; x_wconf 84' lang='lat' dir='ltr'><strong>potestas</strong></span> <span class='ocrx_word' id='word_1_468' title='bbox 2094 1036 2242 1069; x_wconf 84' lang='lat' dir='ltr'><strong>serenda-</strong></span> 
     </span>
     <span class='ocr_line' id='line_1_73' title="bbox 1274 1078 2243 1119; baseline 0.001 -10"><span class='ocrx_word' id='word_1_469' title='bbox 1274 1090 1344 1110; x_wconf 86' lang='lat' dir='ltr'><strong>rum</strong></span> <span class='ocrx_word' id='word_1_470' title='bbox 1366 1078 1488 1119; x_wconf 87' lang='lat' dir='ltr'><strong>legum,</strong></span> <span class='ocrx_word' id='word_1_471' title='bbox 1523 1079 1611 1110; x_wconf 89' lang='lat' dir='ltr'><strong>scias</strong></span> <span class='ocrx_word' id='word_1_472' title='bbox 1634 1080 1769 1109; x_wconf 82' lang='lat' dir='ltr'><strong>insidias</strong></span> <span class='ocrx_word' id='word_1_473' title='bbox 1793 1089 1892 1110; x_wconf 85' lang='lat' dir='ltr'><strong>verae</strong></span> <span class='ocrx_word' id='word_1_474' title='bbox 1916 1079 2084 1110; x_wconf 86' lang='lat' dir='ltr'><strong>doctrinae</strong></span> <span class='ocrx_word' id='word_1_475' title='bbox 2105 1080 2188 1111; x_wconf 81' lang='lat' dir='ltr'><strong>strui</strong></span> <span class='ocrx_word' id='word_1_476' title='bbox 2210 1085 2243 1111; x_wconf 90' lang='lat' dir='ltr'><strong>et</strong></span> 
     </span>
     <span class='ocr_line' id='line_1_74' title="bbox 1273 1119 2242 1161; baseline 0.001 -10"><span class='ocrx_word' id='word_1_477' title='bbox 1273 1122 1386 1161; x_wconf 89' lang='lat' dir='ltr'><strong>quaeri</strong></span> <span class='ocrx_word' id='word_1_478' title='bbox 1408 1127 1597 1161; x_wconf 81' lang='lat' dir='ltr'><strong>praetextus</strong></span> <span class='ocrx_word' id='word_1_479' title='bbox 1619 1121 1662 1151; x_wconf 88' lang='lat' dir='ltr'><strong>ad</strong></span> <span class='ocrx_word' id='word_1_480' title='bbox 1684 1119 1896 1151; x_wconf 87' lang='lat' dir='ltr'><strong>stabiliendos</strong></span> <span class='ocrx_word' id='word_1_481' title='bbox 1920 1131 2053 1152; x_wconf 87' lang='lat' dir='ltr'><strong>errores</strong></span> <span class='ocrx_word' id='word_1_482' title='bbox 2074 1122 2107 1152; x_wconf 90' lang='lat' dir='ltr'><strong>in</strong></span> <span class='ocrx_word' id='word_1_483' title='bbox 2129 1120 2242 1152; x_wconf 87' lang='lat' dir='ltr'><strong>Eccle-</strong></span> 
     </span>
     <span class='ocr_line' id='line_1_75' title="bbox 1273 1161 2242 1204; baseline 0.001 -11"><span class='ocrx_word' id='word_1_484' title='bbox 1273 1164 1332 1194; x_wconf 85' lang='lat' dir='ltr'><strong>sia.</strong></span> <span class='ocrx_word' id='word_1_485' title='bbox 1376 1162 1589 1194; x_wconf 87' lang='lat' dir='ltr'><strong>Removenda</strong></span> <span class='ocrx_word' id='word_1_486' title='bbox 1621 1169 1673 1193; x_wconf 88' lang='lat' dir='ltr'><strong>est</strong></span> <span class='ocrx_word' id='word_1_487' title='bbox 1700 1163 1798 1203; x_wconf 86' lang='lat' dir='ltr'><strong>igitur</strong></span> <span class='ocrx_word' id='word_1_488' title='bbox 1820 1161 1875 1193; x_wconf 89' lang='lat' dir='ltr'><strong>illa</strong></span> <span class='ocrx_word' id='word_1_489' title='bbox 1898 1164 2005 1204; x_wconf 89' lang='lat' dir='ltr'><strong>imago</strong></span> <span class='ocrx_word' id='word_1_490' title='bbox 2029 1162 2242 1194; x_wconf 87' lang='lat' dir='ltr'><strong>humanarum</strong></span> 
     </span>
     <span class='ocr_line' id='line_1_76' title="bbox 1273 1203 2242 1245; baseline 0.001 -10"><span class='ocrx_word' id='word_1_491' title='bbox 1273 1204 1457 1245; x_wconf 88' lang='lat' dir='ltr'><strong>politiarum</strong></span> <span class='ocrx_word' id='word_1_492' title='bbox 1491 1211 1523 1235; x_wconf 90' lang='lat' dir='ltr'><strong>et</strong></span> <span class='ocrx_word' id='word_1_493' title='bbox 1557 1204 1652 1235; x_wconf 88' lang='lat' dir='ltr'><strong>aliter</strong></span> <span class='ocrx_word' id='word_1_494' title='bbox 1675 1205 1714 1235; x_wconf 92' lang='lat' dir='ltr'><strong>de</strong></span> <span class='ocrx_word' id='word_1_495' title='bbox 1736 1203 1886 1236; x_wconf 88' lang='lat' dir='ltr'><strong>Ecclesia</strong></span> <span class='ocrx_word' id='word_1_496' title='bbox 1909 1205 2124 1236; x_wconf 88' lang='lat' dir='ltr'><strong>sentiendum.</strong></span> <span class='ocrx_word' id='word_1_497' title='bbox 2167 1205 2242 1236; x_wconf 86' lang='lat' dir='ltr'><strong>Dixi</strong></span> 
     </span>
     <span class='ocr_line' id='line_1_77' title="bbox 1274 1245 2244 1288; baseline 0.001 -11"><span class='ocrx_word' id='word_1_498' title='bbox 1274 1257 1385 1286; x_wconf 83' lang='lat' dir='ltr'><strong>supra,</strong></span> <span class='ocrx_word' id='word_1_499' title='bbox 1404 1246 1590 1278; x_wconf 83' lang='lat' dir='ltr'><strong>Ecclesiam</strong></span> <span class='ocrx_word' id='word_1_500' title='bbox 1613 1257 1677 1277; x_wconf 90' lang='lat' dir='ltr'><strong>non</strong></span> <span class='ocrx_word' id='word_1_501' title='bbox 1707 1256 1783 1277; x_wconf 85' lang='lat' dir='ltr'><strong>esse</strong></span> <span class='ocrx_word' id='word_1_502' title='bbox 1806 1245 1973 1288; x_wconf 83' lang='lat' dir='ltr'><strong>alligatam</strong></span> <span class='ocrx_word' id='word_1_503' title='bbox 1995 1247 2037 1277; x_wconf 88' lang='lat' dir='ltr'><strong>ad</strong></span> <span class='ocrx_word' id='word_1_504' title='bbox 2059 1248 2244 1278; x_wconf 86' lang='lat' dir='ltr'><strong>successio-</strong></span> 
     </span>
     <span class='ocr_line' id='line_1_78' title="bbox 1274 1288 2243 1328; baseline 0.001 -9"><span class='ocrx_word' id='word_1_505' title='bbox 1274 1299 1347 1319; x_wconf 90' lang='lat' dir='ltr'><strong>nem</strong></span> <span class='ocrx_word' id='word_1_506' title='bbox 1381 1289 1588 1325; x_wconf 86' lang='lat' dir='ltr'><strong>ordinariam,</strong></span> <span class='ocrx_word' id='word_1_507' title='bbox 1613 1294 1647 1318; x_wconf 93' lang='lat' dir='ltr'><strong>ut</strong></span> <span class='ocrx_word' id='word_1_508' title='bbox 1680 1294 1810 1325; x_wconf 74' lang='lat' dir='ltr'><strong>vocant,</strong></span> <span class='ocrx_word' id='word_1_509' title='bbox 1844 1288 2096 1328; x_wconf 89' lang='lat' dir='ltr'><strong>Episcoporum,</strong></span> <span class='ocrx_word' id='word_1_510' title='bbox 2118 1289 2178 1320; x_wconf 89' lang='lat' dir='ltr'><strong>sed</strong></span> <span class='ocrx_word' id='word_1_511' title='bbox 2200 1289 2243 1320; x_wconf 82' lang='lat' dir='ltr'><strong>ad</strong></span> 
     </span>
     <span class='ocr_line' id='line_1_79' title="bbox 1274 1329 2242 1372; baseline -0.001 -11"><span class='ocrx_word' id='word_1_512' title='bbox 1274 1329 1496 1372; x_wconf 84' lang='lat' dir='ltr'><strong>Evangelium.</strong></span> <span class='ocrx_word' id='word_1_513' title='bbox 1543 1329 1623 1360; x_wconf 90' lang='lat' dir='ltr'><strong>Cum</strong></span> <span class='ocrx_word' id='word_1_514' title='bbox 1646 1329 1801 1370; x_wconf 87' lang='lat' dir='ltr'><strong>Episcopi</strong></span> <span class='ocrx_word' id='word_1_515' title='bbox 1833 1340 1899 1360; x_wconf 88' lang='lat' dir='ltr'><strong>non</strong></span> <span class='ocrx_word' id='word_1_516' title='bbox 1921 1337 2011 1361; x_wconf 87' lang='lat' dir='ltr'><strong>recte</strong></span> <span class='ocrx_word' id='word_1_517' title='bbox 2034 1331 2162 1368; x_wconf 89' lang='lat' dir='ltr'><strong>docent,</strong></span> <span class='ocrx_word' id='word_1_518' title='bbox 2196 1330 2242 1360; x_wconf 90' lang='lat' dir='ltr'><strong>ni-</strong></span> 
     </span>
     <span class='ocr_line' id='line_1_80' title="bbox 1273 1371 2242 1411; baseline 0 -9"><span class='ocrx_word' id='word_1_519' title='bbox 1273 1372 1318 1402; x_wconf 90' lang='lat' dir='ltr'><strong>hil</strong></span> <span class='ocrx_word' id='word_1_520' title='bbox 1351 1373 1393 1403; x_wconf 90' lang='lat' dir='ltr'><strong>ad</strong></span> <span class='ocrx_word' id='word_1_521' title='bbox 1416 1371 1601 1402; x_wconf 86' lang='lat' dir='ltr'><strong>Ecclesiam</strong></span> <span class='ocrx_word' id='word_1_522' title='bbox 1633 1373 1772 1411; x_wconf 87' lang='lat' dir='ltr'><strong>pertinet</strong></span> <span class='ocrx_word' id='word_1_523' title='bbox 1794 1372 1957 1402; x_wconf 85' lang='lat' dir='ltr'><strong>ordinaria</strong></span> <span class='ocrx_word' id='word_1_524' title='bbox 1979 1373 2161 1409; x_wconf 88' lang='lat' dir='ltr'><strong>successio,</strong></span> <span class='ocrx_word' id='word_1_525' title='bbox 2183 1372 2242 1402; x_wconf 82' lang='lat' dir='ltr'><strong>sed</strong></span> 
     </span>
     <span class='ocr_line' id='line_1_81' title="bbox 1273 1413 1798 1453; baseline -0.002 -9"><span class='ocrx_word' id='word_1_526' title='bbox 1273 1415 1464 1445; x_wconf 88' lang='lat' dir='ltr'><strong>necessario</strong></span> <span class='ocrx_word' id='word_1_527' title='bbox 1487 1413 1690 1453; x_wconf 88' lang='lat' dir='ltr'><strong>relinquendi</strong></span> <span class='ocrx_word' id='word_1_528' title='bbox 1712 1419 1798 1443; x_wconf 88' lang='lat' dir='ltr'><strong>sunt.</strong></span> 
     </span>
    </p>

    <p class='ocr_par' dir='ltr' id='par_1_16' title="bbox 1270 1455 2245 2250">
     <span class='ocr_line' id='line_1_82' title="bbox 1358 1455 2245 1496; baseline -0.001 -10"><span class='ocrx_word' id='word_1_529' title='bbox 1358 1455 1410 1486; x_wconf 91' lang='lat' dir='ltr'><strong>De</strong></span> <span class='ocrx_word' id='word_1_530' title='bbox 1448 1461 1612 1496; x_wconf 82' lang='lat' dir='ltr'><strong>potestate</strong></span> <span class='ocrx_word' id='word_1_531' title='bbox 1650 1465 1728 1485; x_wconf 88' lang='lat' dir='ltr'><strong>vero</strong></span> <span class='ocrx_word' id='word_1_532' title='bbox 1769 1455 2042 1495; x_wconf 87' lang='lat' dir='ltr'><strong>interpretationis</strong></span> <span class='ocrx_word' id='word_1_533' title='bbox 2075 1455 2245 1487; x_wconf 81' lang='lat' dir='ltr'><strong>sciendum</strong></span> 
     </span>
     <span class='ocr_line' id='line_1_83' title="bbox 1273 1497 2242 1539; baseline 0 -11"><span class='ocrx_word' id='word_1_534' title='bbox 1273 1505 1334 1535; x_wconf 88' lang='lat' dir='ltr'><strong>est,</strong></span> <span class='ocrx_word' id='word_1_535' title='bbox 1368 1508 1521 1539; x_wconf 88' lang='lat' dir='ltr'><strong>magnum</strong></span> <span class='ocrx_word' id='word_1_536' title='bbox 1556 1498 1731 1528; x_wconf 88' lang='lat' dir='ltr'><strong>discrimen</strong></span> <span class='ocrx_word' id='word_1_537' title='bbox 1766 1506 1842 1527; x_wconf 86' lang='lat' dir='ltr'><strong>esse</strong></span> <span class='ocrx_word' id='word_1_538' title='bbox 1876 1497 1959 1527; x_wconf 89' lang='lat' dir='ltr'><strong>inter</strong></span> <span class='ocrx_word' id='word_1_539' title='bbox 1992 1503 2188 1537; x_wconf 88' lang='lat' dir='ltr'><strong>potestatem</strong></span> <span class='ocrx_word' id='word_1_540' title='bbox 2210 1503 2242 1528; x_wconf 89' lang='lat' dir='ltr'><strong>et</strong></span> 
     </span>
     <span class='ocr_line' id='line_1_84' title="bbox 1272 1538 2242 1579; baseline -0.002 -9"><span class='ocrx_word' id='word_1_541' title='bbox 1272 1541 1402 1571; x_wconf 86' lang='lat' dir='ltr'><strong>donum.</strong></span> <span class='ocrx_word' id='word_1_542' title='bbox 1457 1539 1492 1569; x_wconf 93' lang='lat' dir='ltr'><strong>In</strong></span> <span class='ocrx_word' id='word_1_543' title='bbox 1526 1538 1679 1570; x_wconf 86' lang='lat' dir='ltr'><strong>Ecclesia</strong></span> <span class='ocrx_word' id='word_1_544' title='bbox 1718 1539 1838 1570; x_wconf 89' lang='lat' dir='ltr'><strong>donum</strong></span> <span class='ocrx_word' id='word_1_545' title='bbox 1873 1544 1924 1569; x_wconf 89' lang='lat' dir='ltr'><strong>est</strong></span> <span class='ocrx_word' id='word_1_546' title='bbox 1956 1539 2242 1579; x_wconf 86' lang='lat' dir='ltr'><strong>interpretationis,</strong></span> 
     </span>
     <span class='ocr_line' id='line_1_85' title="bbox 1271 1579 2242 1623; baseline -0.003 -10"><span class='ocrx_word' id='word_1_547' title='bbox 1271 1593 1337 1613; x_wconf 87' lang='lat' dir='ltr'><strong>non</strong></span> <span class='ocrx_word' id='word_1_548' title='bbox 1361 1581 1530 1623; x_wconf 89' lang='lat' dir='ltr'><strong>alligatum</strong></span> <span class='ocrx_word' id='word_1_549' title='bbox 1553 1588 1642 1612; x_wconf 89' lang='lat' dir='ltr'><strong>certo</strong></span> <span class='ocrx_word' id='word_1_550' title='bbox 1667 1581 1783 1617; x_wconf 91' lang='lat' dir='ltr'><strong>ordini,</strong></span> <span class='ocrx_word' id='word_1_551' title='bbox 1806 1581 1891 1611; x_wconf 87' lang='lat' dir='ltr'><strong>sicut</strong></span> <span class='ocrx_word' id='word_1_552' title='bbox 1912 1587 2047 1621; x_wconf 86' lang='lat' dir='ltr'><strong>propter</strong></span> <span class='ocrx_word' id='word_1_553' title='bbox 2068 1579 2178 1611; x_wconf 91' lang='lat' dir='ltr'><strong>locum</strong></span> <span class='ocrx_word' id='word_1_554' title='bbox 2189 1579 2242 1612; x_wconf 87' lang='lat' dir='ltr'><strong>vel</strong></span> 
     </span>
     <span class='ocr_line' id='line_1_86' title="bbox 1270 1622 2243 1662; baseline -0.002 -7"><span class='ocrx_word' id='word_1_555' title='bbox 1270 1623 1397 1655; x_wconf 85' lang='lat' dir='ltr'><strong>titulum</strong></span> <span class='ocrx_word' id='word_1_556' title='bbox 1419 1634 1485 1654; x_wconf 93' lang='lat' dir='ltr'><strong>non</strong></span> <span class='ocrx_word' id='word_1_557' title='bbox 1508 1624 1602 1654; x_wconf 87' lang='lat' dir='ltr'><strong>datur</strong></span> <span class='ocrx_word' id='word_1_558' title='bbox 1625 1622 1765 1662; x_wconf 86' lang='lat' dir='ltr'><strong>Spiritus</strong></span> <span class='ocrx_word' id='word_1_559' title='bbox 1787 1628 1933 1654; x_wconf 84' lang='lat' dir='ltr'><strong>sanctus.</strong></span> <span class='ocrx_word' id='word_1_560' title='bbox 1977 1622 2013 1653; x_wconf 81' lang='lat' dir='ltr'><strong>id</strong></span> <span class='ocrx_word' id='word_1_561' title='bbox 2035 1622 2155 1653; x_wconf 90' lang='lat' dir='ltr'><strong>donum</strong></span> <span class='ocrx_word' id='word_1_562' title='bbox 2175 1632 2243 1654; x_wconf 81' lang='lat' dir='ltr'><strong>non</strong></span> 
     </span>
     <span class='ocr_line' id='line_1_87' title="bbox 1272 1663 2243 1706; baseline -0.003 -9"><span class='ocrx_word' id='word_1_563' title='bbox 1272 1673 1324 1697; x_wconf 89' lang='lat' dir='ltr'><strong>est</strong></span> <span class='ocrx_word' id='word_1_564' title='bbox 1355 1672 1507 1706; x_wconf 86' lang='lat' dir='ltr'><strong>potestas</strong></span> <span class='ocrx_word' id='word_1_565' title='bbox 1541 1664 1675 1706; x_wconf 87' lang='lat' dir='ltr'><strong>alligata</strong></span> <span class='ocrx_word' id='word_1_566' title='bbox 1697 1665 1803 1695; x_wconf 87' lang='lat' dir='ltr'><strong>ordini</strong></span> <span class='ocrx_word' id='word_1_567' title='bbox 1825 1674 1884 1695; x_wconf 91' lang='lat' dir='ltr'><strong>seu</strong></span> <span class='ocrx_word' id='word_1_568' title='bbox 1906 1663 2013 1702; x_wconf 87' lang='lat' dir='ltr'><strong>titulo,</strong></span> <span class='ocrx_word' id='word_1_569' title='bbox 2036 1664 2088 1695; x_wconf 90' lang='lat' dir='ltr'><strong>cui</strong></span> <span class='ocrx_word' id='word_1_570' title='bbox 2133 1670 2243 1704; x_wconf 89' lang='lat' dir='ltr'><strong>ropter</strong></span> 
     </span>
     <span class='ocr_line' id='line_1_88' title="bbox 1272 1706 2243 1748; baseline -0.003 -9"><span class='ocrx_word' id='word_1_571' title='bbox 1272 1709 1418 1739; x_wconf 88' lang='lat' dir='ltr'><strong>ordinem</strong></span> <span class='ocrx_word' id='word_1_572' title='bbox 1440 1717 1557 1748; x_wconf 87' lang='lat' dir='ltr'><strong>parere</strong></span> <span class='ocrx_word' id='word_1_573' title='bbox 1580 1716 1719 1738; x_wconf 89' lang='lat' dir='ltr'><strong>necesse</strong></span> <span class='ocrx_word' id='word_1_574' title='bbox 1741 1707 1796 1743; x_wconf 82' lang='lat' dir='ltr'><strong>sit,</strong></span> <span class='ocrx_word' id='word_1_575' title='bbox 1829 1707 1915 1736; x_wconf 88' lang='lat' dir='ltr'><strong>sicut</strong></span> <span class='ocrx_word' id='word_1_576' title='bbox 1936 1706 2047 1747; x_wconf 80' lang='lat' dir='ltr'><strong>regiae</strong></span> <span class='ocrx_word' id='word_1_577' title='bbox 2076 1716 2115 1736; x_wconf 92' lang='lat' dir='ltr'><strong>ve</strong></span> <span class='ocrx_word' id='word_1_578' title='bbox 2149 1715 2243 1745; x_wconf 85' lang='lat' dir='ltr'><strong>prae-</strong></span> 
     </span>
     <span class='ocr_line' id='line_1_89' title="bbox 1271 1748 2242 1789; baseline -0.004 -8"><span class='ocrx_word' id='word_1_579' title='bbox 1271 1752 1373 1781; x_wconf 88' lang='lat' dir='ltr'><strong>toriae</strong></span> <span class='ocrx_word' id='word_1_580' title='bbox 1396 1750 1651 1789; x_wconf 88' lang='lat' dir='ltr'><strong>interpretationi</strong></span> <span class='ocrx_word' id='word_1_581' title='bbox 1673 1754 1807 1788; x_wconf 89' lang='lat' dir='ltr'><strong>propter</strong></span> <span class='ocrx_word' id='word_1_582' title='bbox 1826 1748 1970 1778; x_wconf 88' lang='lat' dir='ltr'><strong>ordinem</strong></span> <span class='ocrx_word' id='word_1_583' title='bbox 1992 1757 2108 1787; x_wconf 88' lang='lat' dir='ltr'><strong>parere</strong></span> <span class='ocrx_word' id='word_1_584' title='bbox 2129 1756 2242 1778; x_wconf 81' lang='lat' dir='ltr'><strong>neces—</strong></span> 
     </span>
     <span class='ocr_line' id='line_1_90' title="bbox 1272 1787 2240 1830; baseline -0.005 -7"><span class='ocrx_word' id='word_1_585' title='bbox 1272 1803 1308 1823; x_wconf 88' lang='lat' dir='ltr'><strong>se</strong></span> <span class='ocrx_word' id='word_1_586' title='bbox 1342 1799 1401 1822; x_wconf 90' lang='lat' dir='ltr'><strong>est.</strong></span> <span class='ocrx_word' id='word_1_587' title='bbox 1446 1791 1539 1822; x_wconf 92' lang='lat' dir='ltr'><strong>Deus</strong></span> <span class='ocrx_word' id='word_1_588' title='bbox 1573 1792 1657 1822; x_wconf 88' lang='lat' dir='ltr'><strong>enim</strong></span> <span class='ocrx_word' id='word_1_589' title='bbox 1691 1791 1777 1821; x_wconf 89' lang='lat' dir='ltr'><strong>dedit</strong></span> <span class='ocrx_word' id='word_1_590' title='bbox 1810 1790 2057 1830; x_wconf 83' lang='lat' dir='ltr'><strong>magistratibus</strong></span> <span class='ocrx_word' id='word_1_591' title='bbox 2092 1787 2240 1820; x_wconf 84' lang='lat' dir='ltr'><strong>civilibus</strong></span> 
     </span>
     <span class='ocr_line' id='line_1_91' title="bbox 1271 1831 2243 1875; baseline -0.003 -11"><span class='ocrx_word' id='word_1_592' title='bbox 1271 1840 1467 1875; x_wconf 87' lang='lat' dir='ltr'><strong>potestatem</strong></span> <span class='ocrx_word' id='word_1_593' title='bbox 1491 1833 1651 1864; x_wconf 88' lang='lat' dir='ltr'><strong>condendi</strong></span> <span class='ocrx_word' id='word_1_594' title='bbox 1673 1832 1764 1873; x_wconf 84' lang='lat' dir='ltr'><strong>leges</strong></span> <span class='ocrx_word' id='word_1_595' title='bbox 1789 1837 2008 1872; x_wconf 83' lang='lat' dir='ltr'><strong>congruentes</strong></span> <span class='ocrx_word' id='word_1_596' title='bbox 2032 1841 2104 1862; x_wconf 89' lang='lat' dir='ltr'><strong>cum</strong></span> <span class='ocrx_word' id='word_1_597' title='bbox 2115 1831 2243 1861; x_wconf 87' lang='lat' dir='ltr'><strong>ratione</strong></span> 
     </span>
     <span class='ocr_line' id='line_1_92' title="bbox 1273 1872 2240 1915; baseline -0.005 -8"><span class='ocrx_word' id='word_1_598' title='bbox 1273 1883 1305 1907; x_wconf 90' lang='lat' dir='ltr'><strong>et</strong></span> <span class='ocrx_word' id='word_1_599' title='bbox 1339 1886 1396 1907; x_wconf 88' lang='lat' dir='ltr'><strong>eas</strong></span> <span class='ocrx_word' id='word_1_600' title='bbox 1430 1876 1674 1915; x_wconf 76' lang='lat' dir='ltr'><strong>inteipretandi.</strong></span> <span class='ocrx_word' id='word_1_601' title='bbox 1729 1874 1796 1904; x_wconf 87' lang='lat' dir='ltr'><strong>Sed</strong></span> <span class='ocrx_word' id='word_1_602' title='bbox 1829 1874 1869 1903; x_wconf 89' lang='lat' dir='ltr'><strong>de</strong></span> <span class='ocrx_word' id='word_1_603' title='bbox 1904 1883 1986 1904; x_wconf 91' lang='lat' dir='ltr'><strong>voce</strong></span> <span class='ocrx_word' id='word_1_604' title='bbox 2008 1872 2175 1911; x_wconf 77' lang='lat' dir='ltr'><strong>Evangelii</strong></span> <span class='ocrx_word' id='word_1_605' title='bbox 2209 1873 2240 1903; x_wconf 85' lang='lat' dir='ltr'><strong>in</strong></span> 
     </span>
     <span class='ocr_line' id='line_1_93' title="bbox 1273 1914 2241 1958; baseline -0.005 -9"><span class='ocrx_word' id='word_1_606' title='bbox 1273 1917 1424 1949; x_wconf 87' lang='lat' dir='ltr'><strong>Ecclesia</strong></span> <span class='ocrx_word' id='word_1_607' title='bbox 1446 1917 1546 1958; x_wconf 89' lang='lat' dir='ltr'><strong>longe</strong></span> <span class='ocrx_word' id='word_1_608' title='bbox 1569 1916 1632 1948; x_wconf 85' lang='lat' dir='ltr'><strong>alia</strong></span> <span class='ocrx_word' id='word_1_609' title='bbox 1656 1927 1709 1946; x_wconf 81' lang='lat' dir='ltr'><strong>res</strong></span> <span class='ocrx_word' id='word_1_610' title='bbox 1733 1922 1801 1953; x_wconf 81' lang='lat' dir='ltr'><strong>est,</strong></span> <span class='ocrx_word' id='word_1_611' title='bbox 1824 1914 1909 1945; x_wconf 78' lang='lat' dir='ltr'><strong>lianc</strong></span> <span class='ocrx_word' id='word_1_612' title='bbox 1942 1914 2028 1946; x_wconf 89' lang='lat' dir='ltr'><strong>filius</strong></span> <span class='ocrx_word' id='word_1_613' title='bbox 2051 1914 2114 1946; x_wconf 88' lang='lat' dir='ltr'><strong>Dei</strong></span> <span class='ocrx_word' id='word_1_614' title='bbox 2137 1925 2176 1945; x_wconf 81' lang='lat' dir='ltr'><strong>ex</strong></span> <span class='ocrx_word' id='word_1_615' title='bbox 2199 1916 2241 1945; x_wconf 87' lang='lat' dir='ltr'><strong>si-</strong></span> 
     </span>
     <span class='ocr_line' id='line_1_94' title="bbox 1273 1956 2242 1998; baseline -0.004 -8"><span class='ocrx_word' id='word_1_616' title='bbox 1273 1971 1316 1991; x_wconf 92' lang='lat' dir='ltr'><strong>nu</strong></span> <span class='ocrx_word' id='word_1_617' title='bbox 1349 1961 1472 1990; x_wconf 89' lang='lat' dir='ltr'><strong>aeterni</strong></span> <span class='ocrx_word' id='word_1_618' title='bbox 1496 1959 1603 1990; x_wconf 87' lang='lat' dir='ltr'><strong>Patris</strong></span> <span class='ocrx_word' id='word_1_619' title='bbox 1635 1956 1779 1998; x_wconf 88' lang='lat' dir='ltr'><strong>protulit.</strong></span> <span class='ocrx_word' id='word_1_620' title='bbox 1823 1956 1864 1987; x_wconf 83' lang='lat' dir='ltr'><strong>Et</strong></span> <span class='ocrx_word' id='word_1_621' title='bbox 1886 1963 1937 1987; x_wconf 87' lang='lat' dir='ltr'><strong>est</strong></span> <span class='ocrx_word' id='word_1_622' title='bbox 1959 1957 2121 1987; x_wconf 86' lang='lat' dir='ltr'><strong>sententia</strong></span> <span class='ocrx_word' id='word_1_623' title='bbox 2143 1966 2242 1996; x_wconf 84' lang='lat' dir='ltr'><strong>supra</strong></span> 
     </span>
     <span class='ocr_line' id='line_1_95' title="bbox 1273 1997 2240 2041; baseline -0.005 -8"><span class='ocrx_word' id='word_1_624' title='bbox 1273 2003 1432 2033; x_wconf 89' lang='lat' dir='ltr'><strong>rationem</strong></span> <span class='ocrx_word' id='word_1_625' title='bbox 1465 2002 1572 2041; x_wconf 89' lang='lat' dir='ltr'><strong>posita</strong></span> <span class='ocrx_word' id='word_1_626' title='bbox 1605 2001 1646 2030; x_wconf 92' lang='lat' dir='ltr'><strong>de</strong></span> <span class='ocrx_word' id='word_1_627' title='bbox 1679 1999 1845 2041; x_wconf 87' lang='lat' dir='ltr'><strong>agnitione</strong></span> <span class='ocrx_word' id='word_1_628' title='bbox 1866 1997 1939 2036; x_wconf 88' lang='lat' dir='ltr'><strong>Dei,</strong></span> <span class='ocrx_word' id='word_1_629' title='bbox 1973 1998 2014 2028; x_wconf 92' lang='lat' dir='ltr'><strong>de</strong></span> <span class='ocrx_word' id='word_1_630' title='bbox 2035 1999 2084 2029; x_wconf 87' lang='lat' dir='ltr'><strong>ira</strong></span> <span class='ocrx_word' id='word_1_631' title='bbox 2101 1997 2163 2028; x_wconf 90' lang='lat' dir='ltr'><strong>Dei</strong></span> <span class='ocrx_word' id='word_1_632' title='bbox 2186 1998 2240 2028; x_wconf 90' lang='lat' dir='ltr'><strong>ad-</strong></span> 
     </span>
     <span class='ocr_line' id='line_1_96' title="bbox 1273 2039 2242 2084; baseline -0.006 -9"><span class='ocrx_word' id='word_1_633' title='bbox 1273 2054 1390 2075; x_wconf 81' lang='lat' dir='ltr'><strong>versus</strong></span> <span class='ocrx_word' id='word_1_634' title='bbox 1412 2049 1591 2084; x_wconf 86' lang='lat' dir='ltr'><strong>peccatum,</strong></span> <span class='ocrx_word' id='word_1_635' title='bbox 1615 2042 1656 2072; x_wconf 89' lang='lat' dir='ltr'><strong>de</strong></span> <span class='ocrx_word' id='word_1_636' title='bbox 1679 2041 1899 2082; x_wconf 88' lang='lat' dir='ltr'><strong>magnitudine</strong></span> <span class='ocrx_word' id='word_1_637' title='bbox 1922 2040 2062 2080; x_wconf 89' lang='lat' dir='ltr'><strong>peccati,</strong></span> <span class='ocrx_word' id='word_1_638' title='bbox 2085 2040 2125 2070; x_wconf 87' lang='lat' dir='ltr'><strong>de</strong></span> <span class='ocrx_word' id='word_1_639' title='bbox 2147 2039 2242 2070; x_wconf 85' lang='lat' dir='ltr'><strong>lusti·</strong></span> 
     </span>
     <span class='ocr_line' id='line_1_97' title="bbox 1274 2081 2242 2125; baseline -0.005 -9"><span class='ocrx_word' id='word_1_640' title='bbox 1274 2087 1318 2116; x_wconf 90' lang='lat' dir='ltr'><strong>tia</strong></span> <span class='ocrx_word' id='word_1_641' title='bbox 1341 2087 1461 2116; x_wconf 87' lang='lat' dir='ltr'><strong>donata</strong></span> <span class='ocrx_word' id='word_1_642' title='bbox 1484 2095 1542 2125; x_wconf 90' lang='lat' dir='ltr'><strong>per</strong></span> <span class='ocrx_word' id='word_1_643' title='bbox 1565 2083 1664 2114; x_wconf 82' lang='lat' dir='ltr'><strong>filium</strong></span> <span class='ocrx_word' id='word_1_644' title='bbox 1686 2083 1767 2120; x_wconf 91' lang='lat' dir='ltr'><strong>Dei,</strong></span> <span class='ocrx_word' id='word_1_645' title='bbox 1790 2083 1830 2112; x_wconf 90' lang='lat' dir='ltr'><strong>de</strong></span> <span class='ocrx_word' id='word_1_646' title='bbox 1853 2081 1998 2120; x_wconf 85' lang='lat' dir='ltr'><strong>Timore,</strong></span> <span class='ocrx_word' id='word_1_647' title='bbox 2021 2082 2061 2112; x_wconf 92' lang='lat' dir='ltr'><strong>de</strong></span> <span class='ocrx_word' id='word_1_648' title='bbox 2083 2081 2179 2118; x_wconf 86' lang='lat' dir='ltr'><strong>Fide,</strong></span> <span class='ocrx_word' id='word_1_649' title='bbox 2201 2082 2242 2112; x_wconf 86' lang='lat' dir='ltr'><strong>de</strong></span> 
     </span>
     <span class='ocr_line' id='line_1_98' title="bbox 1275 2122 2241 2165; baseline -0.005 -7"><span class='ocrx_word' id='word_1_650' title='bbox 1275 2127 1392 2165; x_wconf 86' lang='lat' dir='ltr'><strong>Cruce,</strong></span> <span class='ocrx_word' id='word_1_651' title='bbox 1422 2128 1462 2157; x_wconf 90' lang='lat' dir='ltr'><strong>de</strong></span> <span class='ocrx_word' id='word_1_652' title='bbox 1484 2125 1616 2157; x_wconf 75' lang='lat' dir='ltr'><strong>Auxilio</strong></span> <span class='ocrx_word' id='word_1_653' title='bbox 1638 2125 1713 2163; x_wconf 85' lang='lat' dir='ltr'><strong>Dei,</strong></span> <span class='ocrx_word' id='word_1_654' title='bbox 1747 2126 1787 2156; x_wconf 90' lang='lat' dir='ltr'><strong>de</strong></span> <span class='ocrx_word' id='word_1_655' title='bbox 1810 2124 2082 2160; x_wconf 84' lang='lat' dir='ltr'><strong>Resurrectione,</strong></span> <span class='ocrx_word' id='word_1_656' title='bbox 2116 2123 2157 2154; x_wconf 88' lang='lat' dir='ltr'><strong>de</strong></span> <span class='ocrx_word' id='word_1_657' title='bbox 2180 2122 2241 2154; x_wconf 84' lang='lat' dir='ltr'><strong>Ec-</strong></span> 
     </span>
     <span class='ocr_line' id='line_1_99' title="bbox 1276 2163 2241 2207; baseline -0.004 -7"><span class='ocrx_word' id='word_1_658' title='bbox 1276 2169 1387 2207; x_wconf 86' lang='lat' dir='ltr'><strong>clesia,</strong></span> <span class='ocrx_word' id='word_1_659' title='bbox 1412 2170 1452 2200; x_wconf 90' lang='lat' dir='ltr'><strong>de</strong></span> <span class='ocrx_word' id='word_1_660' title='bbox 1474 2169 1542 2199; x_wconf 83' lang='lat' dir='ltr'><strong>vita</strong></span> <span class='ocrx_word' id='word_1_661' title='bbox 1564 2174 1709 2206; x_wconf 91' lang='lat' dir='ltr'><strong>aeterna,</strong></span> <span class='ocrx_word' id='word_1_662' title='bbox 1733 2168 1773 2198; x_wconf 89' lang='lat' dir='ltr'><strong>de</strong></span> <span class='ocrx_word' id='word_1_663' title='bbox 1796 2167 1922 2198; x_wconf 88' lang='lat' dir='ltr'><strong>duabus</strong></span> <span class='ocrx_word' id='word_1_664' title='bbox 1944 2166 2069 2198; x_wconf 83' lang='lat' dir='ltr'><strong>naturis</strong></span> <span class='ocrx_word' id='word_1_665' title='bbox 2092 2166 2124 2196; x_wconf 89' lang='lat' dir='ltr'><strong>in</strong></span> <span class='ocrx_word' id='word_1_666' title='bbox 2148 2163 2241 2196; x_wconf 83' lang='lat' dir='ltr'><strong>Chri-</strong></span> 
     </span>
     <span class='ocr_line' id='line_1_100' title="bbox 1275 2209 1988 2250; baseline -0.006 -8"><span class='ocrx_word' id='word_1_667' title='bbox 1275 2218 1338 2249; x_wconf 90' lang='lat' dir='ltr'><strong>sto,</strong></span> <span class='ocrx_word' id='word_1_668' title='bbox 1363 2212 1403 2242; x_wconf 88' lang='lat' dir='ltr'><strong>de</strong></span> <span class='ocrx_word' id='word_1_669' title='bbox 1425 2210 1535 2247; x_wconf 89' lang='lat' dir='ltr'><strong>Patre,</strong></span> <span class='ocrx_word' id='word_1_670' title='bbox 1558 2209 1640 2241; x_wconf 90' lang='lat' dir='ltr'><strong>Filio</strong></span> <span class='ocrx_word' id='word_1_671' title='bbox 1663 2215 1695 2240; x_wconf 91' lang='lat' dir='ltr'><strong>et</strong></span> <span class='ocrx_word' id='word_1_672' title='bbox 1717 2209 1839 2250; x_wconf 87' lang='lat' dir='ltr'><strong>Spiritu</strong></span> <span class='ocrx_word' id='word_1_673' title='bbox 1861 2214 1988 2239; x_wconf 87' lang='lat' dir='ltr'><strong>sancto.</strong></span> 
     </span>
    </p>

    <p class='ocr_par' dir='ltr' id='par_1_17' title="bbox 1361 2249 2239 2293">
     <span class='ocr_line' id='line_1_101' title="bbox 1361 2249 2239 2293; baseline -0.006 -9"><span class='ocrx_word' id='word_1_674' title='bbox 1361 2253 1443 2284; x_wconf 86' lang='lat' dir='ltr'><strong>Cum</strong></span> <span class='ocrx_word' id='word_1_675' title='bbox 1465 2253 1561 2293; x_wconf 85' lang='lat' dir='ltr'><strong>igitur</strong></span> <span class='ocrx_word' id='word_1_676' title='bbox 1583 2252 1714 2283; x_wconf 85' lang='lat' dir='ltr'><strong>iusserit</strong></span> <span class='ocrx_word' id='word_1_677' title='bbox 1735 2251 1827 2282; x_wconf 86' lang='lat' dir='ltr'><strong>Deus</strong></span> <span class='ocrx_word' id='word_1_678' title='bbox 1849 2251 1952 2282; x_wconf 87' lang='lat' dir='ltr'><strong>audiri</strong></span> <span class='ocrx_word' id='word_1_679' title='bbox 1974 2249 2106 2287; x_wconf 89' lang='lat' dir='ltr'><strong>Filium,</strong></span> <span class='ocrx_word' id='word_1_680' title='bbox 2125 2249 2239 2280; x_wconf 86' lang='lat' dir='ltr'><strong>deinde</strong></span> 
     </span>
    </p>
   </div>
   <div class='ocr_carea' id='block_1_8' title="bbox 1252 2290 2241 2337">
    <p class='ocr_par' dir='ltr' id='par_1_18' title="bbox 1252 2290 2241 2337">
     <span class='ocr_line' id='line_1_102' title="bbox 1252 2290 2241 2337; baseline -0.005 -11"><span class='ocrx_word' id='word_1_681' title='bbox 1252 2314 1255 2337; x_wconf 73' lang='lat' dir='ltr'><strong>i</strong></span> <span class='ocrx_word' id='word_1_682' title='bbox 1275 2302 1305 2326; x_wconf 91' lang='lat' dir='ltr'><strong>et</strong></span> <span class='ocrx_word' id='word_1_683' title='bbox 1328 2294 1398 2326; x_wconf 90' lang='lat' dir='ltr'><strong>Filii</strong></span> <span class='ocrx_word' id='word_1_684' title='bbox 1421 2295 1574 2326; x_wconf 90' lang='lat' dir='ltr'><strong>mandato</strong></span> <span class='ocrx_word' id='word_1_685' title='bbox 1597 2295 1686 2325; x_wconf 90' lang='lat' dir='ltr'><strong>missi</strong></span> <span class='ocrx_word' id='word_1_686' title='bbox 1710 2295 1773 2324; x_wconf 90' lang='lat' dir='ltr'><strong>sint</strong></span> <span class='ocrx_word' id='word_1_687' title='bbox 1786 2294 1810 2333; x_wconf 94' lang='lat'><strong>¹)</strong></span> <span class='ocrx_word' id='word_1_688' title='bbox 1846 2290 2014 2333; x_wconf 89' lang='lat' dir='ltr'><strong>Apostoli,</strong></span> <span class='ocrx_word' id='word_1_689' title='bbox 2048 2297 2083 2322; x_wconf 89' lang='lat' dir='ltr'><strong>ut</strong></span> <span class='ocrx_word' id='word_1_690' title='bbox 2105 2301 2164 2322; x_wconf 91' lang='lat' dir='ltr'><strong>eos</strong></span> <span class='ocrx_word' id='word_1_691' title='bbox 2187 2301 2241 2322; x_wconf 87' lang='lat' dir='ltr'><strong>au-</strong></span> 
     </span>
    </p>
   </div>
   <div class='ocr_carea' id='block_1_9' title="bbox 1253 2333 2241 2374">
    <p class='ocr_par' dir='ltr' id='par_1_19' title="bbox 1253 2333 2241 2374">
     <span class='ocr_line' id='line_1_103' title="bbox 1253 2333 2241 2374; baseline -0.004 -7"><span class='ocrx_word' id='word_1_692' title='bbox 1253 2338 1412 2374; x_wconf 78' lang='lat' dir='ltr'><strong>!diamuS,</strong></span> <span class='ocrx_word' id='word_1_693' title='bbox 1447 2347 1584 2370; x_wconf 76' lang='lat' dir='ltr'><strong>necesse</strong></span> <span class='ocrx_word' id='word_1_694' title='bbox 1617 2343 1666 2367; x_wconf 85' lang='lat' dir='ltr'><strong>est</strong></span> <span class='ocrx_word' id='word_1_695' title='bbox 1701 2337 1841 2367; x_wconf 87' lang='lat' dir='ltr'><strong>retinere</strong></span> <span class='ocrx_word' id='word_1_696' title='bbox 1871 2335 2048 2365; x_wconf 83' lang='lat' dir='ltr'><strong>doctrinam</strong></span> <span class='ocrx_word' id='word_1_697' title='bbox 2072 2343 2130 2373; x_wconf 88' lang='lat' dir='ltr'><strong>per</strong></span> <span class='ocrx_word' id='word_1_698' title='bbox 2153 2333 2241 2374; x_wconf 84' lang='lat' dir='ltr'><strong>Apo-</strong></span> 
     </span>
    </p>
   </div>
   <div class='ocr_carea' id='block_1_10' title="bbox 1254 2447 1700 2494">
    <p class='ocr_par' dir='ltr' id='par_1_20' title="bbox 1254 2447 1700 2494">
     <span class='ocr_line' id='line_1_104' title="bbox 1254 2447 1700 2494; baseline 0.002 -7"><span class='ocrx_word' id='word_1_699' title='bbox 1254 2447 1256 2474; x_wconf 54' lang='lat' dir='ltr'><strong>l</strong></span> <span class='ocrx_word' id='word_1_700' title='bbox 1279 2465 1339 2494; x_wconf 87' lang='lat'>100)</span> <span class='ocrx_word' id='word_1_701' title='bbox 1359 2464 1444 2494; x_wconf 84' lang='lat' dir='ltr'><strong>posui]</strong></span> <span class='ocrx_word' id='word_1_702' title='bbox 1463 2465 1534 2489; x_wconf 86' lang='lat' dir='ltr'><strong>Editt.</strong></span> <span class='ocrx_word' id='word_1_703' title='bbox 1558 2465 1578 2486; x_wconf 92' lang='lat' dir='ltr'><strong>l.</strong></span> <span class='ocrx_word' id='word_1_704' title='bbox 1599 2464 1622 2485; x_wconf 86' lang='grc'><strong>3.</strong></span> <span class='ocrx_word' id='word_1_705' title='bbox 1642 2466 1700 2488; x_wconf 87' lang='lat' dir='ltr'><strong>sunt</strong></span> 
     </span>
    </p>
   </div>
   <div class='ocr_carea' id='block_1_11' title="bbox 1250 1236 1258 2546">
    <p class='ocr_par' dir='ltr' id='par_1_21' title="bbox 1250 1236 1258 2546">
     <span class='ocr_line' id='line_1_105' title="bbox 1250 1236 1258 2546; baseline 0 0"><span class='ocrx_word' id='word_1_706' title='bbox 1250 1236 1258 2546; x_wconf 95' lang='lat' dir='ltr'><strong> </strong></span> 
     </span>
    </p>
   </div>
   <div class='ocr_carea' id='block_1_12' title="bbox 1318 2513 1687 2545">
    <p class='ocr_par' dir='ltr' id='par_1_22' title="bbox 1318 2513 1687 2545">
     <span class='ocr_line' id='line_1_106' title="bbox 1318 2513 1687 2545; baseline 0.003 -9"><span class='ocrx_word' id='word_1_707' title='bbox 1318 2515 1342 2543; x_wconf 85' lang='lat'><strong>1)</strong></span> <span class='ocrx_word' id='word_1_708' title='bbox 1363 2513 1424 2545; x_wconf 85' lang='lat' dir='ltr'><strong>sint]</strong></span> <span class='ocrx_word' id='word_1_709' title='bbox 1447 2514 1520 2539; x_wconf 84' lang='lat' dir='ltr'><strong>Editt.</strong></span> <span class='ocrx_word' id='word_1_710' title='bbox 1546 2515 1565 2536; x_wconf 91' lang='lat' dir='ltr'><strong>l.</strong></span> <span class='ocrx_word' id='word_1_711' title='bbox 1587 2513 1610 2536; x_wconf 84' lang='lat'><strong>3.</strong></span> <span class='ocrx_word' id='word_1_712' title='bbox 1629 2517 1687 2537; x_wconf 77' lang='lat' dir='ltr'><strong>sunt</strong></span> 
     </span>
    </p>
   </div>
  </div>
 </body>
</html>
