2358 2933
111 158 156 190 29
525 154 547 186 1.
572 152 673 184 LOCI
696 147 978 183 THEOLOGICI:
1001 149 1043 181 A.
1067 149 1208 180 PRIMA
1229 147 1385 180 EORUM
1407 146 1714 179 ADUMBRATIO.
2076 146 2118 179 30

267 251 397 280 stionem
415 248 498 277 venit
515 247 595 276 Num
613 247 664 275 lex
683 245 805 275 moralis
826 254 903 283 quae
921 244 1074 283 praecepit
1094 242 1179 281 diligi
1199 243 1289 272 deum
1308 243 1349 271 sit
1367 243 1520 280 antiquata
1546 251 1599 280 per
1617 240 1732 270 Christi
1760 240 1882 279 gratiam
1909 250 1964 269 nec

268 303 319 322 ne:
339 291 544 330 Respondeo:

353 333 397 363 Pr
409 335 518 362 imum
537 331 616 361 Cum
635 332 705 360 noui
723 330 897 360 testamenti
916 327 1060 358 Christus
1080 332 1164 357 autor
1182 329 1224 356 sit
1243 337 1374 356 necesse
1393 331 1442 356 est
1459 330 1552 356 totam
1571 325 1670 364 legem
1689 327 1871 364 antiquatam
1891 334 1965 353 esse

0 397 1 409 η
265 378 338 415 quia
363 377 469 405 dicens
494 375 616 404 Nouum
639 374 806 411 antiquauit
832 376 862 401 et
887 371 1013 401 sustulit
1036 374 1126 399 vetus
1152 370 1189 399 ad
1216 370 1295 399 Heb.
1317 372 1345 399 8.
1366 373 1427 408 [vs.
1452 372 1525 407 13.].
1587 369 1634 398 Ex
1661 378 1720 407 quo
1749 369 1779 397 fit
1797 378 1855 396 non
1875 367 1964 396 modo

0 426 1 453 1
267 418 465 449 Ceremonias
484 422 534 447 aut
559 416 710 446 luditialia
728 415 792 445 Sed
810 418 840 444 et
859 414 1001 443 moralem
1019 413 1120 451 legem
1138 413 1321 450 antiquatam
1344 422 1429 441 esse.
1476 411 1509 441 Id
1537 412 1617 452 quod
1643 412 1691 440 sic
1716 411 1871 448 intelliges
1896 409 1965 438 Non

267 462 350 500 quod
367 465 439 500 post
451 463 475 495 1)
494 461 656 489 aduentum
670 457 785 487 Christi
804 458 894 487 liceat
912 457 1003 486 deum
1023 457 1093 485 item
1111 456 1279 494 proximum
1298 455 1406 483 odisse
1418 454 1528 492 Neque
1547 458 1625 485 enim
1646 455 1761 493 peccati
1774 454 1870 482 Autor
1882 451 1966 481 Chri-

268 509 336 534 stus
357 508 405 533 est
425 510 447 540 (.
462 496 524 531 'sed
544 502 727 531 condonator
745 505 775 529 et
794 501 919 539 spiritus
939 499 1129 536 reformans.)
1141 500 1168 535 ¹2)
1213 497 1275 526 Sed
1301 498 1383 535 quod
1411 498 1554 535 quisquis
1579 498 1670 527 habet
1689 495 1804 525 Christi
1828 496 1966 534 spiritum

156 548 195 577 13⁷
209 553 231 571 fl·
268 552 298 576 et
317 547 439 576 confidit
458 544 581 574 Christo
601 544 778 583 dupliciter*
795 554 812 571 a
837 543 906 580 lege
926 542 1003 571 liber
1027 545 1076 570 est
1094 540 1259 569 Primum
1280 540 1371 575 Quod
1396 550 1463 568 cum
1488 541 1560 570 citra
1587 540 1718 570 diuinam
1742 549 1830 577 opem
1856 540 1966 576 impos-

268 589 359 618 sibile
379 590 419 617 sit
438 587 553 626 aliquid
571 587 651 625 legis
671 586 769 615 facere
782 584 925 614 Christus
944 584 1092 613 mediator
1110 587 1158 611 est
1178 583 1315 621 spiritum
1336 583 1465 621 impertit
1484 593 1537 620 per
1550 593 1639 621 quem
1651 583 1779 620 rapimur
1791 582 1829 610 ad
1842 580 1967 609 amanda

268 632 466 668 faciendaque
492 640 529 659 ea
555 640 632 668 quae
658 629 727 667 lege
751 632 823 657 sunt
841 628 980 656 mandata
1006 630 1037 655 vt
1062 625 1255 664 impossibile
1286 629 1334 654 est
1353 630 1474 654 naturae
1495 627 1645 654 inimicum
1665 625 1792 662 diligere
1811 634 1849 652 ex
1867 624 1965 651 animo

267 672 463 713 Impossibile
482 676 531 701 est
550 673 657 701 odisse
676 671 861 709 voluptatem
881 671 978 698 carnis
998 669 1100 707 Atque
1120 679 1154 697 ea
1175 678 1252 706 quae
1271 668 1341 706 lege
1362 669 1508 696 iubentur.
1530 669 1648 697 vinctus
1669 678 1704 696 es
1729 676 1799 704 ergo
1820 670 1849 695 et
1868 667 1966 694 vince-

266 717 309 745 ris
328 716 398 754 lege
417 720 447 744 et
465 716 609 754 imperare
628 715 726 743 animo
747 724 804 742 non
823 716 923 752 potes.
962 711 1054 741 Porro
1074 712 1101 740 si
1121 710 1227 739 credas
1244 710 1367 739 Christo
1386 711 1569 749 promittenti
1588 711 1726 750 spiritum
1745 709 1898 738 charitatis
1918 711 1968 736 aut

267 759 416 787 castitatis
436 757 497 786 Iam
521 756 664 786 Christus
685 757 815 795 impertit
833 756 971 794 spiritum
991 759 1021 784 et
1038 754 1130 783 talem
1149 757 1178 782 te
1197 753 1268 782 facit
1287 758 1320 782 ut
1339 754 1434 782 eciam
1454 754 1481 782 si
1501 753 1583 782 nulla
1603 756 1690 782 esset
1713 752 1764 781 lex
1788 755 1887 780 tamen
1908 751 1968 779 dis-

265 801 393 840 pliceret
415 801 567 829 inimicum
594 799 701 828 odisse
727 802 778 828 aut
800 798 947 836 voluptati
967 798 1092 827 seruire.
1138 797 1218 834 Ergo
1245 797 1371 835 primum
1396 796 1442 825 sic
1460 795 1569 825 liberat
1587 807 1604 825 a
1629 796 1698 834 lege
1719 794 1809 830 Quod
1829 795 2053 838 spiritumgruijnus
2079 800 2122 812 ¹¹¹0·

268 844 398 882 impertit
409 844 573 882 rapientem
586 852 642 871 nos
656 842 693 871 ad
704 843 784 871 bona
796 851 874 879 quae
886 840 961 869 libet
973 840 1071 869 facere
1083 840 1208 868 eciamsi
1222 839 1305 867 nulla
1317 842 1404 868 esset
1414 838 1475 867 lex.
1495 839 1569 868 Sine
1583 850 1642 877 quo
1652 837 1865 877 spiritulegem
1879 846 1967 865 nemo

268 886 422 915 hominum
441 886 539 914 facere
557 888 660 923 potest
680 885 844 922 Antiquata
863 893 933 921 ergo
952 883 1003 912 lex
1023 886 1071 911 est
1089 882 1157 910 Non
1184 892 1222 910 ne
1248 881 1342 910 facias
1368 891 1434 910 eam
1453 882 1517 910 Sed
1537 893 1603 911 cum
1623 885 1710 911 antea
1728 881 1779 909 lex
1798 880 1967 909 dominaba-

267 932 314 958 tur
331 929 386 957 tibi
405 927 453 957 Tu
472 929 529 956 iam
548 928 610 966 legi
628 928 792 956 dominaris
812 927 839 955 si
860 925 982 955 Christo
1002 925 1140 954 contidis.
1187 923 1292 962 ltaque
1311 935 1368 953 non
1388 928 1448 953 tam
1467 924 1517 953 lex
1537 935 1625 963 quam
1644 924 1724 962 legis
1743 924 1878 962 tyrannis
1890 924 1917 959 3)
1938 925 1968 950 et

268 981 391 1009 regnum
411 971 547 999 excisum
571 973 619 999 est
637 970 706 998 Non
725 973 828 1007 regnat
845 969 896 997 lex
913 968 981 997 Non
1001 969 1063 1006 agit
1082 977 1150 995 reos
1171 977 1225 995 eos
1254 968 1304 1005 qui
1332 968 1359 995 in
1381 965 1504 996 Christo
1532 971 1603 996 sunt
1620 967 1739 1005 Nempe
1758 976 1811 1005 per
1835 975 1908 994 sese
1928 964 1966 993 fa-

267 1014 384 1042 cientes
404 1013 484 1051 quod
502 1012 572 1050 lege
590 1012 745 1041 mandatur
765 1012 865 1049 Atque
884 1011 942 1039 hoc
960 1015 1010 1039 est
1029 1010 1109 1048 quod
1128 1009 1244 1038 Paulus
1263 1010 1304 1038 ait
1322 1019 1366 1038 ca.
1393 1011 1420 1038 3.
1441 1011 1477 1038 ad
1498 1010 1556 1039 Ro.
1577 1012 1638 1048 [vs.
1660 1012 1741 1047 31.:]
1760 1009 1876 1047 Legem
1897 1017 1967 1046 ergo

268 1056 454 1084 destruimus
474 1065 526 1092 per
546 1055 654 1083 fidem?
672 1054 872 1092 Nequaquam
892 1053 949 1081 sed
969 1053 1067 1091 legem
1088 1053 1260 1081 statuimus.

157 1106 195 1133 13,
209 1105 231 1129 b.
353 1096 580 1135 ·C0nsequitur
599 1097 679 1135 quod
699 1097 749 1134 qui
771 1106 828 1124 non
847 1096 969 1125 confidit
989 1094 1113 1124 Christo
1133 1099 1182 1124 est
1201 1095 1359 1124 subiectus
1379 1094 1439 1133 legi
1465 1099 1495 1124 et
1520 1099 1646 1124 eatenus
1667 1094 1807 1133 impletur
1830 1094 1880 1122 lex
1899 1104 1968 1132 qua-

265 1144 356 1169 tenus
375 1140 555 1168 confidimus
575 1143 606 1168 et
624 1140 704 1168 sicut
723 1148 873 1176 nunquam
893 1138 941 1167 hic
960 1148 1085 1177 prorsus
1105 1138 1285 1166 confidimus
1306 1139 1345 1167 ita
1365 1148 1516 1176 nunquam
1535 1148 1660 1177 prorsus
1680 1138 1779 1176 legem
1800 1137 1938 1166 facimus.

352 1182 504 1211 Deinde
522 1182 610 1211 liberi
630 1192 645 1210 a
664 1181 734 1220 lege
754 1182 804 1219 qui
825 1182 852 1209 in
867 1179 990 1210 Christo
1011 1184 1091 1209 sunt.
1120 1180 1300 1219 Quanquam
1320 1181 1399 1209 enim
1419 1191 1540 1220 semper
1551 1184 1726 1220 peccatores
1741 1190 1848 1209 sumus
1868 1190 1967 1218 neque
1985 1189 2023 1209 Qu>
2039 1189 2122 1208 mnam.

267 1236 395 1264 mquam
415 1225 476 1263 legi
496 1225 722 1254 satisfaciamus
743 1224 855 1253 Tamen
875 1224 937 1261 legi
957 1223 1031 1252 nihil
1049 1224 1198 1252 debemus
1219 1224 1343 1253 eciamsi
1365 1234 1433 1252 vere
1453 1234 1616 1262 peccemus
1637 1225 1708 1262 quia
1728 1222 1871 1252 Christus
1897 1223 1967 1251 anti-

267 1269 369 1306 quauit
388 1268 488 1305 legem
508 1271 538 1295 et
557 1267 693 1296 sustulit.
740 1267 808 1295 Non
828 1270 998 1296 metuamus
1017 1266 1098 1304 legis
1118 1276 1245 1304 poenam
1270 1267 1327 1295 sed
1352 1271 1524 1296 constanter
1543 1267 1730 1295 confidamus
1757 1266 1785 1294 id
1812 1269 1968 1304 peccatum

266 1321 325 1340 non
343 1311 480 1349 imputari
499 1314 619 1349 propter
637 1308 793 1338 Christum
812 1310 862 1347 qui
883 1309 983 1347 legem
1002 1309 1160 1347 persoluit.
1206 1309 1296 1339 Multi
1315 1310 1357 1349 pij
1379 1311 1466 1338 anxie
1481 1310 1686 1339 conflictantur
1705 1319 1771 1338 cum
1786 1308 1968 1346 quibusdam

266 1353 365 1386 foedis
385 1352 545 1382 affectibus
566 1352 688 1388 Quibus
708 1352 764 1381 hac
783 1351 992 1381 consolatione
1013 1362 1091 1390 opus
1112 1356 1161 1381 est

851 1420 1038 1448 Libertas
1070 1418 1383 1449 Christianorum

264 1480 379 1509 liberos
402 1490 420 1508 a
445 1479 515 1517 lege
539 1478 731 1509 Christianos
757 1489 846 1508 esse:
875 1479 906 1508 id
932 1482 997 1507 est:
1024 1480 1119 1508 eciam
1146 1480 1174 1508 si
1201 1490 1259 1508 non
1286 1479 1461 1518 persoluant
1487 1480 1588 1519 legem
1607 1479 1721 1509 Tamen
1747 1489 1805 1508 non
1832 1479 1970 1517 imputari

265 1523 354 1552 modo
374 1523 525 1552 confidant
542 1522 611 1551 'Non
631 1523 768 1561 imputari
786 1526 961 1561 propterea:
987 1522 1069 1560 quod
1088 1520 1211 1551 Christo
1240 1523 1345 1552 inserti
1369 1533 1477 1552 sumus
1504 1524 1555 1562 qui
1580 1522 1731 1552 satisfecit
1756 1532 1808 1561 pro
1829 1522 1969 1550 omnibus

266 1565 419 1594 fidelibus.
465 1565 518 1593 Sic
536 1564 633 1593 Paulo
654 1565 766 1594 dictum
785 1569 834 1594 est
853 1566 896 1603 [2.
918 1563 988 1593 Cor.
1013 1567 1061 1598 12,
1082 1567 1143 1603 ΟΛ]
1163 1565 1283 1597 Sufficit
1301 1567 1356 1595 tibi
1376 1567 1469 1604 gratia
1488 1576 1566 1595 mea.

351 1607 486 1636 Modus
505 1607 757 1636 absoluendi.
804 1606 887 1635 Idem
906 1606 1071 1636 inculcetur
1081 1609 1107 1644 5)
1127 1607 1340 1637 confitentibus
1360 1613 1391 1638 et
1408 1609 1609 1638 absoluendis
1629 1613 1658 1638 et
1678 1612 1711 1638 ut
1722 1612 1802 1638 certo
1823 1609 1921 1638 sciant
1940 1613 2121 1649 etefflemff,

266 1649 341 1678 nihil
361 1649 498 1678 dubitent
517 1649 634 1686 ignosci
655 1650 736 1686 quod
755 1649 955 1687 deliquerunt.
1002 1650 1088 1679 Sicut
1103 1648 1246 1680 Christus
1268 1652 1295 1680 in
1315 1652 1482 1690 ewangelio
1503 1652 1624 1690 [Matth.
1647 1655 1675 1685 9,
1697 1653 1759 1690 ΞΛ]
1779 1650 1906 1680 Confide
1926 1651 2045 1680 fili¹⁴‘=‘³¹1¹·

266 1693 453 1720 remittuntur
470 1692 524 1720 tibi
543 1695 668 1729 peccata
685 1695 746 1720 tua..
793 1691 832 1720 Et
852 1691 910 1719 Ro.
932 1694 960 1719 4.
981 1694 1042 1729 [vs.
1065 1695 1124 1730 5.:]
1145 1692 1286 1722 Credenti
1308 1695 1336 1722 in
1357 1705 1424 1723 eum
1446 1696 1495 1732 qui
1517 1696 1659 1724 iustificat
1679 1695 1801 1733 impium
1816 1698 2122 1733 reputaturfl,‚f„‚5055w,

149 1738 222 1766 14,a.
267 1734 344 1762 fides
364 1734 401 1762 ad
422 1734 567 1762 iustitiam
589 1732 779 1762 'secundum
808 1735 997 1772 propositum
1023 1736 1136 1772 gratiae
1167 1735 1226 1763 dei.
1273 1734 1370 1765 Idem
1396 1738 1440 1766 de
1460 1739 1656 1766 morituris
1682 1736 1893 1766 Inculcandum
1919 1740 2002 1773 est'gw
2024 1740 2124 1762 ¹0¹1¹¹i²1¹r

264 1776 358 1804 Nullo
378 1776 531 1804 hominum
551 1786 641 1814 opere
661 1777 780 1814 pensari
800 1785 955 1814 peccatum
975 1781 1025 1806 aut
1044 1787 1096 1815 pro
1116 1781 1239 1815 peccato
1260 1779 1402 1808 satisfieri
1418 1780 1481 1808 Sed
1500 1791 1589 1808 vnum
1603 1778 1757 1809 Christum
1771 1765 1977 1809 satisfecisse1
1988 1765 2057 1784 Μὴ

268 1818 328 1854 Qui
347 1829 425 1847 vnus
445 1819 560 1856 corpori
581 1829 638 1847 sno
658 1818 758 1857 placat
775 1822 901 1857 patrem.

353 1861 471 1890 Solus
491 1862 590 1890 enim
611 1859 792 1890 Christus
812 1865 847 1890 et
866 1861 1024 1890 victima
1043 1866 1075 1890 et
1096 1863 1282 1891 sacerdos
1310 1868 1367 1892 est
1393 1864 1592 1893 reconcilians
1617 1868 1729 1902 patrem
1749 1868 1781 1893 ut
1802 1865 1829 1893 in
1861 1864 1964 1893 Nobili

266 1905 304 1934 ad
322 1904 401 1942 Heb.
422 1903 553 1943 epistola
572 1903 741 1942 disputatur
760 1914 825 1942 cap.
837 1904 878 1933 X.
899 1905 960 1941 [VS.
978 1907 1024 1933 14.
1037 1908 1057 1943 2]
1078 1903 1147 1933 Vna
1166 1906 1245 1934 enim
1265 1905 1423 1935 oblacione
1443 1908 1663 1935 consummauit
1682 1908 1709 1935 in
1730 1911 1881 1936 aeternum
1899 1918 1964 1936 san-

267 1948 423 1976 ctificatos
469 1947 509 1975 Et
527 1948 555 1975 in
576 1946 633 1975 hoc
652 1950 701 1975 est
719 1957 838 1975 summa
856 1946 1073 1976 christianismi
1092 1948 1193 1986 posita
1220 1959 1274 1977 nec
1294 1948 1416 1978 aliunde
1441 1951 1552 1979 certius
1581 1950 1766 1979 intellexeris
1797 1950 1965 1979 beneficen-

266 1990 336 2019 tiam
356 1988 471 2019 Christi
491 1999 579 2028 quam
599 1999 637 2018 ex
657 1989 715 2018 ista
734 1989 964 2018 condonatione.

436 2050 448 2061 ⁸
474 2051 524 2076 Nos
542 2050 640 2074 nullum
658 2050 783 2075 habemus
802 2049 955 2075 sacrificium
974 2056 1057 2081 neque
1076 2051 1220 2076 habuerunt
1239 2052 1264 2076 in
1282 2055 1348 2077 vete.
1369 2054 1443 2078 testa.
1481 2053 1532 2077 Sed
1550 2054 1651 2078 vnicum
1671 2056 1710 2078 est
1729 2056 1753 2078 et
1771 2053 1847 2078 huius
1867 2053 1961 2078 veteris

473 2084 538 2113 legis
558 2084 680 2109 sacrificia
699 2084 808 2113 figuram
828 2089 1025 2114 repraesentant
1045 2085 1163 2116 sacrificij
1184 2086 1251 2116 quod
1270 2090 1310 2112 est
1329 2087 1443 2112 Christus
1463 2087 1530 2112 filius
1549 2087 1599 2112 dei.

609 2142 662 2171 De
683 2142 905 2172 discrimine
924 2143 1033 2181 legis
1054 2145 1125 2181 εἴθ)
1144 2144 1352 2185 Evangelij
1373 2146 1436 2175 vel
1456 2147 1612 2184 gratiae.

352 2202 440 2230 Lex.
486 2201 544 2231 Est
564 2203 715 2231 sententia
733 2204 923 2241 praecipiens
943 2206 973 2231 et
993 2204 1119 2241 exigens
1139 2205 1227 2233 bona.

438 2260 450 2271 ³
479 2261 591 2287 Christus
611 2268 662 2287 non
680 2266 721 2287 est
739 2263 872 2292 legislator
890 2263 937 2288 sed
955 2259 1082 2294 impletor.

472 2297 529 2321 Man
547 2302 618 2321 muss
638 2296 764 2322 Christum
784 2298 851 2322 nieht
869 2304 914 2322 vor
933 2304 1016 2328 eynen
1034 2298 1129 2323 richter
1146 2299 1242 2323 halten-

471 2331 513 2355 lex
530 2330 598 2354 enim
617 2333 655 2355 est
674 2331 749 2356 index
768 2334 793 2355 et
811 2331 958 2356 foenerator
977 2332 1090 2357 Christus
1109 2337 1195 2357 autem
1215 2339 1264 2358 non
1283 2333 1351 2358 venit
1364 2334 1475 2359 iudicare
1496 2341 1658 2366 quemquam.
1701 2336 1895 2366 Exemplum.
1933 2337 1958 2361 Si

471 2365 593 2389 deberem
603 2363 625 2394 ⁷)
644 2364 800 2390 foeneratori
817 2372 840 2390 x.
862 2365 885 2390 n.
905 2369 929 2390 et
949 2366 1059 2391 mitteret
1078 2366 1111 2391 ad
1129 2373 1170 2392 me
1190 2373 1295 2392 seruum
1314 2374 1389 2393 suum
1415 2371 1441 2393 ut
1461 2369 1574 2398 exigeret
1600 2376 1614 2394 a
1635 2376 1675 2395 me
1702 2370 1764 2400 (.hic
1783 2371 1903 2395 seruulus
1923 2373 1961 2395 est

472 2399 554 2423 Moses
596 2404 642 2429 per
676 2405 751 2430 quem
778 2400 870 2424 tradita
902 2405 940 2425 est
960 2401 1023 2432 lex.)
1079 2401 1129 2431 Ego
1155 2407 1215 2426 vero
1240 2408 1291 2426 non
1315 2403 1438 2428 haberem
1463 2404 1528 2428 mdc
1565 2405 1741 2435 persoluerem
1774 2404 1962 2430 foeneratorem

135 2474 2109 2488 Ἣ

952 2510 1068 2535 CODICIS
1098 2511 1278 2537 DIYERSITAS.

336 2567 363 2598 1)
382 2566 422 2597 pt⁹
485 2567 513 2598 2)
533 2565 666 2606 Alterum.
682 2565 895 2599 parentheseos
912 2569 1030 2602 siqnum
1049 2576 1107 2594 om.
1171 2571 1200 2602 3)
1220 2571 1316 2597 Titanis
1369 2572 1398 2603 4)
1417 2573 1571 2604 secundum]
1641 2574 1670 2605 5)
1689 2573 1826 2601 incultetur
1887 2577 1915 2608 6)
1936 2581 1959 2602 et

267 2608 324 2625 om.
379 2601 408 2632 7)
427 2603 542 2626 tenerem
562 2601 699 2631 (aunum
720 2607 822 2625 errore
841 2601 972 2633 ortumO
