2358 2933
253 132 311 162 471

253 228 283 251 et
315 222 460 251 mortuis.
510 221 634 250 Deinde
657 220 777 249 addunt
804 230 867 249 non
892 219 1032 250 suturam
1055 221 1086 250 in
1110 219 1223 250 Eccle-

253 263 302 292 sia
328 264 551 292 remissionem
581 268 805 301 pcccatorum.
837 263 864 291 si
892 271 956 291 non
987 269 1075 291 essct
1100 269 1224 292 certum
1248 266 1249 271 ¹

253 303 386 343 aliquod
409 304 623 334 sacrificiunt.
654 310 784 342 praeter
808 303 927 333 Uin-isti
951 304 1169 337 sacrificiunt:
1194 310 1225 333 et

254 345 376 383 tingunt
403 344 465 374 11111·
489 344 651 374 sat-riticio
676 345 865 374 sacerdotes
889 344 961 375 aliis
981 346 1095 375 mereri
1117 347 1226 375 remis-

256 387 380 415 sionem
420 392 641 425 peccatorum.
707 387 774 416 Hae
809 388 976 426 opiniones
1012 398 1050 417 ex
1086 389 1226 428 quadam

254 429 409 464 κακοζηλία
435 434 526 456 ortae.
548 434 635 457 sunt.
659 429 745 467 quod
770 428 897 458 Novum
920 429 1163 459 Testamentum
1182 430 1226 459 in-

255 458 424 499 commode
464 468 670 499 contulerunt
712 480 784 499 cum
826 471 1020 501 ceremoniis
1060 471 1226 501 Levita-is,

255 510 320 539 Sed
351 511 391 539 de
419 511 596 540 ministerio
632 518 660 541 et
690 511 854 542 sat-riticio
882 512 981 552 paulo
1014 519 1091 553 post
1118 514 1226 543 dicen-

255 552 330 581 dum
364 552 434 581 erit.
479 552 573 581 Nunc
609 553 687 583 satis
723 553 802 583 11301·
831 556 997 586 monuisse
1029 555 1069 585 de
1092 565 1226 585 numero

255 592 551 623 Sacramentoriun.
658 602 662 603 ⁷

582 709 642 740 DE
666 710 898 742 BAP'risMO.

339 776 539 815 Baptismum
558 786 634 807 0550
652 778 780 818 signum
793 778 876 808 Novi
890 778 1101 816 Testamenti,
1121 785 1228 809 osten-

255 818 298 848 dit
323 818 392 856 ipsa
416 819 589 857 promissio
615 819 730 856 [Marc.
757 819 810 856 16,
836 819 917 858 16.]:
963 820 1025 855 Qui
1056 821 1225 851 crediderit

254 867 282 889 et
308 859 492 898 baptizatus
516 858 623 897 suerit,
647 860 760 891 salvus
784 862 854 892 erit.
895 862 1007 902 ltaque
1030 874 1103 893 cum
1126 864 1229 903 bapti-

254 910 376 937 zamur,
407 900 493 931 velut
507 903 553 933 ⁵⁵)
581 903 734 932 scribitur
756 902 837 933 haec
863 905 1036 943 promissio
1059 906 1091 935 in
1103 906 1147 941 S⁶)
1170 914 1229 935 no-

256 947 334 977 stris
353 946 555 985 corporibus.
590 944 628 974 Et
650 946 724 985 quia
745 945 839 985 signa
852 952 927 976 50111
939 945 1119 987 allegoriae
1131 956 1228 987 quae-

255 990 327 1017 dam
338 1010 346 1023 .
358 987 441 1017 haec
455 987 637 1017 ceremonia
650 986 810 1027 significat
829 989 1061 1028 poenitentiam
1073 995 1103 1019 et
1117 989 1228 1019 remis-

256 1029 381 1059 sionem
400 1035 621 1068 pecratortun‚
644 1039 715 1065 seu,
740 1035 775 1059 ut
793 1028 915 1060 Paulus
939 1029 1084 1071 loquitur
1108 1031 1183 1069 [Tit.
1197 1030 1228 1067 3,

255 1070 318 1107 5.],
348 1071 639 1110 regenerationem.
685 1070 768 1101 Nam
798 1072 962 1102 immersio
987 1072 1150 1113 significat
1174 1082 1228 1103 ve-

255 1118 355 1142 terem
382 1112 543 1142 hominem
570 1124 641 1143 cum
672 1119 810 1153 peccato
840 1114 937 1144 morti
960 1115 1155 1145 destinatum
1178 1124 1228 1144 es-

255 1163 303 1191 se,
335 1160 367 1183 et
396 1154 518 1184 reditus
549 1165 590 1185 ex
613 1156 708 1195 aquis
740 1154 903 1196 significat
926 1166 987 1186 nos
1011 1157 1074 1187 iam
1098 1155 1228 1187 ablutos

256 1201 430 1237 expectare
464 1206 583 1226 novam
618 1203 650 1227 et
683 1203 849 1228 aeternam
881 1198 980 1228 vitam
1009 1209 1048 1228 ac
1076 1199 1229 1228 iustitiam

255 1245 381 1283 partam
403 1250 462 1281 per
481 1237 656 1269 Christian.
701 1238 805 1269 Usum
823 1240 922 1280 igitur
944 1240 1066 1270 indicat
1087 1241 1160 1280 ipsa
1178 1250 1229 1270 00-

254 1284 411 1320 remonia,
434 1282 551 1312 indicat
575 1287 605 1311 et
625 1282 816 1321 promissio:
840 1282 903 1316 Qui
927 1283 1101 1313 crediderit.
1120 1288 1150 1312 et
1175 1283 1229 1312 ba-

255 1327 396 1367 ptizatus
425 1324 539 1361 fuerit,
569 1325 682 1355 salvus
708 1324 778 1354 erit.
824 1324 902 1354 110111
924 1325 1042 1361 verba,
1067 1334 1152 1365 quae
1174 1324 1229 1354 ad-

255 1368 408 1398 hibentur
436 1367 468 1396 in
497 1367 656 1406 baptismo
682 1365 811 1403 [Matth.
834 1365 887 1403 28,
913 1365 991 1405 19.]:
1036 1366 1175 1406 Baptizo
1198 1371 1230 1395 te

257 1410 289 1440 in
316 1409 446 1439 nomine
467 1407 575 1438 Patris
604 1414 634 1438 et
665 1407 736 1437 Filii
768 1413 799 1437 et
828 1408 969 1448 Spiritus
997 1409 1122 1444 sancti3
1165 1407 1230 1438 hoc

257 1458 318 1487 est,
342 1451 406 1480 hoc
421 1451 516 1491 signo
530 1456 636 1480 tecum
658 1450 813 1489 paciscor
835 1460 875 1480 ac
898 1456 1004 1480 testor
1022 1456 1053 1480 te
1072 1451 1135 1480 iam
1155 1459 1230 1480 esse

256 1491 501 1523 reconciliatum
529 1491 620 1529 Deo,
643 1498 674 1521 te
698 1492 798 1532 recipi
820 1502 840 1521 a
863 1491 950 1528 Deo,
974 1492 1027 1532 qui
1051 1498 1103 1522 cst
1119 1491 1231 1528 Pater,

256 1534 375 1571 Filius,
398 1534 537 1573 Spiritus
573 1539 719 1564 sanctus·
771 1533 898 1573 Recipit
927 1540 1036 1564 autem
1069 1540 1102 1564 te
1134 1534 1232 1565 Pater

256 1583 391 1618 propter
410 1576 538 1612 Filium,
562 1583 591 1606 et
616 1574 792 1615 pollicetur
814 1576 870 1605 tibi
890 1574 1047 1615 Spiritum
1070 1582 1230 1613 sanctum,

258 1621 376 1659 qu00‘7)
401 1625 432 1648 te
466 1617 643 1648 vivificabit
676 1623 707 1647 et
741 1617 968 1648 sanctificabit.
1015 1618 1061 1648 lta
1084 1618 1115 1648 in
1149 1618 1231 1658 ipsis

258 1661 368 1690 verbis
403 1660 515 1690 insunt
548 1658 767 1699 amplissimae
802 1666 835 1689 et
857 1660 1073 1700 gravissimae
1095 1661 1233 1700 promis-

258 1703 368 1732 siones
399 1708 430 1731 et
465 1711 590 1731 summa
612 1700 794 1742 Evangelii.
841 1700 910 1731 Erit
940 1702 1040 1742 igitur
1064 1701 1117 1732 hic
1150 1712 1232 1732 usus

258 1743 408 1784 baptismi
447 1753 506 1782 per
547 1753 674 1773 omnem
708 1743 822 1779 vitam,
866 1749 901 1774 ut
934 1743 999 1774 hoc
1035 1750 1132 1784 pacto
1167 1749 1233 1774 sta-

258 1793 384 1816 tuamus
409 1785 504 1814 nobis
526 1785 729 1824 propositam
750 1791 780 1815 et
803 1785 955 1815 donatam
975 1795 1049 1816 esse
1069 1786 1233 1816 remissio-

258 1839 331 1860 nem
363 1833 573 1867 peccatorum
608 1833 639 1856 et
672 1826 980 1858 reconciliationem.
1026 1828 1110 1858 Nam
1137 1828 1233 1858 etiam

259 1881 332 1902 cum
360 1869 444 1910 lapsi
469 1880 600 1905 sumus,
628 1868 715 1899 valet
738 1870 770 1899 in
798 1870 1067 1908 resipiscentibus
1089 1875 1231 1909 pactum,

259 1923 324 1953 quo
347 1913 409 1942 iam
434 1910 509 1941 olim
534 1921 605 1941 cum
624 1910 697 1941 Deo
716 1911 803 1949 pacti
827 1921 959 1946 sumus3
983 1912 1057 1952 quia
1079 1911 1232 1952 Evange-

259 1954 335 1984 lium
359 1959 497 1984 testatur
521 1953 789 1993 resipiscentibus
813 1954 951 1993 ignosci.
1003 1953 1112 1994 Magis
1135 1954 1233 1995 igitur

259 1996 476 2034 intelligemus
511 1996 574 2025 vim
603 2001 633 2024 et
662 2006 756 2025 usum
779 1995 946 2034 baptismi,
977 1996 1005 2025 si
1029 1996 1146 2025 crebra
1168 2005 1232 2025 me-

261 2039 418 2069 ditatione
446 2036 541 2067 huius
571 2037 657 2076 pacti
692 2036 787 2067 fidem
810 2037 1034 2067 exercebimus
1060 2044 1091 2067 et
1115 2037 1231 2067 confir·
1252 2047 1253 2055 ¹

260 2081 428 2110 litabimus-
474 2078 625 2109 Ceterum
647 2080 753 2117 ipsum
776 2080 905 2119 signum
928 2089 993 2109 non
1018 2080 1114 2109 debet
1136 2079 1232 2109 itera-

260 2123 306 2152 ri:
346 2122 421 2161 quia
454 2121 581 2150 iteratio
617 2121 822 2151 ceremoniae
859 2120 938 2151 nihil
968 2122 1158 2160 prodesset,
1201 2127 1231 2151 et

261 2164 389 2204 signum
418 2161 518 2192 semel
541 2169 711 2202 acceptum
739 2168 789 2192 est
818 2169 976 2203 perpetua
1004 2169 1082 2194 nota
1105 2169 1137 2193 et
1160 2173 1231 2202 per·
1251 2174 1253 2197 ς

260 2212 390 2245 petuum
414 2205 648 2236 testimoniumz
679 2206 761 2235 510111
787 2206 992 2236 circumcisio
1018 2205 1121 2235 semel
1143 2204 1232 2236 facta

260 2253 330 2277 erat
352 2252 542 2285 perpetuum
565 2247 785 2277 testimonium
813 2248 899 2287 pacti
923 2248 1080 2287 scriptum
1103 2248 1134 2277 in
1159 2257 1231 2277 cor-

260 2289 404 2329 poribus.

260 2432 306 2459 85)
326 2430 405 2459 velut]
425 2430 497 2454 Editt.
519 2431 541 2452 8.
565 2431 669 2454 11—13.
688 2433 712 2454 et
732 2431 805 2459 Opim:
824 2431 1006 2460 propemodum

261 2481 306 2507 86)
325 2481 348 2504 in
369 2478 481 2503 “J-cidi!
501 2486 531 2503 ex
552 2480 591 2503 Ed.
615 2481 649 2503 11.
669 2481 693 2503 et
712 2480 769 2508 (1111).

260 2531 305 2556 57)
324 2529 383 2559 quo]
403 2530 443 2554 Ed.
466 2530 501 2554 li.
521 2532 543 2553 01
564 2529 634 2558 (111ῃή
654 2529 678 2552 in
697 2535 744 2558 quo

877 129 986 159 Ptin..
1007 128 1107 163 ituit..
1132 127 1315 159 SCRIPTA
1333 128 1608 159 DOGMATiC-A.

1252 2234 1254 2246 i

2179 133 2241 164 472

1324 221 1383 251 De
1405 221 1606 260 baptismo
1626 220 1789 250 loannis
1813 228 1855 251 et.
1878 221 2187 261 Apostolorum.

1358 303 1501 344 Uterque
1542 304 1722 342 baptisimts
1757 305 1886 345 signum
1920 303 1978 336 suit
2012 306 2095 337 Novi
2131 306 2242 339 Testa-

1271 347 1380 375 menti.
1429 345 1479 375 Ne
1505 355 1543 375 ue
1578 347 1751 386 quicquam
1776 347 1909 377 interest
1938 348 2021 378 inter
2053 349 2242 388 baptismum

1272 387 1402 417 loannis
1427 393 1455 417 et
1514 387 1731 426 postolat-um,
1754 389 1815 418 nisi
1838 390 1925 428 quod
1949 390 2129 430 baptismus
2153 391 2243 422 loan-

1272 430 1322 459 nis
1353 430 1533 459 testabatur
1556 436 1725 460 venturum
1745 440 1821 460 esse
1845 430 2029 467 Clu-istum3
2065 433 2243 473 baptismus

1272 470 1507 511 Apostolomm
1530 478 1667 502 testatur
1690 473 1751 501 iam
1775 471 1949 503 exhibitum
1973 483 2048 504 esse
2068 474 2243 505 Christum.

1272 512 1426 543 Ceterum
1455 519 1591 553 uterque
1623 515 1801 553 baptismus
1833 521 1883 544 est
1905 515 2118 546 ministerium
2142 523 2172 547 et
2194 527 2244 547 re-

1272 556 1369 594 quirit
1392 554 1487 584 fidem
1517 556 1548 584 in
1573 555 1753 591 Christum3
1781 562 1812 585 et
1834 566 1873 586 ea
1896 556 1960 586 fide
1982 558 2103 596 pariter
2125 559 2244 589 sancti-

1273 597 1455 626 ficabantur
1491 603 1522 626 et
1559 596 1772 628 salvabantur
1803 599 1954 638 baptizati
1984 604 2049 629 tum
2076 610 2096 630 a
2125 600 2245 631 Ioanne

1271 644 1338 668 tum
1376 639 1416 667 ab
1451 638 1630 677 Apostolis.
1698 639 1793 673 Quod
1832 646 1938 670 autem
1971 640 2111 671 loannes
2144 642 2245 682 inquit

1274 679 1399 716 [Matth.
1418 679 1450 716 3,
1476 680 1556 717 ll.]:
1581 680 1653 721 Ego
1676 682 1806 720 baptizo
1830 692 1916 722 aqua
1939 683 1980 712 ad
1998 684 2244 722 poenitentiam3

1273 722 1327 761 qui
1351 727 1458 752 autem
1482 728 1557 760 post
1579 732 1630 752 me
1653 729 1809 754 venturus
1833 730 1898 761 est,
1929 725 2102 764 baptizabit
2124 725 2243 765 Spiritu

1273 769 1388 793 sancto
1413 768 1443 793 et
1465 764 1548 804 igni3
1578 763 1630 793 hic
1653 765 1807 795 discernit
1830 776 1895 795 non
1918 766 2094 797 ministeria
2116 767 2170 798 vel
2192 777 2243 799 ce-

1273 805 1455 842 remonias,
1495 806 1554 834 sed
1588 806 1744 836 discernit
1776 817 1937 847 personas
1971 809 2192 840 ministrortnn
2224 819 2244 841 a

1272 856 1418 886 persona
1451 846 1581 876 Christi.
1637 847 1789 878 Testatur
1822 850 1904 879 enim
1940 849 2105 881 Christum
2138 852 2244 891 ipsum

1273 898 1349 919 esse
1367 888 1552 925 Dominum,
1575 899 1634 929 per
1657 899 1751 929 quem
1772 891 1951 930 baptismus
1971 892 2011 921 sit
2034 891 2166 931 efficax,
2190 893 2245 933 qui

1273 931 1408 960 daturus
1440 931 1479 960 sit
1505 930 1657 970 Spiritum
1688 938 1852 969 sanctum,
1882 942 2001 962 novam
2024 939 2055 963 et
2077 940 2244 965 aeternam

1273 973 1388 1009 vitam,
1412 982 1451 1002 30
1474 972 1642 1011 profitetur
1664 982 1701 1003 se
1724 974 1903 1004 ministrum
1928 984 2022 1012 esse,
2047 976 2101 1015 qui
2122 981 2245 1006 tantum

1272 1013 1424 1044 adhibeat
1442 1020 1609 1045 externum
1633 1015 1762 1055 signum
1785 1022 1816 1046 et
1839 1016 2005 1055 praedicet
2025 1018 2171 1049 verbum.
2204 1017 2246 1048 Et

1272 1055 1352 1086 illud
1382 1062 1548 1087 externum
1575 1057 1785 1088 ministerium
1808 1057 1939 1088 loannis
1964 1063 1995 1088 et
2013 1058 2246 1099 Apostolorum

1274 1097 1378 1128 simile
1401 1104 1452 1128 est
1474 1104 1504 1128 et
1526 1098 1615 1129 valet
1636 1100 1759 1138 pariter
1780 1100 1813 1129 in
1833 1100 2049 1130 credentibus.
2095 1100 2246 1132 Ceterum

1272 1140 1337 1170 hoc
1366 1150 1479 1170 verum
1508 1146 1574 1177 est,
1608 1141 1696 1180 quod
1724 1148 1800 1180 post
1829 1143 2101 1172 resurrectionem
2123 1142 2246 1174 Christi

1274 1182 1427 1213 olarioria
1454 1183 1638 1212 testimonia
1661 1182 1838 1219 habemus,
1869 1184 1958 1222 quod
1987 1184 2081 1214 detur
2104 1184 2245 1224 Spiritus

1273 1229 1407 1254 sanctus
1434 1224 1626 1264 baptizatis:
1661 1225 1745 1256 sicut
1768 1230 1927 1255 testantur
1950 1226 2022 1265 ipsa
2045 1225 2192 1267 exempla
2213 1227 2246 1257 in

1271 1265 1376 1296 Actis.

1469 1364 1530 1395 DE
1553 1364 1775 1397 BAPTISMO
1800 1365 2053 1396 INFANTIUM.

1360 1431 1484 1463 Paulus
1518 1432 1562 1469 [l.
1593 1431 1709 1462 Thess.
1733 1432 1772 1469 5,
1794 1433 1861 1470 21.]
1886 1434 1973 1463 iubet
1995 1433 2159 1473 explorari
2181 1435 2247 1475 spi-

1273 1475 1371 1509 ritus3
1396 1480 1427 1505 et
1455 1474 1606 1505 Christus
1636 1474 1786 1515 regulam
1813 1475 1910 1505 tradit
1939 1475 2066 1513 [Matth.
2094 1476 2131 1513 7,
2161 1476 2246 1514 16.]:

1274 1516 1324 1547 Ex
1353 1516 1514 1547 fructibus
1544 1526 1657 1546 eorum
1687 1517 1898 1556 cognoscetis
1922 1527 1992 1547 eos.
2041 1517 2147 1549 Porro
2172 1527 2247 1548 001·-

1273 1559 1400 1589 tissima
1428 1559 1548 1588 indicia
1569 1557 1731 1588 fanaticae
1752 1559 1868 1588 mentis
1898 1565 1973 1589 sunt
1994 1560 2092 1598 impia
2114 1560 2247 1600 dogma-

1275 1607 1317 1631 ta.
1375 1600 1485 1634 Quare
1513 1601 1545 1629 in
1575 1600 1757 1630 iudicandis
1787 1600 1856 1637 his,
1885 1602 1940 1641 qui
1970 1601 2124 1632 damnant
2147 1601 2247 1642 bapti-

1276 1653 1379 1673 smum
1397 1641 1620 1683 parvulorum,
1644 1642 1892 1673 consideremus
1917 1643 2029 1680 etiam,
2053 1642 2168 1683 quales
2191 1643 2247 1674 ha-

1275 1686 1374 1714 beant
1403 1690 1509 1714 notas.
1554 1684 1683 1714 Habent
1712 1690 1819 1714 autem
1846 1683 1962 1715 multas
1985 1685 2100 1725 impias
2124 1686 2247 1725 opinio-

1276 1736 1347 1763 nes,
1369 1736 1436 1756 non
1460 1725 1566 1756 solum
1590 1727 1631 1756 de
1654 1726 1831 1765 baptismo.
1865 1727 1924 1756 sed
1948 1727 2042 1757 etiam
2065 1727 2107 1757 de
2128 1728 2246 1758 ceteris

1275 1767 1422 1798 articulis
1436 1768 1641 1798 Christianae
1653 1769 1698 1800 ⁵³)
1713 1768 1889 1798 doctrinae.
1912 1767 2077 1799 Damnant
2090 1768 2247 1810 pleraque

1275 1809 1423 1850 politica,
1446 1816 1490 1847 01,
1514 1811 1648 1846 iudicia,
1672 1809 1900 1847 iuramentum,
1924 1820 2032 1840 rerum
2055 1811 2247 1842 divisionem

1276 1858 1337 1882 etc.
1382 1851 1478 1881 Unde
1508 1853 1587 1882 satis
1615 1857 1751 1890 apparet
1780 1861 1839 1882 eos
1862 1862 1928 1882 non
1950 1851 2132 1893 intelligere
2154 1854 2247 1892 spiri-

1252 1906 1254 1910 ⁴
1274 1893 1394 1924 tualem
1416 1894 1579 1927 iustitiam.
1602 1894 1661 1923 sed
1683 1894 1852 1934 imaginari
1865 1893 2147 1925 Christianismum
2171 1905 2247 1926 esse

1275 1941 1399 1966 tantum
1422 1936 1583 1975 quendam
1607 1941 1773 1965 externiun
1796 1936 2035 1966 monachatum.
2066 1936 2134 1967 11110
2157 1937 2245 1967 Α113-

1275 1979 1436 2018 baptistae
1466 1987 1570 2016 nuper
1599 1978 1662 2007 nati
1691 1978 1786 2007 etiam
1809 1979 1946 2017 turpiter
1968 1978 2107 2015 docent,
2135 1979 2246 2009 coniu-

1275 2030 1348 2060 gem
1373 2020 1493 2049 debere
1517 2020 1686 2049 discedere
1709 2029 1728 2048 a
1752 2019 1909 2060 coniuge,
1932 2019 2131 2050 abhorrente
2151 2029 2172 2050 a
2195 2030 2246 2051 se-

1275 2067 1326 2092 cta
1356 2061 1611 2100 Anabaptistica.
1660 2060 1701 2090 Et
1727 2060 1847 2092 alicubi
1876 2062 1939 2091 iam
1968 2072 2028 2101 per
2055 2062 2246 2093 seditionem

1273 2102 1466 2143 pepulerunt
1504 2102 1663 2142 legitimos
1699 2103 1921 2142 magistratus.
1983 2103 2078 2141 Item,
2119 2103 2246 2145 fingunt

1272 2145 1338 2175 tale
1362 2144 1483 2175 Christi
1507 2155 1642 2184 regumn
1662 2145 1693 2174 in
1718 2146 1812 2174 terris
1835 2151 1910 2176 3010
1928 2146 2143 2176 novissimum
2162 2147 2245 2176 diem

1273 2186 1416 2217 futurum
1441 2197 1526 2223 esse,
1551 2188 1584 2216 in
1607 2197 1671 2226 quo
1695 2187 1889 2216 dominaturi
1913 2189 1976 2218 sint
1994 2189 2110 2225 sancti,
2129 2187 2244 2219 deletis

1274 2230 1423 2259 onmibus
1446 2230 1562 2268 impiis.
1608 2229 1698 2258 Haec
1722 2229 1851 2259 Iudaica
1874 2229 2085 2260 deliramenta
2106 2236 2137 2260 et
2160 2230 2244 2260 sedi·

1272 2273 1356 2301 tiosa
1385 2277 1416 2300 et
1444 2271 1540 2310 impia
1568 2276 1653 2300 sunt.
1710 2269 1806 2300 Tales
1838 2277 1934 2301 notae
1970 2271 2140 2311 diligenter
2168 2279 2244 2302 sunt

1274 2313 1549 2349 considerandae,
1579 2318 1611 2342 ut
1642 2313 1772 2352 spiritus
1803 2314 1989 2352 probentur.
2036 2313 2118 2344 Cum
2145 2315 2243 2355 igitur
2290 2332 2291 2335 =

1272 2355 1413 2385 habeant
1438 2355 1673 2393 Anabaptistae
1696 2353 1802 2393 palam
1828 2356 1942 2394 impias
1973 2356 2160 2395 0111010005,
2189 2356 2242 2385 da-

1272 2397 1403 2426 mnandi
1426 2402 1457 2427 et
1479 2396 1623 2437 fugiendi
1647 2402 1730 2428 sunt.
1763 2396 1888 2426 Deinde
1911 2399 1943 2427 in
1966 2396 2028 2428 hac
2052 2398 2124 2437 ipsa
2147 2407 2241 2428 caus-

1251 2510 1252 2532 i
1274 2529 1319 2557 88)
1338 2529 1506 2558 Christianae]
1527 2529 1596 2553 Editt.
1617 2531 1654 2553 12.
1677 2531 1712 2554 13.
1731 2530 1867 2554 Christiane
