2358 2933
91 103 150 136 781

176 195 274 230 Quod
296 200 404 225 autem
434 194 587 225 excidant
618 204 658 226 ex
681 196 802 236 gratia,
837 200 868 226 et
903 194 1091 238 effundant,

92 238 187 269 fidem
210 243 243 268 et
265 237 419 277 Spiritum
442 242 611 274 sanctum,
635 243 666 267 et
688 237 768 267 fiant
791 237 837 268 rei
858 238 928 268 irae
950 237 1013 268 Dei
1037 243 1067 268 et
1088 244 1090 253 ¹

91 285 296 312 aeternarum
318 288 509 320 poenarum,
533 279 587 319 qui
611 280 782 310 admittunt
810 278 929 310 delicta
953 285 1068 310 contra

91 322 345 357 conscientiam,
380 321 413 351 id
434 319 555 351 multae
579 321 761 352 sententiae
785 320 874 352 clare
895 327 1067 352 testantur.

90 363 161 395 Gal.
186 363 217 393 5.
242 366 306 402 [vs.
331 363 395 400 19.]
413 362 587 393 Manifesta
611 369 687 394 sunt
711 373 811 403 opera
831 364 952 401 carnis,
978 363 1068 394 adul-

90 407 223 443 terium,
257 406 434 443 scortatio,
458 405 677 445 impudicitia,
721 404 926 442 idololatria3
971 405 1065 436 Talia

89 447 250 480 facientes
273 458 410 489 regnum
433 447 495 478 Dei
518 457 584 478 non
607 447 833 488 possidebunt.
870 447 977 479 Vocat
999 458 1067 478 ma-

89 489 207 522 nifesta
220 499 332 530 opera,
355 490 431 531 quia
443 495 559 520 contra
578 490 812 520 conscientiam
830 489 921 520 fiunt.
948 491 975 520 l.
989 490 1066 521 Cor.

87 533 118 563 6.
141 535 206 571 [vs-
229 532 274 570 9.]
316 532 366 563 Ν6
389 533 520 562 erretis:
554 541 615 562 nec
646 537 848 562 scortatores
879 542 940 563 nec
964 531 1067 563 idolo-

88 574 194 606 latrae
224 584 286 605 nec
315 574 441 605 moechi
469 574 686 613 possidebunt
717 584 853 615 regnum
883 574 956 605 Dei.
1003 574 1067 606 Ubi

88 618 274 648 nominatim
298 616 423 647 Paulus
446 615 497 646 his
522 617 754 654 concionatur,
783 617 837 657 qui
867 628 941 647 cum
970 623 1067 647 antea

87 657 227 690 fuissem
257 659 388 690 obnoxii
418 657 539 689 talibus
568 659 669 695 vitiis,
702 659 766 689 iam
795 669 874 689 vero
905 660 1066 690 emendati

88 707 189 732 erant·
239 701 298 733 His
317 703 340 738 1)
369 701 544 741 praecipit,
579 706 613 731 ut
644 701 805 731 retineant
836 702 955 732 bonam
990 712 1066 732 con-

87 744 267 781 scientiam,
294 748 326 773 et
349 748 487 774 testatur
505 743 670 782 perituros
690 753 778 780 esse,
802 744 829 773 si
853 750 1066 783 perseverent

87 787 118 816 in
136 785 301 826 prioribus
323 785 420 816 vitiis.

173 844 267 875 Rom.
291 843 321 875 8.
346 846 410 884 [vs.
438 845 499 882 134
542 845 577 875 Si
607 846 790 876 secundum
821 856 954 876 carnem
978 847 1065 876 vive-

88 887 140 926 tis,
164 887 359 922 moriemini3
389 887 418 917 si
445 888 593 918 actiones
619 888 726 918 carnis
751 888 867 928 spiritu
890 888 1065 919 mortifica-

88 929 174 966 bitis,
198 929 324 960 vivetis.
371 929 433 960 Hic
456 929 552 960 tradit
574 929 699 960 Paulus
723 931 907 961 discrimen.
931 930 1063 961 Manent

86 972 118 1002 in
151 972 274 1002 renatis
296 970 398 1002 multa
419 972 576 1002 interiora
598 972 696 1010 mala,
730 971 881 1003 videlicet
905 973 1065 1013 quaedam

85 1011 192 1054 caligo
227 1019 259 1044 et
293 1014 438 1054 pravitas
469 1015 640 1045 nobiscum
663 1025 816 1045 nascens
873 1015 945 1045 Etsi
980 1016 1064 1045 enim

85 1055 239 1086 inchoata
261 1062 311 1086 est
334 1054 392 1087 lux
415 1063 446 1087 et.
469 1055 623 1087 inchoata
646 1057 847 1094 obedientia,
878 1064 984 1088 tamen
1008 1058 1063 1087 ad-

85 1098 148 1129 huc
172 1097 255 1128 fides
279 1105 313 1129 ut
336 1098 480 1129 scintilla
504 1100 621 1140 exigua
650 1100 682 1129 in
712 1100 824 1130 densis
848 1100 992 1130 tenebris
1016 1099 1063 1130 lu-

84 1147 155 1177 cet,
190 1150 275 1180 quae
297 1141 431 1171 assidue
455 1140 598 1172 luctatur
628 1152 700 1171 cum
724 1142 996 1178 dubitationibuS,
1032 1148 1062 1172 et

82 1184 130 1213 eis
154 1189 335 1224 repugnat,
364 1193 426 1214 1166
454 1189 563 1214 tantus
587 1190 637 1214 est
661 1184 756 1213 timor
779 1184 860 1221 Dei,
885 1194 950 1214 non
972 1190 1062 1214 tanta

82 1225 203 1256 fiducia
227 1231 259 1256 et
282 1224 424 1263 dilectio,
450 1232 603 1266 quantam
633 1235 710 1256 esse
733 1227 886 1265 oportuit.
932 1226 1061 1257 Deinde

82 1266 276 1307 multiplices
301 1267 410 1297 vitiosi
422 1267 560 1298 affectus
585 1274 672 1305 sunt,
695 1268 863 1299 admiratio
888 1274 919 1298 et
942 1268 1062 1299 fiducia

80 1311 143 1346 sui,
166 1310 282 1340 deinde
305 1310 387 1340 varii
398 1316 518 1347 motuS,
542 1309 692 1340 flammae
707 1312 733 1347 ¹²¹)
747 1309 928 1348 libidinum,
950 1311 1061 1341 incen-

81 1352 133 1383 dia
155 1352 276 1384 iniusta
294 1352 363 1382 irae
388 1358 418 1382 et
441 1351 705 1389 aemulationum,
730 1359 764 1383 ut
787 1352 916 1383 fuerunt
941 1354 973 1384 in
991 1353 1060 1383 Ma-

81 1395 128 1424 ria
162 1402 192 1424 et
221 1395 253 1424 in
267 1396 296 1434 3)
328 1394 461 1425 Aarone
495 1395 658 1426 adversus
687 1394 840 1436 Moysen.
887 1395 1059 1426 Postremo

79 1435 218 1476 plurima
250 1442 381 1466 manent
409 1437 441 1467 in
471 1438 596 1467 sanctis
626 1438 812 1468 omissionis
838 1446 990 1477 peccata,
1027 1446 1059 1469 ut

82 1478 179 1519 vulgo
193 1485 366 1515 vocantur,
387 1479 418 1509 id
435 1486 496 1517 est,
519 1478 746 1520 neglectiones
771 1479 870 1511 officii
895 1487 925 1511 et
950 1490 1058 1511 errata

79 1521 302 1557 oeconomica,
336 1520 468 1561 politica
494 1528 524 1551 et
548 1521 807 1559 Ecclesiastiea,
843 1533 926 1563 quae
951 1530 1057 1554 tamen

79 1574 144 1594 non
167 1563 246 1593 fiunt
273 1569 388 1593 contra
413 1565 649 1595 conscientiam
677 1565 709 1594 in
732 1565 806 1605 piis,
831 1566 884 1605 qni
908 1565 1003 1596 fidem
1028 1572 1057 1595 et

78 1604 278 1646 diligentiam
302 1613 488 1646 praestant,
522 1612 674 1647 quantam
697 1605 767 1637 sere
790 1614 957 1647 praestare
982 1619 1056 1647 pos-

78 1654 164 1679 sunt.
211 1648 295 1682 Quia
309 1658 386 1679 vero
401 1648 514 1679 Sancti
527 1650 653 1679 vitiosis
676 1649 847 1680 affectibus
872 1657 1055 1692 repugnant

78 1697 108 1720 et
133 1690 271 1721 credunt
295 1691 355 1721 sibi
378 1698 512 1731 propter
534 1690 649 1722 Filium
673 1691 737 1722 Dei
760 1693 938 1723 condonari
969 1693 1055 1723 infir-

77 1734 236 1769 mitatem,
272 1733 345 1763 ideo
375 1739 506 1764 manent
535 1735 568 1764 in
596 1735 701 1774 gratia
729 1742 761 1765 et
788 1736 929 1765 retinent
959 1736 1055 1766 fidem

77 1781 108 1806 et
126 1775 281 1816 Spiritum
304 1782 463 1806 sanctum.
520 1776 591 1807 Hoc
620 1777 715 1807 sentit
740 1776 881 1814 Paulus,
912 1789 986 1809 cuin
1009 1779 1054 1808 in-

76 1818 144 1858 quit
168 1817 272 1855 [Rom.
296 1817 327 1855 S,
354 1818 434 1855 13.]:
459 1818 492 1849 Si
516 1820 665 1849 actiones
690 1821 798 1850 carnis
823 1820 945 1860 Spiritu
970 1831 1054 1851 mor-

76 1859 250 1897 tificabitis,
274 1861 401 1891 vivetis.

161 1919 288 1961 Estque
312 1919 490 1961 singularis
514 1921 696 1960 emphasis,
726 1932 799 1953 cum
823 1923 882 1952 aitz
929 1923 1052 1963 Spiritu

76 1961 324 1993 mortificabitis.
371 1962 480 1993 Vocat
510 1965 594 1993 enim
618 1974 679 1994 nos
703 1965 743 1994 ad
768 1974 845 1995 acre
873 1972 1051 2004 certamen,

74 2003 145 2035 vult
166 2015 229 2036 nos
252 2015 438 2046 repugnare
462 2006 590 2036 vitiosis
614 2006 855 2046 cupiditatibus,
880 2008 1051 2048 etquidem

75 2047 209 2088 Spiritu,
232 2047 264 2078 id
287 2054 349 2084 est,
374 2048 459 2078 veris
483 2049 636 2085 motibus,
660 2049 776 2079 timore
800 2057 830 2080 et
855 2049 918 2080 fide
941 2051 1050 2081 1116611-

75 2090 121 2120 sis
155 2090 258 2119 verbo
288 2089 351 2120 Dei
385 2100 404 2120 a
429 2090 552 2130 Spiritu
582 2097 708 2121 sancto.
761 2091 927 2123 lntueatur
954 2104 1050 2124 mens

75 2132 262 2163 mandatum
279 2131 343 2162 Dei
363 2139 393 2162 et
408 2131 550 2169 Poenas,
575 2134 696 2174 cogitet
715 2141 836 2175 quanta
860 2144 914 2165 res
938 2136 979 2166 sit
1002 2137 1050 2166 ira

72 2173 147 2212 Dei,
171 2173 321 2214 exempla
344 2175 507 2205 intueatur
530 2173 709 2215 lapsorum,
733 2182 767 2207 ut
781 2176 892 2208 Saulis
916 2183 947 2208 et
970 2178 1049 2209 alio-

73 2227 144 2247 rum
168 2217 222 2258 qui
255 2226 323 2247 non
353 2222 429 2247 sunt
464 2217 613 2248 restituti.
670 2218 762 2250 Sciat
791 2229 830 2250 ex
860 2230 925 2251 uno
953 2219 1049 2261 lapsu

74 2260 165 2300 sequi
196 2258 322 2290 infinita
350 2266 488 2299 peccata
518 2266 547 2290 et
576 2259 742 2292 scandala.
789 2261 917 2293 Rursus
950 2264 1047 2294 etiam

92 2395 118 2423 1)
135 2394 188 2425 His]
215 2396 251 2420 sic
275 2396 347 2421 Editt.
367 2396 407 2420 20.
428 2397 466 2422 25.
485 2397 525 2422 30.
545 2397 596 2422 34..
625 2398 696 2429 Corp.
724 2401 807 2426 1—8.;
835 2403 935 2426 ceterae
961 2401 1046 2426 Editt:

138 2429 182 2453 Hic

89 2479 118 2509 2)
137 2479 266 2511 flammae]
286 2481 359 2506 Editt.
381 2482 420 2507 22.
439 2483 478 2508 24.
497 2483 538 2506 29.
557 2483 659 2508 namma

89 2529 117 2558 3)
135 2530 158 2554 in
177 2529 287 2557 addunt
303 2532 375 2558 Editt.
395 2533 433 2558 22.
452 2533 491 2557 24.
513 2534 632 2564 ’ΞΒ-31,
652 2534 711 2565 Opp.
732 2536 751 2560 l.
771 2535 792 2558 2.

562 102 584 132 1.
607 102 708 134 LOCl
730 101 1009 133 THEOLOGICI:
1034 102 1075 133 D.
1098 102 1257 135 TERTIA
1279 103 1436 135 EORUM
1458 104 1612 136 AETAS.

2028 106 2088 138 782

1115 197 1227 227 credat
1250 196 1323 227 Deo
1346 196 1479 237 placere
1504 198 1738 234 obedientiam,
1767 203 1797 228 et
1820 203 1910 239 petat
1932 198 2088 230 auxilium

1113 244 1145 268 et
1168 240 1454 279 gubernationem3
1483 240 1569 271 sicut
1591 242 1748 280 scriptum
1773 247 1824 271 est
1849 240 1932 279 [loh.
1954 240 2004 278 15,
2022 241 2086 280 5.]:

1113 280 1191 310 Sine
1222 291 1272 311 me
1295 280 1374 311 nihil
1397 282 1536 321 potestis
1560 281 1681 313 facere.
1726 282 1806 313 Item
1830 281 1958 320 [Matth.
1977 283 2007 320 7,
2028 284 2086 320 7.]:

1112 321 1226 360 Petite,
1252 328 1284 353 et
1307 324 1435 354 dabitur
1454 324 1567 359 vobis3
1591 324 1720 359 Quanto
1745 326 1850 366 magis
1863 324 1961 356 Pater
1975 332 2087 356 vester

1112 363 1268 395 coelestis
1304 365 1392 395 dabit
1426 365 1582 405 Spiritum
1612 372 1761 397 sanctum
1796 368 1993 408 petentibus.
2045 367 2085 398 Et

1111 408 1195 437 sicut
1220 408 1317 437 toties
1343 408 1459 437 <licitur
1482 408 1513 438 in
1537 407 1679 439 Psalmis
1713 410 1799 447 HIS,
1824 410 1927 448 117.]:
1956 410 2085 441 Adiuva

1110 458 1171 486 me,
1193 455 1223 479 et
1243 448 1357 480 salvus
1382 459 1449 479 ero.
1490 450 1568 480 Item
1593 451 1681 487 [ibid.
1705 461 1752 482 vs⁴
1780 452 1883 490 124ss
1918 452 1984 483 Fac
2013 462 2085 483 cum

1110 501 1207 520 servo
1222 497 1278 521 tuo
1292 492 1473 522 secundum
1486 493 1742 523 misericordiam
1761 500 1860 532 tuam,
1885 500 1915 525 et
1933 494 2085 525 iustifica-

1111 533 1215 563 tiones
1240 539 1313 563 tuas
1337 534 1419 563 doce
1442 544 1504 565 me.
1539 534 1618 564 Item
1643 535 1710 572 [Ps.
1735 536 1788 573 50,
1815 537 1994 574 12—14.]:
2019 536 2086 567 Cor

1109 576 1263 605 mundum
1287 585 1364 606 crea
1387 577 1418 605 in
1443 586 1509 613 1116,
1539 576 1649 614 Deus,
1679 578 1711 607 id
1734 584 1800 615 est,
1826 585 1915 610 recte
1940 579 2084 609 sentiens

1109 617 1149 646 de
1171 616 1263 653 Deo,
1294 617 1501 657 purificatum
1524 617 1603 648 fide:
1639 618 1679 649 Et
1703 621 1853 659 spiritum
1877 628 2019 658 rectum,
2054 621 2084 651 id

1109 666 1175 695 est,
1201 659 1342 696 firmum,
1370 670 1434 690 non
1459 661 1678 698 dubitantem,
1702 663 1821 693 innova
1846 664 1876 693 in
1900 664 2084 694 visceribus

1108 702 1200 731 meis.
1252 701 1302 732 Ne
1341 702 1476 733 abiicias
1507 712 1558 733 me
1594 713 1611 733 a
1641 702 1726 734 facie
1757 711 1828 742 tua,
1870 712 1901 736 et
1930 706 2085 745 Spiritum

1109 750 1258 774 sanctum
1289 750 1396 781 tuum,
1431 745 1463 775 id
1487 751 1556 781 est,
1587 753 1755 787 regentem
1787 758 1900 778 omnes
1925 748 2082 784 actiones.

1108 795 1148 815 ne
1183 785 1314 816 auferas
1350 797 1368 816 a
1402 797 1463 817 me.
1508 787 1622 817 Redde
1654 788 1729 819 mihi
1754 788 1908 820 laetitiam
1932 789 2084 821 salutaris

1108 829 1163 865 tui,
1188 834 1217 858 et
1242 829 1357 869 spiritu
1379 829 1562 869 principali,
1586 830 1618 860 id
1642 837 1703 868 est,
1727 838 1921 872 spalitaneo,
1945 842 2010 863 non
2029 832 2083 862 de-

1108 868 1255 911 fugiente
1280 872 1459 902 certamina
1483 879 1511 903 et
1537 872 1695 913 pericula,
1720 874 1895 905 confirmes
1919 886 1980 905 me.

1194 912 1249 943 Sic
1273 913 1393 953 loseph
1417 916 1619 956 repugnabat
1644 914 1810 946 illecebris
1826 916 2004 953 Dominae:
2028 917 2083 948 Sic

1107 954 1261 985 Ionathas
1286 965 1322 986 se
1348 956 1573 994 confirmabat,
1593 967 1634 987 ne
1653 957 1870 990 aemulatione
1894 960 2081 991 incendere-

1107 1004 1159 1027 tur
1187 998 1348 1028 adversus
1377 998 1557 1035 Davidem
1593 999 1649 1030 Sic
1673 1000 1781 1032 David
1812 1011 1848 1032 se
1876 1002 2081 1043 reprimebat.

1107 1050 1146 1069 ne
1158 1039 1289 1071 Saulem
1313 1040 1527 1077 interficeretg
1551 1042 1606 1073 Sic
1631 1052 1667 1073 se
1690 1045 1906 1082 sustentabat,
1931 1054 1972 1075 ne
1994 1043 2082 1075 fran-

1106 1088 1236 1122 geretur
1264 1083 1492 1123 desperatione
1515 1083 1630 1124 pulsus
1660 1085 1691 1115 in
1721 1085 1863 1117 exilium.
1909 1087 1955 1117 lta
1984 1087 2081 1117 docet

1106 1124 1228 1155 Paulus
1252 1124 1346 1156 Rom.
1369 1125 1400 1155 6.
1431 1129 1493 1162 {vs-
1521 1127 1583 1164 12]
1611 1127 1686 1157 Non
1717 1135 1831 1169 regnet
1854 1135 2024 1169 peccatum
2048 1129 2081 1159 in

1105 1166 1233 1197 mortali
1259 1177 1399 1207 corpore
1422 1174 1554 1204 vestrm
1580 1175 1611 1199 et
1628 1170 1931 1211 videtursumptum
1946 1172 2081 1202 verbum

1105 1218 1144 1238 ex
1169 1208 1289 1239 Genesi
1313 1211 1358 1247 [4,
1382 1211 1442 1248 7.]:
1467 1210 1536 1241 Sub
1560 1217 1592 1241 te
1615 1213 1677 1242 erit
1699 1214 1861 1253 appetitus
1886 1214 1968 1249 eius,
1993 1219 2023 1243 et
2047 1220 2079 1244 tu

1105 1251 1280 1282 domineris
1305 1253 1344 1282 ei.
1382 1252 1464 1283 Nam
1488 1254 1591 1284 verbo
1616 1254 1803 1285 dominandi
1826 1266 1889 1285 non
1915 1255 2079 1297 significa-

1104 1300 1156 1323 tur
1180 1295 1280 1324 otium
1303 1302 1333 1324 et
1354 1295 1495 1335 ignaxia,
1519 1297 1577 1326 sed
1600 1297 1740 1337 impetus
1754 1298 1893 1338 Spiritus
1918 1299 2022 1328 sancti
2047 1305 2077 1329 et

1104 1335 1267 1376 diligentia
1294 1336 1483 1367 voluntatis.
1518 1338 1637 1379 loseph
1660 1340 1790 1370 intuens
1809 1341 1998 1372 mandatum
2017 1341 2078 1371 Dei

1104 1384 1134 1408 et
1147 1380 1353 1419 prospiciens
1372 1390 1509 1419 poenas,
1532 1381 1691 1412 scandala
1703 1389 1733 1412 et
1753 1381 1835 1413 alias
1854 1383 1974 1421 ruinas,
1995 1394 2078 1424 quae

1103 1427 1275 1451 secuturae
1306 1430 1417 1459 erant,
1452 1430 1611 1464 repugnat
1642 1424 1828 1461 illecebris3
1864 1425 1947 1456 Petit
1980 1427 2075 1456 etiam

1103 1464 1373 1504 gubernationem
1388 1465 1540 1503 divinam,
1564 1467 1650 1496 addit
1664 1473 1695 1497 et
1705 1468 1734 1505 4)
1756 1478 1847 1498 suam
1861 1467 2075 1510 diligentiam3

1101 1505 1262 1545 Praecipit
1287 1505 1403 1544 oculis,
1428 1517 1468 1537 ne
1492 1514 1614 1539 temere
1633 1516 1807 1551 vagentur,
1832 1511 1910 1540 vitat
1931 1509 2076 1541 solitudi—

1100 1558 1178 1584 nes,
1214 1550 1425 1586 occasiones,
1460 1560 1501 1580 ne
1534 1551 1565 1580 in
1602 1550 1728 1592 laqueis
1763 1551 1895 1583 Diaboli
1930 1553 2073 1584 haereat.

1100 1590 1193 1620 Hanc
1217 1590 1416 1632 diligentiam
1440 1593 1482 1632 pii
1503 1592 1685 1634 intelligere
1710 1600 1740 1624 et
1752 1600 1920 1634 praestare
1934 1596 2073 1633 discant,

1101 1639 1130 1663 et
1160 1634 1368 1664 considerent
1399 1644 1463 1664 non
1488 1636 1558 1665 sine
1589 1646 1709 1667 caussa
1737 1637 1858 1668 dictum
1888 1648 1979 1668 esse:
2025 1637 2074 1669 Tu

1100 1676 1293 1713 domineris,
1321 1686 1386 1706 non
1419 1684 1532 1719 regnet
1562 1685 1744 1718 peccatum.
1791 1679 1873 1710 Cum
1902 1686 2074 1720 peecatum

1099 1718 1292 1756 dominatur,
1316 1718 1407 1749 affert
1432 1720 1640 1760 multiplicem
1664 1723 1839 1761 perniciem
1863 1728 1893 1753 et
1917 1724 1998 1753 iram
2011 1723 2072 1753 Dei

1098 1771 1137 1790 ac
1160 1767 1326 1791 aeternam
1350 1768 1502 1798 moi-tenu
1526 1770 1660 1794 econtra
1683 1774 1762 1795 vero
1786 1775 1859 1795 cum
1883 1775 1948 1795 non
1971 1766 2071 1796 domi-

1097 1809 1203 1841 natur,
1228 1804 1367 1834 retinent
1389 1805 1432 1844 pii
1457 1806 1609 1837 donatam
1628 1807 1781 1837 iustitiam
1805 1814 1835 1837 et
1855 1806 1961 1838 fidem.
1993 1807 2070 1838 Ideo

1096 1845 1334 1886 inquitPaulns
1352 1846 1457 1884 [Rom.
1481 1848 1512 1885 8,
1527 1848 1609 1887 13.]:
1634 1850 1668 1880 Si
1693 1850 1806 1889 spiritu
1830 1850 1977 1881 actiones
2002 1860 2070 1881 car-

1096 1889 1145 1918 nis
1170 1888 1415 1927 mortificabitis,
1440 1891 1564 1921 vivetis.

1182 1931 1269 1968 Dixi,
1293 1942 1378 1971 quae
1400 1940 1537 1973 peccata
1555 1941 1707 1965 maneant
1731 1936 1762 1965 in
1782 1936 1918 1973 renatis,
1942 1936 2070 1968 scilicet

1095 1975 1255 2014 quaedam
1290 1975 1442 2006 interiora
1477 1975 1578 2014 mala,
1620 1978 1737 2018 quibus
1772 1978 1834 2018 ipsi
1868 1985 2070 2020 repugnant;

1094 2016 1159 2047 Sed
1190 2026 1262 2047 cum
1286 2024 1422 2057 peccata
1450 2024 1565 2050 contra
1588 2020 1824 2051 conscientiam
1847 2021 2069 2056 admittuntur,

1093 2058 1266 2089 effunditur
1290 2066 1321 2089 et
1343 2062 1555 2100 perturbatur
1583 2061 1725 2102 Spiritus
1755 2069 1902 2101 sanctus,
1925 2070 1956 2094 et
1979 2065 2069 2095 amit-

1094 2102 1169 2132 titur
1207 2103 1328 2142 gratia,
1374 2109 1404 2133 et
1445 2105 1605 2135 excuritur
1642 2104 1742 2143 fides,
1778 2106 1810 2136 id
1844 2111 1911 2143 est,
1948 2105 2067 2137 fiducia

1093 2145 1349 2175 misericordiae.
1397 2145 1469 2177 Hoc
1488 2145 1556 2176 vult
1581 2146 1716 2184 Paulus,
1741 2157 1814 2178 cum
1833 2149 1934 2189 inquit
1960 2148 2065 2186 [Rom.

1090 2187 1121 2217 S.
1149 2187 1227 2224 134:
1252 2186 1288 2217 Si
1317 2189 1497 2220 secundum
1527 2199 1658 2220 carnem
1686 2190 1848 2227 vixeritis,
1875 2191 2065 2229 moriemini,

1092 2230 1123 2260 id
1147 2236 1212 2266 est,
1244 2230 1272 2259 si
1296 2231 1455 2261 obedietis
1479 2232 1606 2262 vitiosis
1632 2232 1880 2272 cupiditatibus,
1906 2234 1994 2264 eritis
2018 2235 2064 2264 rei

1091 2273 1159 2303 irae
1182 2272 1243 2302 Dei
1266 2278 1297 2302 et
1320 2274 1435 2304 mortis
1459 2280 1622 2305 aeternae.
1668 2274 1791 2305 Eodem
1814 2274 1890 2306 loco
1915 2278 1978 2314 [vs.
2002 2276 2063 2315 14.]

1091 2315 1206 2355 inquit:
1231 2314 1293 2348 Qui
1307 2322 1449 2357 aguntur
1461 2315 1583 2357 Spiritu
1606 2322 1734 2355 sancto,
1757 2317 1791 2348 hi
1814 2323 1890 2348 sunt
1912 2317 1969 2349 filii
1986 2318 2063 2354 Dei;

1089 2358 1149 2387 sed
1194 2362 1327 2387 ruentes
1374 2365 1489 2389 contra
1523 2359 1781 2397 conscientiam,
1830 2360 1997 2392 effundunt
2032 2367 2064 2391 et

1088 2401 1281 2440 perturbant
1327 2400 1484 2441 Spiritum
1531 2407 1679 2433 sanctum
1695 2425 1704 2438 ,
1761 2403 1912 2434 desinunt
1964 2404 2062 2446 igitur

1088 2536 1117 2567 4)
1137 2536 1205 2561 addit
1224 2536 1259 2566 et]
1281 2537 1353 2567 Coi-p.
1375 2537 1389 2560 :2
1405 2538 1460 2560 -8,
1482 2540 1507 2563 et
1525 2538 1593 2564 addit
