2358 2933
274 114 335 146 687

278 215 306 237 et
322 208 422 237 corde
434 206 557 237 multae
577 217 698 246 priwue
714 206 943 237 inclinationes
962 215 1101 238 manent.
1138 207 1177 238 Et
1195 209 1252 239 do—

279 256 414 280 cuerunt
439 260 496 279 cas
520 250 738 279 dubitationes
763 256 793 279 et
808 259 928 288 pravas
941 248 1172 281 inclinationes
1185 260 1251 281 non

279 302 356 321 esse
380 299 526 332 peccata.

366 334 440 363 ldvo
468 332 663 363 affinxerunt
695 333 842 363 homines
875 334 980 364 iustos
1014 343 1090 364 esse
1120 340 1150 364 et
1180 334 1252 365 Deo

291 376 446 405 ducentos
482 382 618 415 propter
647 385 763 415 opera,
797 376 871 416 quia
901 377 1144 407 arbitrabantur
1172 375 1252 417 Legi

278 388 339 447 lit-t
365 418 529 448 satisfieri.
554 427 617 447 non
643 419 842 455 docuerunt.
867 417 1015 448 homines
1039 420 1142 449 iustos
1165 429 1254 455 esse,

278 462 308 490 id
334 467 396 492 cst.
428 458 657 490 reconciliatos
681 459 753 489 Deo
778 466 807 490 et
832 459 999 499 placentes
1030 460 1094 491 fide
1121 468 1254 501 propter

280 503 490 533 Mediator-em
505 502 680 532 Plu-istum.
726 503 792 533 Sed
813 502 874 531 lios
888 501 1098 533 Pltarisaicos
1122 512 1253 533 errores

278 546 318 575 de
344 545 432 585 Lege
457 543 571 575 refutat
599 543 733 575 Paulus.
757 543 897 576 affirmat
915 545 994 586 Legi
1014 544 1075 575 Dei
1099 545 1185 576 hanc
1208 546 1253 575 in-

279 589 402 617 tirmam
437 594 585 617 naturam
619 586 784 617 hominum
819 597 884 617 non
918 597 1020 627 posse
1049 586 1253 625 satisfacere,

278 641 338 660 nc(-
365 629 486 669 plat-ari
506 630 585 659 iram
600 628 673 666 Dei.
698 639 757 659 nec
782 628 851 659 tolli
874 636 1045 670 peccatum
1069 640 1127 670 per
1151 640 1252 671 opera

282 672 397 713 Legis.
427 672 485 702 sed
515 672 649 702 missum
678 682 754 702 esse
777 671 878 702 tilium
902 672 975 709 Dei,
999 671 1173 703 Dominum
1198 682 1253 702 no-

280 722 383 745 strum
408 714 511 744 lesum
525 712 703 744 fiii-istum.
729 720 764 744 ut
787 713 879 744 tollat
903 720 1075 755 peccatum
1100 721 1129 745 et
1155 715 1252 745 donet

279 758 374 787 nobis
398 758 554 788 iustitiam
579 765 607 786 ct
640 757 738 786 vitain
762 763 940 794 aeternam,
965 763 995 787 nt
1017 768 1077 787 suo
1100 756 1175 788 loco
1200 767 1253 788 co-

279 800 403 839 piosius
430 800 588 829 dicemus,

592 891 755 921 Divisio
780 890 946 921 LEGUM.

366 967 507 998 Primum
531 974 746 998 recensentur
773 967 834 998 liae
857 968 1004 1008 species:
1034 967 1103 997 Lex
1135 967 1255 1003 divina,

283 1011 347 1040 Lex
372 1017 522 1048 naturae,
546 1010 655 1051 Leges
678 1009 849 1040 humanae.
884 1009 993 1051 Leges
1017 1010 1146 1040 divinae
1168 1015 1255 1045 sunt,

279 1062 362 1093 quae
392 1063 408 1082 a
440 1051 512 1083 Deo
535 1053 674 1083 traditae
702 1058 779 1083 sunt
809 1062 1005 1093 quot-unque
1033 1058 1195 1092 tempore,
1225 1056 1256 1081 et

279 1101 389 1125 extant
413 1095 554 1135 scriptae
576 1095 700 1135 passim
724 1095 755 1124 in
771 1094 887 1135 Moyse
911 1100 943 1125 et
965 1093 1057 1125 libris
1071 1093 1254 1134 Evangelii.

279 1137 348 1167 Lex
373 1144 524 1174 naturae,
558 1143 591 1168 ut
615 1136 699 1167 infra
722 1138 845 1174 dicam,
874 1143 925 1167 est
953 1138 1065 1168 notitia
1094 1135 1278 1167 naturalis·

279 1180 320 1209 de
343 1179 417 1210 Deo
448 1187 478 1210 et
509 1181 548 1210 de
578 1190 703 1210 morum
726 1180 963 1220 gubernatione
987 1189 1047 1210 seu
1071 1179 1255 1209 discrimine

279 1222 491 1252 honestorum
515 1228 545 1252 et
568 1223 718 1261 turpium,
742 1222 896 1252 divinitus
915 1223 1013 1253 insita
1036 1221 1176 1252 humano
1200 1230 1255 1262 ge-

279 1266 366 1302 neri,
405 1265 487 1294 sicut
523 1265 636 1294 notitia
672 1274 881 1295 numerorum
916 1265 1070 1295 divinitus
1104 1263 1254 1295 humanis

279 1308 442 1337 mentibus
473 1308 567 1337 insita
597 1314 657 1338 est.
711 1306 787 1337 ldeo
817 1308 967 1348 congruit
1000 1317 1072 1338 cum
1101 1316 1139 1337 ea
1163 1311 1254 1346 parte

279 1349 379 1390 Legis
404 1348 478 1386 Dei,
504 1360 586 1389 «luae
607 1350 724 1379 (lit-,itur
736 1348 884 1389 Moralis‚
908 1355 942 1380 ut
965 1349 1049 1380 infra
1073 1349 1253 1379 ostendam.

278 1391 374 1422 Prius
399 1393 482 1422 enim
507 1391 744 1422 discernendae
767 1397 842 1421 sunt
855 1392 984 1432 species
998 1391 1098 1433 Legis
1115 1391 1253 1422 divinae.

365 1433 435 1464 Etsi
459 1435 543 1464 enim
555 1436 597 1467 69)
621 1435 694 1464 inde
717 1443 823 1474 usque
842 1434 882 1464 ab
902 1435 991 1464 initio
1014 1434 1254 1464 mundisonue-

279 1483 352 1506 runt
376 1477 406 1506 in
430 1476 581 1507 Ecclesia
598 1475 660 1506 Dei
682 1486 747 1506 vox
760 1476 860 1517 Legis
884 1483 915 1507 et
939 1486 1003 1507 vox
1027 1474 1255 1516 promissionis

304 1519 416 1555 ratiae,
440 1526 548 1549 tamen
569 1524 660 1549 certo
683 1517 820 1549 consilio
844 1528 917 1549 cum
940 1519 1116 1549 constituta
1130 1523 1181 1548 est
1198 1527 1255 1557 po-

292 1562 345 1591 itia
374 1560 570 1598 Israelitica,
604 1561 674 1591 Lex
698 1560 759 1591 Dei
793 1559 1001 1602 promulgata
1036 1567 1095 1591 est.
1141 1559 1255 1590 Voluit

279 1604 364 1634 enim
387 1602 480 1634 Deus
510 1602 642 1643 publico
671 1609 703 1634 et
725 1602 900 1634 manifesto
923 1604 1109 1634 testimonio
1132 1603 1255 1633 instau-

279 1655 353 1676 rare
376 1647 522 1676 notitiam
541 1644 639 1683 illam,
662 1656 760 1687 quam
773 1647 938 1677 mentibus
957 1645 1106 1677 humanis
1118 1645 1150 1675 in
1164 1654 1254 1675 crea-

280 1689 367 1719 tione
391 1689 519 1725 indidit,
549 1695 582 1719 ut
605 1699 700 1719 suum
722 1689 874 1720 iudicium
897 1689 1059 1719 adversus
1083 1693 1254 1728 peccatum

279 1731 479 1761 ostenderet.
526 1731 609 1766 Quia
639 1741 719 1761 vero
735 1733 778 1763 ⁷⁰)
807 1737 874 1761 tota
901 1730 1013 1771 politia
1036 1730 1255 1761 constitueba-

279 1781 347 1803 tur.
372 1784 437 1803 non
460 1779 584 1804 tantum
608 1772 701 1814 leges
725 1774 766 1804 de
785 1772 989 1815 singulorum
1011 1774 1157 1803 moribus
1180 1782 1255 1812 pro-

280 1816 407 1856 positae
429 1822 515 1853 sunt,
535 1816 593 1846 sed
617 1817 714 1847 etiam
737 1816 867 1846 additae
891 1821 967 1847 sunt
990 1815 1083 1857 leges
1102 1814 1254 1845 forenses

281 1865 309 1886 et
336 1859 550 1889 veremoniae.
1181 1861 1193 1873 ⁶

365 1899 448 1931 Tres
473 1901 571 1942 igitur
593 1909 703 1940 partes
727 1907 800 1931 sunt
826 1899 909 1941 legis
933 1900 1103 1931 Mosaicae
1126 1900 1255 1930 univer—

281 1952 356 1973 sae:
383 1942 491 1984 Leges
515 1941 671 1979 morales,
695 1942 942 1974 Ceremoniales
967 1949 996 1973 et
1011 1943 1178 1973 Forenses
1196 1951 1255 1972 seu

281 1984 462 2015 iudiciales.
508 1985 633 2026 Estque
658 1984 832 2027 diligenter
857 1986 939 2016 haec
963 1985 1124 2016 distinctio
1149 1984 1255 2015 consi-

282 2027 436 2065 deranda,
460 2028 535 2068 quia
560 2029 684 2058 etiamsi
707 2027 820 2068 politia
842 2027 952 2069 Moysi
976 2028 1037 2058 iam
1062 2027 1171 2057 deleta
1194 2032 1255 2063 est,

282 2077 389 2099 tamen
414 2071 587 2100 discrimen
607 2070 715 2111 legum
740 2071 942 2101 considerari
956 2080 1096 2101 necesse
1108 2077 1166 2100 est.
1195 2068 1255 2099 Ce-

282 2112 446 2142 remoniae
469 2112 639 2143 Mosaicae
663 2119 692 2143 et
716 2111 868 2144 forenses
888 2112 979 2153 leges
1000 2123 1061 2143 nec
1084 2112 1256 2143 mandatae

282 2161 354 2183 sunt
381 2155 521 2184 caeteris
535 2154 697 2185 Gentibus
721 2165 782 2186 nec
806 2154 952 2197 obligant
977 2166 1049 2192 nos,
1074 2161 1107 2185 et
1125 2153 1256 2185 fuerunt

281 2197 321 2225 ud
345 2203 474 2236 tempus
498 2198 549 2226 isti
572 2196 695 2237 populo
720 2197 823 2228 lsrae‘l
847 2199 998 2235 traditae,
1023 2204 1055 2228 ut
1078 2196 1189 2237 politia
1214 2196 1256 2226 ad

282 2245 409 2277 teinpus
434 2247 557 2269 certum
582 2239 738 2270 duratura
761 2247 842 2278 erat,
866 2247 897 2270 ut
919 2246 1008 2270 esset
1026 2239 1120 2270 locus
1135 2244 1255 2275 certus,

282 2281 313 2310 in
338 2291 402 2321 quo
427 2280 578 2312 Christus
603 2289 795 2314 nasceretur
819 2289 849 2313 et
873 2293 910 2313 se
928 2281 1150 2323 patefaceret,
1178 2291 1256 2311 con-

282 2323 479 2360 cionaretur,
503 2323 593 2353 fieret
624 2325 752 2356 victima
781 2332 811 2356 et
835 2325 942 2365 palam
966 2324 1135 2355 inchoaret
1157 2324 1255 2354 vitam

280 2371 458 2395 aeternam.

282 2460 328 2488 69)
353 2459 403 2483 Etsi
423 2459 501 2489 enim]
528 2460 562 2483 si(-
581 2460 653 2484 Editt.
678 2460 783 2485 18—20.
804 2461 845 2485 23.
865 2460 982 2485 25—27..
1003 2460 1074 2489 Corp.
1100 2459 1185 2484 1-8.:
1211 2465 1254 2483 re—

351 2496 421 2517 tei-ae
442 2493 526 2518 mitt:
545 2494 595 2517 Etsi

283 2545 327 2567 70·
351 2543 422 2573 vero]
445 2544 514 2568 Editt.
534 2546 573 2568 22.
594 2546 643 2568 24..
663 2544 722 2573 opp.
746 2546 764 2568 14
787 2546 808 2568 2.
829 2550 887 2568 rere

905 114 1013 146 pun..
1037 114 1138 146 MEL.
1162 115 1346 148 SCRlPTA
1369 116 1643 149 DOGMATch.

2205 121 2271 155 688
2300 112 2301 115 ,

1384 208 1450 240 Sed
1479 217 1527 239 est
1559 209 1644 240 alius
1681 211 1804 252 gradus
1835 210 1963 253 legum,
1997 222 2081 252 quae
2108 221 2269 247 vocantur

1297 250 1453 289 Mon-ales,
1477 262 1561 291 quae
1584 258 1660 282 sunt
1682 258 1818 284 aeterna
1839 253 1902 284 Dei
1926 255 2141 295 sententian)
2164 262 2195 287 et
2218 267 2268 289 re-

1298 291 1374 334 gula
1400 304 1460 324 nec
1479 300 1645 324 mutantur
1663 295 1875 335 temporibus.
1910 296 2046 336 Semper
2069 298 2111 327 ab
2134 304 2268 331 aeterno

1298 334 1399 366 voluit
1423 335 1515 366 Deus
1550 335 1633 366 lianc
1656 337 1929 377 propositionem:
1965 338 2124 370 Creatura
2157 339 2270 382 diligat

1298 383 1328 408 et
1353 377 1461 408 timeat
1477 377 1592 415 Deum,
1617 377 1773 409 Creatura
1797 378 1964 410 rationalis
1981 381 2021 410 sit
2047 387 2152 412 casta.
2187 382 2270 414 Sunt

1297 425 1406 450 autem
1429 418 1521 461 leges
1546 419 1700 457 morales,
1724 431 1809 461 quae
1832 422 2036 462 praecipiunt
2052 423 2092 453 de
2104 424 2270 465 agnitione

1275 460 1360 503 ,Dei
1384 462 1413 491 in
1437 470 1546 492 mente
1576 469 1605 492 et
1636 464 1676 493 (le
1704 464 1888 494 obedientia
1918 465 2028 494 cordis
2059 475 2139 506 erga
2162 465 2269 498 Deum

1297 510 1329 533 et
1350 504 1391 534 de
1415 504 1587 535 virtutibus
1611 515 1690 545 erga
1712 505 1872 544 homines,
1895 511 1931 537 ut
1952 506 1993 536 de
2015 507 2149 545 iustitia,
2173 510 2270 540 casti—

1298 552 1374 583 tate,
1397 547 1545 584 veritate,
1568 549 1794 587 temperantia.
1829 548 2030 588 Praecipuae
2042 555 2150 580 autem
2160 549 2270 592 legum

1298 586 1466 618 moralium
1490 589 1585 619 simul
1609 590 1640 619 in
1664 600 1727 620 una
1749 600 1852 630 parva
1877 589 1999 621 tabella
2023 591 2102 622 miro
2130 592 2270 623 consilio

1297 629 1360 660 Dei
1383 630 1640 670 comprehensae
1663 638 1750 669 sunt,
1774 642 1857 672 quae
1880 631 2003 663 tabella
2015 639 2152 664 vocatur
2163 633 2271 666 Deca-

1298 671 1407 713 loguS.
1463 673 1539 703 ldeo
1574 674 1728 704 usitatum
1767 681 1817 705 est
1852 675 2020 705 nominare
2052 674 2272 718 Decalogum,

1299 714 1430 754 quando
1452 714 1574 756 Legem
1599 715 1756 746 moralem
1779 716 1967 757 significare
1991 716 2143 748 volumus
2151 741 2160 756 ,
2184 719 2271 759 quod

1299 757 1413 786 dextre
1448 763 1480 786 et
1513 758 1585 788 sine
1615 759 1779 801 λογομαχίᾳ
1806 757 2053 800 intelligendum
2084 767 2145 790 est.
2190 761 2274 792 Sunt

1275 803 1277 806 ’
1299 800 1396 839 igitur
1418 797 1511 839 leges
1535 797 1695 837 morales,
1731 806 1762 830 et
1796 811 1880 841 quae
1908 802 1941 831 in
1964 800 2138 843 Decalogo
2169 803 2273 833 conti-

1276 858 1277 862 =
1300 847 1429 877 nentur,
1455 846 1488 871 ut
1510 840 1595 871 infra
1620 850 1692 871 eum
1716 843 1953 879 enarrabimus,
1977 850 2010 873 et
2032 843 2193 885 Decalogi
2222 854 2273 876 re-

1298 883 1473 923 petitiones
1507 889 1539 913 et
1569 881 1823 922 explicationes,
1856 885 2044 925 ubicunque
2073 886 2105 915 in
2141 887 2273 927 scriptis

1299 924 1506 964 Proplleticis
1537 931 1568 955 et
1598 924 1803 965 Apostolicis
1836 925 1999 967 leguntur.
2044 927 2166 965 Hae⁷²)
2200 938 2273 960 cum

1300 968 1365 997 sint
1388 972 1543 998 aeternae
1566 966 1703 1009 regulae
1732 970 1850 999 mentis
1875 969 2022 1007 divinae,
2056 979 2186 1010 semper
2219 981 2274 1002 so·

1299 1016 1439 1040 nuerunt
1462 1010 1493 1039 in
1516 1009 1682 1048 Ecclesia,
1705 1011 1801 1041 etiam
1823 1017 1900 1041 ante
1912 1011 2064 1053 Moysen,
2087 1017 2119 1043 et
2142 1021 2275 1054 semper

1299 1062 1473 1082 mansurae
1486 1058 1572 1089 sunt,
1595 1058 1627 1082 et
1639 1053 1681 1082 ad
1697 1062 1811 1084 omnes
1832 1059 1948 1094 gentes
1961 1054 2133 1094 pertinent.
2169 1053 2274 1085 Multa

1299 1100 1375 1125 sunt
1403 1100 1511 1125 autem
1541 1093 1703 1125 naturalia
1732 1096 1764 1126 in
1795 1094 1981 1126 forensibus
2011 1101 2044 1127 et
2067 1097 2274 1135 ceremoniiS,

1299 1147 1382 1178 quae
1405 1137 1500 1167 etiam
1520 1143 1594 1168 sunt
1616 1144 1786 1177 perpetua,
1807 1144 1842 1169 ut
1857 1138 1939 1174 Lex,
1959 1148 2043 1179 quae
2057 1138 2210 1179 prohibet
2225 1140 2274 1170 in-

1299 1186 1409 1210 cestas
1432 1180 1699 1217 consuetudines,
1722 1180 1828 1210 Lew't.
1854 1180 1903 1212 18.
1929 1184 2012 1218 [vss.
2034 1180 2056 1211 6
2078 1184 2167 1222 sqq.]
2198 1182 2275 1222 quia

1299 1222 1340 1252 ad
1363 1222 1500 1252 virtutes
1524 1222 1663 1261 pertinet
1686 1223 1856 1264 sanguinis
1880 1223 2076 1254 reverentia.
2122 1222 2162 1254 Et
2183 1222 2274 1254 clare

1297 1264 1399 1304 inquit
1422 1263 1532 1301 Deus,
1563 1263 1663 1294 deleri
1686 1264 1882 1295 Cananaeos
1912 1271 2047 1306 propter
2068 1266 2213 1296 incestas
2237 1263 2275 1296 li-

1298 1307 1435 1337 bidines.
1500 1305 1582 1337 Cum
1616 1307 1714 1346 igitur
1750 1307 1875 1337 Gentes
1914 1313 1992 1338 ante
2032 1307 2273 1350 promulgatam

1298 1348 1405 1390 Moysi
1424 1347 1532 1389 legem
1555 1355 1753 1379 accusentur
1776 1356 1909 1389 propter
1935 1348 2019 1380 haec
2043 1349 2087 1380 ssa
2112 1350 2179 1387 itia,
2203 1359 2273 1381 cer-

1297 1397 1365 1422 tum
1399 1397 1448 1422 est
1484 1401 1522 1421 ea
1555 1396 1689 1422 aeterna
1712 1391 1775 1422 Dei
1805 1391 1895 1433 Lege
1924 1397 1956 1422 et
1984 1398 2080 1423 natur
2115 1393 2123 1422 i
2152 1392 2273 1423 iudicio

1298 1433 1455 1463 damnari.

1536 1524 1767 1556 EXPOSITIO
1798 1525 2039 1556 DECALOGI.

1387 1600 1565 1632 Utilissima
1594 1608 1625 1632 et
1653 1600 1870 1633 saluberrima
1901 1607 1952 1632 est
1975 1601 2141 1632 meditatio
2164 1601 2272 1633 Deca-

1298 1643 1384 1685 logi3
1423 1644 1566 1674 continet
1604 1645 1689 1674 enim
1723 1644 1905 1675 doctrinam
1938 1650 2005 1674 tam
2038 1644 2207 1684 copiosam
2240 1650 2274 1675 et

1298 1685 1481 1724 sublimem,
1505 1692 1540 1717 ut
1564 1696 1729 1727 nunquam
1751 1686 1832 1717 satis
1850 1686 2005 1727 perspici,
2027 1696 2193 1727 nunquam
2216 1695 2272 1716 ex—

1298 1729 1421 1759 hauriri
1451 1729 1567 1769 possit.
1625 1729 1697 1764 Quo
1733 1730 1837 1770 magis
1870 1729 1998 1759 insania
2025 1727 2157 1759 illorum
2186 1728 2272 1759 dete-

1299 1771 1416 1802 standa
1450 1778 1519 1809 est,
1554 1772 1608 1812 qui
1639 1774 1765 1812 tingunt
1792 1780 1893 1812 posse
1916 1771 1999 1812 Legi
2020 1770 2085 1801 Dei
2106 1769 2272 1808 satisfieri,

1298 1815 1361 1844 imo
1386 1813 1520 1851 addunt,
1543 1824 1645 1854 posse
1668 1813 1806 1854 amplius
1820 1819 1849 1844 et
1862 1812 2000 1844 meliora
2012 1813 2081 1844 fieri
2105 1818 2167 1843 etc.
2202 1812 2273 1844 Hae

1300 1866 1402 1887 voces
1424 1866 1491 1887 non
1515 1862 1592 1887 sunt
1615 1856 1791 1893 humanae,
1824 1856 1884 1886 sed
1907 1865 2045 1896 sparsae
2072 1865 2092 1885 a
2115 1853 2272 1892 Diabolo,

1299 1899 1353 1939 qui
1381 1898 1445 1928 hoc
1474 1909 1643 1929 sarcasmo
1673 1898 1776 1929 illudit
1806 1897 1948 1929 humano
1979 1897 2090 1938 generi
2113 1896 2208 1936 lapso
2232 1907 2271 1928 ex

1299 1952 1360 1971 sua
1384 1941 1540 1982 dignitate
1564 1947 1595 1971 vt
1616 1941 1766 1982 puritate.
1820 1939 1901 1970 Cum
1929 1940 2014 1970 enim
2036 1938 2129 1970 Deus
2163 1945 2272 1970 osten-

1300 1984 1342 2014 dit
1363 1984 1395 2013 in
1419 1983 1481 2014 hac
1500 1983 1602 2024 Lege,
1625 1983 1666 2013 ad
1690 1983 1765 2023 quid
1790 1982 1918 2012 condita
1938 1983 1980 2012 sit
1991 1981 2133 2012 humana
2142 1987 2272 2018 natura,

1298 2027 1385 2056 unde
1408 2025 1493 2066 lapsi
1516 2027 1633 2062 simus,
1655 2026 1687 2055 in
1711 2034 1794 2065 quas
1816 2025 1964 2055 miserias
1987 2034 2026 2055 ae
2050 2024 2204 2054 tenebras
2218 2024 2272 2054 de-

1299 2068 1485 2105 ciderimus,
1508 2067 1670 2098 Diabolus
1694 2067 1788 2107 quasi
1812 2065 1952 2098 illudens
1976 2067 2072 2097 nobis
2085 2067 2206 2106 sparsit
2215 2076 2273 2097 vo-

1300 2121 1356 2141 ces
1379 2111 1523 2141 ironicas
1547 2115 1761 2140 extenuantes
1784 2107 1892 2150 legem
1916 2108 1989 2140 Dei.
2035 2108 2148 2139 Sciant
2175 2108 2273 2150 igitur

1298 2153 1341 2194 pii
1364 2153 1426 2183 hos
1455 2163 1586 2183 errores
1610 2152 1864 2182 Pharisaeorum
1894 2158 1925 2181 et
1947 2150 2184 2181 Monachorum
2206 2160 2272 2182 non

1299 2204 1375 2226 esse
1404 2194 1515 2232 leves,
1550 2201 1582 2225 et
1611 2200 1722 2234 petant
1745 2204 1764 2224 a
1787 2193 1879 2231 Deo,
1912 2200 1946 2224 ut
1970 2194 2093 2224 nostris
2118 2193 2272 2224 cordibus

1299 2236 1408 2268 velum
1431 2236 1633 2274 detrahatur,
1658 2237 1746 2277 quod
1769 2236 1912 2276 impedit,
1935 2246 1977 2266 ne
1991 2235 2099 2278 legem
2112 2234 2175 2266 Dei
2197 2244 2273 2276 pro-

1298 2280 1371 2321 pius
1394 2279 1602 2320 aspiciamus,
1626 2289 1722 2320 quam
1742 2279 1829 2309 serio
1854 2279 2036 2319 cogitemus
2060 2287 2136 2308 esse
2157 2287 2272 2308 vocem

1298 2322 1361 2353 Dei
1385 2321 1486 2364 longe
1503 2322 1627 2352 maiora
1652 2322 1881 2357 continentem,
1905 2331 2001 2361 quam
2025 2326 2058 2351 ut
2074 2325 2173 2351 totam
2185 2329 2272 2351 com—

1300 2364 1398 2405 plecti
1422 2365 1599 2404 possimus.

1300 2492 1346 2520 71)
1371 2492 1510 2522 sententia]
1529 2492 1570 2517 Ed.
1591 2492 1643 2520 25„
1663 2492 1735 2521 corp.
1760 2492 1830 2515 1-8.
1849 2492 1960 2516 essentia

1301 2543 1345 2568 72)
1369 2542 1431 2573 nae]
1451 2543 1523 2567 Editt.
1543 2544 1582 2567 2-2.
1603 2543 1642 2566 24.
1663 2543 1777 2567 28-34..
1798 2542 1857 2571 0⁰1¹-
1880 2544 1900 2566 1.
1919 2543 1942 2565 2.
1962 2541 2029 2566 Haec
