2358 2933
221 117 281 146 ‘11

250 1427 289 1450 3³.
324 1445 327 1448 .

847 110 958 142 PHlL.
981 108 1085 141 MEL.
1109 108 1294 140 SCRIPTA
1320 108 1595 140 DOGMATch.

376 216 452 236 esse
481 213 627 245 peccata.
673 203 756 237 Quia
785 202 868 231 enim
898 211 1042 241 persona
1064 201 1135 231 sine
1158 202 1195 231 ti-

377 258 467 279 more
495 255 523 277 et
553 247 668 276 fiducia
697 244 749 274 dei
773 250 942 283 operatur,
971 243 1044 273 ideo
1068 242 1195 273 fructus

377 300 490 320 onmes
521 295 595 318 sunt
627 287 712 325 impii
743 293 773 316 et
805 285 958 315 damnati.
1004 284 1075 314 Nec
1106 290 1196 315 recte

377 333 493 361 dot-ent
519 328 715 360 svtmlastivi
740 326 879 357 honesta
898 337 938 357 ac
961 325 1068 357 civilia
1094 336 1195 366 opera

378 374 462 412 impii
482 382 545 402 non
571 382 646 400 esse
672 377 809 410 peccata
832 376 863 399 et
888 369 1005 399 mereri
1030 369 1194 399 remissio-

377 426 447 444 ncm
477 422 703 453 peccatorum,
734 413 830 452 idque
854 409 1095 441 immutabiliter
1118 411 1138 440 i.
1165 420 1193 440 e.

376 464 477 487 certo.
524 455 593 485 Etsi
615 462 730 495 negant
759 454 993 484 conscientiam
1013 459 1104 483 certo
1128 459 1195 483 sta-

376 506 467 528 tuere
487 508 586 537 posse
605 497 735 537 quando
756 506 855 535 opera
874 495 994 526 habeat
1017 493 1195 525 suffectura

376 541 426 570 isti
464 541 589 569 merito.
635 537 758 568 Paulus
791 544 905 568 contra
935 537 1042 568 docet.
1089 537 1195 567 Omne

376 582 461 622 quod
487 593 550 611 non
571 589 618 610 est
641 591 681 611 ex
702 580 764 610 tide
786 586 956 620 peccatum
976 586 1027 609 est⁴
1048 579 1068 608 i.
1088 588 1115 609 e.
1139 588 1194 608 res

375 626 526 654 danmata
546 631 678 653 aeterna
699 629 812 653 morte.
851 621 949 652 fides
967 627 1076 652 autem
1095 621 1194 661 signi-

377 666 449 696 tivat
484 666 633 696 tiduciam
671 664 925 694 misericordiae.
962 673 1046 703 quae
1081 663 1193 692 statuit

375 715 464 739 certo
501 718 561 737 nos
596 706 729 747 placere
759 707 819 736 deo
851 712 987 745 propter
1017 703 1194 740 Christum,

375 751 469 780 etiam
488 751 515 780 si
536 760 635 789 opera
654 750 717 779 sint
727 750 772 789 92)
793 748 935 788 indigna.
966 746 1038 777 Huc
1055 746 1193 786 pertinet

375 793 534 822 ¹sententia
561 793 591 820 in
616 791 736 821 loaime
763 789 829 827 115,
854 791 900 826 41.
946 788 1037 819 Sicut
1068 787 1194 828 palmes

375 845 438 863 non
460 842 563 873 potest
588 832 728 863 fructum
747 831 833 862 serre
851 841 909 872 per
927 840 1005 861 sese
1022 830 1086 860 nisi
1106 840 1194 859 man-

375 877 450 905 serit
474 877 503 905 in
525 876 599 910 vite,
634 874 679 904 lta
700 884 760 903 nec
783 884 844 903 vos
869 880 929 903 etc.
968 872 1047 902 ltem
1066 872 1194 903 Sensus

374 918 482 947 carnis
507 927 595 947 mors
619 923 680 945 est.
725 916 809 950 Quia
828 916 912 945 enim
935 923 1099 954 personae
1117 919 1195 944 sunt

373 961 442 989 sine
462 960 576 989 timore
596 959 646 989 dei
667 965 695 988 et
717 958 846 988 fiducia.
881 957 957 987 ldeo
977 956 1073 986 etiam
1093 966 1194 994 opera

372 1001 491 1042 alioqui
527 1000 760 1031 honestissima
800 1010 863 1029 non
902 1005 976 1029 sunt
1008 998 1193 1028 obedientia

372 1054 450 1083 erga
480 1044 584 1074 deum.
640 1042 732 1072 Fiunt
766 1042 851 1072 enim
882 1052 955 1071 cmn
991 1040 1194 1070 dubitatione

372 1087 497 1116 etiamsi
523 1086 766 1124 sapientissime
791 1085 955 1123 disputant
982 1083 1022 1112 de
1047 1082 1110 1112 deo
1128 1081 1192 1112 Xe-

372 1126 521 1167 nophon,
547 1126 659 1164 Plato.
678 1126 807 1163 fieero.
831 1125 1031 1165 Pomponius
1049 1125 1192 1161 Atticus,

371 1178 476 1199 tamen
512 1170 659 1199 dubitant
695 1176 800 1199 utrum
837 1167 986 1208 placeant
1023 1167 1094 1196 deo.
1150 1165 1192 1196 Et

371 1218 458 1241 certe
489 1212 518 1241 in
555 1212 690 1241 summis
720 1210 956 1241 afflictionibus
986 1208 1128 1239 iudicant
1154 1218 1191 1237 se

371 1253 490 1294 negligi
522 1260 551 1283 et
587 1254 694 1283 deseri
733 1264 750 1283 a
787 1253 848 1282 deo
885 1251 1079 1292 praesertim
1117 1260 1190 1280 cum

369 1302 551 1336 agnoscunt
575 1295 717 1336 aliquam
739 1305 833 1325 suam
853 1293 996 1333 culpam,
1020 1303 1094 1323 qun
1117 1302 1190 1322 sen-

370 1339 448 1368 tiunt
470 1348 506 1368 se
528 1339 637 1378 urgeri
658 1338 779 1368 Iudicio
799 1337 860 1367 dei.
890 1335 963 1366 Etsi
983 1335 1067 1365 enim
1090 1334 1190 1364 habe-

367 1386 423 1410 ant
447 1381 592 1410 notitiam
619 1379 702 1420 legis
728 1380 768 1409 de
797 1379 859 1409 deo
885 1388 982 1419 quam
1011 1377 1107 1407 docet
1134 1375 1190 1406 lex

368 1421 545 1459 naturalis5
582 1431 687 1452 tamen
719 1422 865 1451 notitia..)
897 1418 1089 1461 Evangelii'
1124 1428 1190 1448 non

366 1464 500 1501 habent,
520 1465 605 1505 quod
627 1465 707 1495 deus
724 1464 826 1505 gratis
847 1463 987 1493 remittat
1006 1467 1189 1502 peccatum,

367 1507 454 1548 quod
484 1514 572 1537 certa
600 1508 639 1536 sit
665 1507 814 1537 remissio
840 1511 1070 1546 peccatormtr.
1101 1503 1189 1543 quod

367 1550 470 1590 gratis
490 1549 552 1579 deo
577 1548 738 1588 placeant.
784 1548 831 1578 lta
855 1548 917 1578 etsi
935 1544 1187 1582 Themistocles,

368 1591 489 1628 solon,
515 1591 652 1629 Fabius,
684 1590 794 1630 Scipio
827 1600 879 1619 res
907 1589 1066 1619 maximas
1089 1595 1188 1627 atque

367 1632 557 1664 utilissimas
577 1634 733 1664 universo
752 1632 917 1662 hominum
938 1630 1050 1672 generi
1069 1635 1187 1670 gerunt

368 1686 472 1707 tamen
497 1675 608 1716 polluit
637 1685 749 1705 [mutes
773 1674 834 1704 lias
858 1674 1005 1703 actiones
1029 1672 1187 1702 dubitatio

366 1721 406 1749 de
420 1717 585 1748 1011111134(-
598 1718 659 1747 dei.
688 1717 728 1747 Et
745 1717 771 1746 si
786 1718 1066 1756 interrogarentur
1079 1720 1187 1743 utrum

366 1761 486 1802 aliquid
506 1760 699 1789 incommodi
720 1770 759 1789 ac
778 1759 844 1789 vitii
864 1759 896 1787 in
916 1758 988 1787 istis
1006 1755 1186 1796 pulcherri-

368 1805 425 1833 mis
456 1802 710 1843 cogitationibus
741 1807 839 1841 atque
869 1799 1054 1830 actionibus
1085 1802 1185 1834 esset,

367 1852 455 1876 certe
467 1842 687 1885 agnoscerent.
705 1841 878 1883 pilumnum
892 1842 924 1871 in
944 1842 991 1871 eis
1012 1840 1079 1870 vitii
1098 1849 1185 1876 esse,

367 1888 454 1917 Sient
477 1893 614 1916 testatur
627 1885 803 1915 Simonidis
824 1884 944 1914 dietum
957 1883 999 1912 ad
1010 1882 1186 1912 Hieronem

368 1940 487 1970 regem.
530 1928 603 1962 Quo
627 1928 747 1958 diutius
771 1927 881 1967 cogito
904 1935 943 1955 eo
966 1925 1072 1954 minus
1095 1933 1186 1954 asse-

367 1982 460 2012 quor.
507 1970 584 2000 item
604 1969 687 2000 Cato
710 1969 916 2009 agnoscebat
939 1977 1031 1997 suam
1060 1966 1185 1997 dubita-

367 2016 485 2044 tionem
516 2023 587 2042 cum
612 2013 642 2041 in
667 2010 754 2042 bello
780 2011 901 2041 diceret
928 2019 1081 2050 magnam
1111 2017 1187 2038 esse

368 2056 600 2085 obscuritatem
625 2054 752 2083 divinae
771 2051 959 2083 voluntatis.
992 2051 1080 2091 quod
1104 2051 1184 2080 deus

368 2103 442 2127 :inte
460 2108 491 2126 m
517 2094 609 2126 malis·
640 2096 749 2125 causis
773 2093 889 2124 faverit
914 2093 1072 2133 Pompeio
1100 2102 1185 2122 nunc

368 2140 397 2167 i1.
418 2140 503 2168 bona
530 2138 670 2168 deserat.
711 2137 792 2168 Sunt
813 2137 910 2177 igitur
932 2136 1052 2165 vitiosa
1074 2134 1186 2175 impio-

370 2191 436 2210 rum
462 2180 600 2210 honesta
627 2190 742 2220 opera,
775 2178 815 2208 Et
840 2179 914 2219 quia
937 2186 1100 2218 personae
1130 2177 1185 2206 da-

368 2228 496 2252 nuiatae
537 2228 627 2259 sunt,
674 2228 702 2251 et
752 2221 827 2261 quia
867 2221 940 2260 ipsa
976 2230 1077 2260 opera
1115 2217 1186 2258 pol-

368 2264 499 2293 luuntur
523 2265 729 2293 intviioribns
754 2261 846 2293 malis
866 2262 1036 2292 affectibus
1060 2260 1187 2291 scilicet

368 2306 569 2335 dubitatione
598 2306 638 2336 de
669 2306 720 2336 dei
751 2303 933 2341 voluntate,
965 2310 995 2334 et
1025 2302 1184 2334 similibus

369 2347 453 2377 vitiis
480 2348 698 2378 interioribus.
745 2347 883 2378 Constat
909 2347 992 2376 enim
1016 2352 1185 2376 externum

368 2399 450 2427 opus
475 2390 678 2419 iudirandtnn
705 2400 780 2419 esse
804 2399 843 2419 ex
868 2389 1020 2419 interiore
1045 2389 1184 2418 actione.

368 2430 405 2459 Et
427 2438 516 2461 cerie
534 2442 617 2471 opus
637 2432 842 2472 quantumvis
856 2430 1029 2461 honestum
1050 2440 1115 2460 non
1135 2436 1185 2460 est

215 2526 261 2554 92)
287 2526 329 2549 Ms-
348 2531 402 2554 post
423 2525 480 2547 sint
500 2525 574 2548 habt-t
595 2530 680 2548 vocem
700 2523 821 2554 infirma
842 2526 1000 2555 expunctam.

1247 200 1430 231 obedientia
1445 210 1525 241 erga
1538 200 1644 235 deum,
1663 200 1691 229 si
1706 198 1759 229 fiat
1775 208 1848 229 cum
1864 199 2065 231 dubitatione

1247 248 1308 273 etc.
1360 242 1413 272 Ac
1442 243 1506 272 dixi
1535 242 1675 272 honesta
1704 251 1805 282 opera
1834 242 1952 272 vitiosa
1988 252 2065 273 esse

1246 291 1380 325 propter
1403 284 1635 315 dubitationem
1661 284 1701 313 dc
1726 281 1893 314 voluntate
1916 283 1977 314 dei.
2017 283 2064 315 lo-

1246 336 1329 366 quor
1357 326 1441 357 enim
1470 327 1510 356 de
1533 326 1667 356 summis
1691 326 1770 356 viris
1796 331 1826 355 et
1850 322 2064 358 ho'nestissi-

1246 368 1307 398 mis
1332 369 1534 405 actionibus,
1565 368 1606 398 de
1635 368 1844 407 inquisitione
1877 369 1928 399 dei
1963 375 1994 400 et
2025 369 2066 400 de

1246 410 1479 441 constitutione
1505 421 1611 441 rerum
1636 408 1850 450 publicariun.
1884 420 1967 450 quae
1989 418 2066 442 sunt

1246 452 1310 483 duo
1329 451 1548 492 pulcherrima
1568 459 1596 483 et
1618 453 1738 492 optima
1754 462 1878 492 genera
1889 453 2063 484 actionum.

1244 493 1354 534 Magis
1373 502 1486 534 aperte
1505 495 1623 526 vitiosa
1642 501 1718 525 sunt
1737 504 1821 535 quae
1841 502 1972 527 constat
1993 505 2064 526 sus-

1247 537 1309 576 cipi
1348 543 1482 576 propter
1516 542 1635 567 metum
1674 546 1801 576 poenae
1842 545 1897 569 aut,
1930 544 2065 579 propter

1246 577 1396 618 gloriam.
1407 581 1451 617 ⁹³²)

1289 620 1357 650 Sed
1379 620 1431 650 hic
1455 622 1552 652 obiici
1575 627 1694 661 potest.
1740 622 1775 653 Si
1799 621 1940 653 honesta
1963 632 2066 662 opera

1246 668 1321 692 sunt
1340 669 1487 701 peccata,
1511 674 1667 703 quorsum
1689 664 1787 705 igitur
1806 665 1942 703 prodest
1961 675 2000 695 ea
2018 663 2065 695 sa-

1247 705 1342 734 cere?
1381 704 1460 734 Item
1481 715 1539 735 cur
1560 706 1720 745 praecipit
1742 716 1780 736 ea
1799 707 1879 736 deus
1904 717 1976 737 cum
1998 716 2065 736 non

1246 747 1405 785 approbet
1434 747 1625 786 peccatum?
1666 748 1756 778 luxta
1780 747 1859 779 illud
1881 748 1956 779 Non
1983 749 2064 779 deus

1246 787 1363 818 volens
1381 789 1577 828 impietatem
1601 794 1635 819 tu
1658 798 1705 820 es.
1733 789 1932 830 Responsio.
1960 790 2065 821 Nobis

1246 829 1353 860 facilis
1377 836 1427 860 est
1451 831 1635 870 responsio.
1675 831 1771 862 Adde
1795 833 1879 862 enim
1904 832 2000 863 fidem
2023 832 2066 863 ad

1244 871 1330 902 hanc
1353 871 1559 912 disciplinam
1579 878 1656 903 tunc
1674 872 1817 913 placebit.
1840 875 1914 911 deo,
1939 875 2065 905 etiamsi

1244 924 1280 944 re
1292 924 1371 944 vera
1382 920 1433 944 est
1446 913 1637 954 imperfecta
1651 915 1849 952 obedientia,
1868 917 1951 946 sicut
1965 926 2066 955 supra

1244 956 1320 986 dixi.
1358 956 1441 990 Quia
1459 966 1604 996 persona
1621 956 1740 996 placet.
1784 957 1826 987 Et
1849 956 1932 988 haec
1954 958 2064 988 obedi-

1244 998 1331 1028 entia
1354 998 1452 1029 habet,
1472 999 1503 1028 in
1520 997 1571 1028 his
1592 1000 1645 1039 qui
1668 1009 1746 1030 vere
1766 1000 1903 1030 credunt
1920 1000 2066 1039 praemia

1244 1039 1430 1080 corporalia
1452 1047 1482 1071 et
1506 1040 1688 1080 spiritualia
1711 1042 1741 1071 in
1765 1041 1827 1072 hac
1852 1042 1915 1071 vita
1939 1048 1972 1072 et
1988 1047 2065 1082 post

1243 1082 1329 1112 hanc
1348 1083 1457 1113 vitam.
1489 1082 1611 1123 881194)
1632 1083 1672 1113 (18
1686 1084 1791 1122 impiis
1805 1084 1981 1123 quaeritur,
2001 1083 2064 1115 boc

1243 1125 1439 1164 respondeo.
1475 1124 1547 1154 Nos
1571 1135 1636 1155 non
1660 1135 1735 1155 esse
1758 1126 1902 1162 Stoicos,
1927 1127 1980 1166 qui
1999 1126 2063 1156 dis-

1242 1167 1401 1207 putabant
1421 1167 1529 1197 onmia
1545 1174 1683 1206 peccata
1697 1168 1787 1206 paria
1806 1177 1892 1204 esse,
1916 1168 1977 1197 sed
1990 1166 2063 1207 plus

1241 1215 1355 1249 peccat
1375 1208 1464 1238 Nero
1487 1219 1584 1249 quam
1604 1209 1802 1249 Pomponius
1821 1210 1962 1240 Atticus.
1991 1209 2064 1240 Etsi

1242 1251 1293 1280 dei
1315 1251 1468 1281 iudicium
1491 1258 1540 1281 est
1565 1256 1705 1291 quantus
1724 1252 1847 1291 gradus
1871 1252 1913 1281 sit
1932 1252 2062 1282 interio-

1241 1294 1288 1323 ris
1311 1293 1388 1323 vitii.
1408 1293 1497 1332 quod
1516 1300 1606 1323 certe
1625 1303 1691 1323 non
1714 1294 1809 1323 debet
1829 1294 1995 1323 extenuari
2020 1293 2063 1323 Et

1240 1341 1349 1365 tamen
1372 1335 1508 1375 requirit
1532 1335 1612 1365 deus
1638 1341 1773 1365 externa
1795 1334 1935 1365 honesta
1960 1344 2063 1375 opera

1241 1386 1324 1417 quae
1343 1383 1505 1407 vocantur
1528 1375 1611 1417 legis
1636 1387 1747 1417 opera.
1783 1376 1932 1417 Requirit
1953 1382 2062 1408 autem

1241 1426 1272 1449 et
1294 1424 1431 1459 propter
1449 1418 1716 1459 tranquillitatem
1738 1417 1904 1449 hominum
1921 1420 2005 1449 inter
2023 1429 2061 1449 se

1240 1468 1271 1491 et
1289 1467 1426 1501 propter
1449 1460 1672 1500 disciplinam,
1698 1460 1762 1490 hoc
1786 1467 1854 1498 est,
1879 1466 1915 1491 ut
1938 1461 2061 1492 institui

1239 1514 1279 1534 ac
1310 1503 1423 1533 doceri
1452 1503 1602 1533 homines
1633 1503 1674 1533 de
1705 1501 1887 1543 Evangelio
1920 1503 2059 1542 possint.

1239 1545 1329 1575 Sicut
1356 1546 1399 1575 ait
1429 1543 1551 1575 Paulus
1582 1544 1705 1583 [Galat.
1730 1544 1761 1581 3,
1785 1545 1865 1582 24.].
1912 1544 1981 1575 Lex
2009 1550 2062 1575 est

1238 1587 1465 1627 paedagogus.
1509 1586 1551 1617 Et
1581 1585 1666 1617 hanc
1690 1585 1933 1627 paedagogiani
1965 1591 2061 1617 ornat

1239 1630 1320 1659 deus
1334 1629 1476 1669 egregiis
1488 1629 1641 1669 praemiis
1657 1628 1898 1667 corporalibus,
1917 1634 1949 1659 et
1962 1637 2060 1659 econ-

1238 1678 1288 1701 tra
1310 1670 1532 1702 Violationem
1560 1670 1645 1711 legis
1670 1676 1838 1700 externam
1865 1671 1957 1710 punit
1985 1680 2060 1711 gra-

1239 1714 1334 1743 vibus
1347 1714 1463 1752 poenis
1477 1711 1715 1752 corpora'libus
1728 1719 1759 1742 et
1771 1713 1925 1743 aeternis.
1948 1712 2058 1746 Quare

1237 1755 1373 1795 prodest
1386 1754 1472 1785 hanc
1484 1755 1723 1795 paedagogiam
1733 1753 1946 1794 amplificare,
1965 1760 1997 1784 et
2014 1754 2060 1784 di-

1237 1797 1376 1837 ligenter
1389 1797 1510 1827 docere
1522 1796 1671 1827 homines
1686 1802 1720 1826 ut
1742 1802 1888 1826 statuant
1905 1796 2059 1826 divinitus

1238 1846 1270 1869 et
1287 1839 1432 1878 praemia
1451 1849 1511 1879 pro
1530 1845 1622 1869 recte
1637 1837 1734 1869 factis
1749 1844 1779 1868 et
1792 1847 1918 1877 poenas
1931 1848 1991 1876 pro
2004 1837 2059 1867 de-

1236 1880 1323 1912 lictis
1355 1882 1544 1920 propositas
1579 1890 1665 1911 esse.
1712 1879 1813 1920 quue
1847 1879 1942 1910 docet
1977 1879 2058 1910 scri-

1236 1930 1332 1963 ptura
1353 1924 1384 1952 in
1403 1923 1475 1962 ips»
1496 1922 1657 1963 decalogo
1674 1922 1714 1952 de
1725 1922 1888 1961 praemiis.
1923 1921 2057 1952 Honora

1236 1971 1362 2005 patrem
1385 1971 1416 1994 et
1440 1972 1575 1995 matrem
1593 1971 1628 1995 ut
1645 1970 1708 1994 etc.
1753 1963 1805 1993 De
1824 1973 1929 2003 poena
1952 1964 2057 2003 periu-

1237 2008 1274 2037 rii
1297 2007 1374 2037 dicit
1398 2006 1434 2036 In
1457 2007 1486 2036 2.
1507 2012 1695 2047 praecepto.
1730 2005 1805 2035 Non
1824 2006 1956 2036 habebit
1976 2005 2057 2036 deus

1237 2050 1399 2079 insontem
1424 2054 1486 2079 etc.
1531 2048 1611 2078 ltem
1637 2048 1678 2078 de
1706 2049 1822 2087 poenis
1853 2048 1948 2078 docet
1977 2058 2057 2088 quo-

1236 2092 1298 2122 ties
1334 2091 1374 2121 de
1408 2091 1603 2131 magistratu
1637 2089 1790 2130 loquitur.
1847 2089 1943 2121 Hunc
1973 2090 2057 2120 enim

1238 2133 1403 2165 constituit
1428 2133 1519 2170 deus,
1538 2140 1571 2163 ut
1592 2131 1795 2171 disciplinam
1815 2132 1952 2162 retineat
1973 2132 2057 2162 inter

1236 2176 1384 2206 homines
1408 2181 1438 2205 et
1462 2185 1521 2214 per
1544 2185 1615 2205 eum
1635 2176 1747 2214 puniat
1756 2176 1800 2204 951
1819 2174 1951 2215 flagitia.
1992 2173 2056 2204 Pu-

1236 2219 1283 2248 nit
1306 2219 1401 2248 etiam
1421 2217 1492 2248 sine
1516 2228 1627 2248 eorum
1651 2227 1751 2257 opera
1773 2215 1846 2247 aliis
1866 2215 2056 2247 calamitati-

1237 2262 1315 2298 bus,
1345 2260 1431 2291 sicut
1453 2259 1699 2290 maledictiones
1728 2261 1760 2290 in
1784 2258 1858 2300 lege
1883 2264 2056 2296 testantur,

1237 2389 1283 2417 93)
1308 2388 1360 2413 Huc
1379 2394 1459 2417 usque
1479 2387 1536 2412 inde
1556 2394 1570 2411 a
1589 2387 1632 2412 sol.
1652 2386 1694 2417 37,
1713 2388 1734 2411 b.
1754 2387 1798 2412 Ms.
1822 2386 1854 2410 ab
1873 2385 1945 2410 Editt.
1965 2385 2050 2411 differt
2075 2385 2146 2416 (vide
2164 2391 2209 2411 uo-

1306 2424 1358 2446 tam
1378 2422 1446 2450 91.);
1466 2421 1598 2451 sequentia
1618 2427 1674 2445 cum
1694 2420 1765 2445 Editt.
1784 2420 1952 2444 consentiunt.

1237 2472 1283 2502 94)
1309 2472 1370 2502 Sed]
1388 2472 1460 2496 Editt.
1479 2471 1591 2496 addunt:
1611 2472 1630 2496 si
1650 2469 1742 2501 (male
1760 2470 1902 2493 omissum
1921 2470 1951 2493 in
1971 2468 2044 2499 Mc.)

1238 2523 1284 2551 95)
1309 2527 1355 2552 per
1373 2528 1431 2546 eum
1451 2522 1549 2552 puniat]
1569 2522 1655 2546 mitt-2
1674 2527 1719 2551 per
1738 2526 1780 2545 eos
1800 2520 1869 2550 punit

2101 329 2141 359 33,
2158 329 2182 354 b.

2094 1720 2134 1747 39.

2155 1724 2180 1743 a.
