2358 2933
111 116 174 148 513

113 217 260 240 catorum
282 208 334 238 his
358 207 533 247 operibus,
561 216 620 237 seu
645 206 733 246 quod
762 206 827 236 sint
855 205 977 235 iustitia
1000 204 1091 235 Chri-

113 253 239 288 stiana,
269 260 330 280 seu
357 249 443 289 quod
471 248 564 279 Deus
596 249 739 288 requirat
761 247 845 278 haec
874 257 992 287 opera,
1026 256 1091 276 non

112 299 246 335 propter
267 290 433 332 politicum
452 290 567 328 finem,
597 291 657 320 sed
679 296 804 320 tantum
825 295 861 320 ut
886 287 943 319 tali
965 288 1092 318 honore

114 335 286 367 afficiatur.
339 333 433 363 Hanc
464 333 650 372 opinionem
683 331 892 371 reprehendit
926 330 1092 367 Christus,

115 388 188 408 cum
210 376 312 416 inquit
336 374 465 414 [Matth.
483 375 534 411 15,
545 374 607 413 9.]:
631 374 767 404 Frustra
791 372 903 404 colunt
926 383 977 403 me
1002 383 1092 402 man-

115 419 199 450 datis
223 418 400 448 hominum.
445 417 488 448 Et
511 417 660 448 obruitur
683 416 831 446 doctrina
854 416 895 445 de
918 415 994 452 fide,
1018 424 1092 445 cum

114 459 316 492 transferunt
343 459 492 491 homines
522 458 716 490 beneficium
739 457 861 488 Christi
884 458 917 487 in
943 456 1004 487 has
1028 462 1091 486 tra-

115 504 265 534 ditiones.
310 502 402 532 Haec
433 511 554 532 caussa
582 507 633 531 est
662 500 857 540 praecipua,
886 509 946 530 cur
967 497 1091 529 Paulus

114 552 181 576 tam
207 543 420 575 vehementer
450 544 664 575 concionetur
693 542 856 572 adversus
886 542 1091 571 ceremonias

115 587 281 618 Mosaicas
301 593 332 616 et
355 586 547 616 traditiones
575 583 748 621 humanas,
771 582 941 619 videlicet,
970 593 1012 613 ne
1036 584 1092 613 ob-

115 635 306 660 scuraretur
328 627 521 658 beneficium
546 626 676 663 Christi,
701 626 761 656 sed
784 630 910 656 extaret
932 626 965 655 in
976 624 1092 655 Eccle-

116 672 165 701 sia
186 670 269 701 haec
293 670 475 706 sententia,
506 669 609 710 gratis
628 669 743 699 donari
765 669 993 698 remissionem
1016 678 1093 708 pec-

117 719 264 744 catorum
273 719 410 752 propter
422 710 602 748 Christum,
625 720 762 751 eamque
785 709 849 741 fide
869 711 1094 749 accipiendam

116 764 208 791 esse,
239 760 271 784 et
299 754 503 794 pronuntiari
526 763 589 783 nos
618 754 724 784 iustos
752 758 888 793 propter
915 752 1092 788 Christum,

116 807 183 827 non
205 802 340 836 propter
362 796 555 826 traditiones
578 802 635 826 aut
659 795 874 826 ceremonias.
910 794 1000 831 Item,
1024 795 1094 825 reri

117 837 224 870 cultus
253 844 330 868 sunt
360 837 564 878 spirituales:
601 837 727 874 Timor,
761 836 862 874 fides,
896 836 1027 868 dilectio
1063 842 1095 867 et

115 878 243 921 reliqua
266 890 367 920 opera
390 890 409 910 a
432 880 506 910 Deo
530 880 694 910 mandata.

203 930 376 961 Secundus
391 940 496 966 error,
521 931 574 970 qui
598 930 711 960 haeret
733 930 765 959 in
789 930 1031 966 traditionibus,
1054 938 1095 959 ex

116 972 225 1013 priore
254 978 351 1003 natus
382 979 447 1002 est:
481 972 660 1003 Finxerunt
687 972 878 1002 traditiones
912 970 985 1001 illas
1020 980 1096 1001 esse

115 1013 360 1054 perfectionem.
406 1014 480 1044 Hoc
503 1013 605 1044 multo
629 1014 900 1044 absurdissimum
924 1020 985 1050 est,
1008 1019 1096 1043 ante-

115 1055 202 1086 ferre
220 1056 381 1086 humanas
404 1056 595 1086 traditiones
618 1056 685 1096 legi
714 1056 790 1093 Dei,
814 1067 888 1086 cum
912 1055 1096 1086 obedientia

116 1099 158 1129 sit
179 1096 338 1138 perfectio
362 1096 447 1139 legis
466 1098 606 1128 divinae.

199 1147 330 1178 Tertius
354 1157 448 1177 error
470 1153 520 1177 cst
542 1148 583 1178 de
612 1149 831 1184 necessitate,
862 1154 979 1188 estque
1009 1160 1096 1177 κακο-

114 1191 197 1228 ζηλία
220 1188 304 1230 legis
328 1189 507 1220 Mosaicae.
558 1189 643 1224 Quia
678 1190 763 1220 enim
794 1190 948 1220 videbant
970 1190 1003 1219 in
1021 1188 1096 1229 lege

112 1231 224 1272 Moysi
236 1230 373 1261 multum
382 1229 486 1262 fuisse
494 1231 764 1268 ceremoniarum,
777 1233 985 1262 somniabant
999 1233 1096 1262 etiam

113 1272 289 1314 Evangelii
316 1279 465 1312 tempore
500 1272 623 1303 similes
658 1274 862 1304 ceremonias
894 1284 971 1304 esse
998 1284 1095 1314 opor-

114 1321 195 1352 tere,
219 1321 251 1345 et
273 1313 474 1355 affingebant
509 1315 607 1346 fidem
635 1317 707 1346 sine
730 1315 793 1346 illis
823 1316 1017 1347 ceremoniis
1047 1317 1095 1346 in-

113 1357 227 1389 utilem
255 1367 349 1393 esse,
379 1363 410 1387 et
443 1356 592 1388 homines
621 1364 757 1398 propter
787 1360 992 1389 ceremonias
1017 1368 1094 1389 esse

113 1400 230 1430 iustos.
260 1399 307 1429 Ita
330 1400 602 1440 imaginabantur,
627 1399 912 1432 Christianismum
937 1411 1013 1431 esse
1036 1401 1095 1431 hu-

114 1442 254 1472 iusmodi
271 1447 441 1472 externam
460 1441 616 1482 politiam,
640 1443 724 1473 sicut
744 1441 802 1473 fuit
815 1443 973 1474 Levitica.
1003 1443 1094 1474 Haec

115 1484 243 1514 somnia
264 1484 341 1514 inde
365 1489 436 1513 orta
459 1490 554 1521 sunt,
577 1485 653 1525 quia
675 1495 738 1515 nec
761 1486 943 1516 doctrinam
967 1486 1007 1515 de
1031 1485 1095 1515 fide

116 1525 247 1562 Christi,
269 1535 331 1555 nec
354 1536 451 1556 usum
473 1527 734 1557 ceremoniarum
754 1527 839 1568 legis
858 1534 949 1559 recte
967 1527 1095 1558 intelle-

114 1573 242 1599 xerunt.
288 1567 359 1597 Etsi
384 1568 469 1598 enim
491 1569 523 1598 in
546 1567 622 1609 lege
644 1579 784 1600 necesse
806 1568 866 1600 fuit
885 1580 1021 1600 servare
1044 1579 1096 1600 ce-

115 1610 279 1640 remonias
309 1615 444 1649 propter
477 1611 665 1641 mandatum
693 1611 775 1648 Dei,
810 1618 919 1642 tamen
953 1611 1011 1642 suit
1047 1613 1095 1642 eis

115 1662 200 1692 opus
218 1651 282 1682 alia
305 1652 445 1692 quadam
470 1651 629 1692 spirituali
652 1653 774 1684 iustitia
798 1664 908 1684 coram
933 1654 1027 1691 Deo,
1049 1655 1096 1684 vi-

115 1692 252 1731 delicet,
280 1693 360 1723 Fide
382 1695 510 1724 venturi
533 1694 655 1725 Christi
680 1701 741 1726 etc..
787 1695 828 1726 Et
857 1696 950 1727 Deus
980 1695 1096 1727 Eccle-

114 1737 197 1766 siam
218 1741 334 1776 postea
356 1746 423 1766 non
446 1735 548 1766 voluit
571 1738 700 1767 onerari
724 1736 780 1767 tali
804 1740 970 1769 servitute.
1003 1739 1095 1770 Sicut

114 1779 158 1809 ait
177 1777 295 1808 Petrus
320 1778 407 1815 [Act.
424 1778 473 1815 15,
494 1778 576 1817 10.]:
601 1779 685 1814 Quid
709 1781 841 1810 tentatis
865 1780 973 1811 Deum
995 1782 1096 1822 impo-

114 1825 231 1851 nentes
253 1821 363 1860 iugum
387 1826 450 1851 etc.
486 1821 564 1851 Item
589 1822 700 1852 docuit
722 1832 859 1863 regnum
873 1822 994 1854 Christi
1018 1834 1095 1855 esse

114 1863 213 1893 vitam
237 1868 267 1893 et
290 1863 443 1893 iustitiam
466 1863 676 1903 spiritualem.

201 1912 346 1947 Quartus
377 1923 469 1943 error
499 1920 548 1944 est
579 1915 620 1945 de
649 1920 813 1955 potestate
843 1914 1093 1957 Episcoporum,

115 1955 169 1996 qui
193 1955 384 1985 traditiones
415 1956 560 1987 condunt
583 1967 642 1997 per
664 1958 948 1997 superstitionem,
979 1966 1008 1990 et
1039 1960 1093 1990 de-

113 1997 251 2028 fendunt
274 2008 418 2035 errores,
442 2008 525 2039 quos
548 2000 694 2030 recitavi.
740 2000 819 2030 Item
843 2001 896 2041 qui
918 2008 1031 2042 putant
1055 2012 1093 2032 se

113 2039 237 2070 habere
260 2040 467 2071 autoritatem
491 2042 678 2072 onerandae
691 2041 878 2080 Ecclesiae,
902 2044 947 2074 ita
964 2051 998 2075 ut
1017 2054 1092 2084 pec-

116 2087 190 2112 cent
209 2091 342 2119 omneS,
365 2083 419 2122 qni
442 2082 565 2113 violant
589 2085 797 2122 traditiones,
821 2086 916 2118 etiam
942 2097 1015 2117 cum
1038 2097 1092 2118 ex-

113 2131 166 2154 tra
188 2123 337 2154 scandali
359 2134 472 2155 casum
496 2126 654 2156 omittant.
670 2128 714 2163 73)

201 2173 341 2209 Quintus
372 2185 465 2205 error
494 2176 596 2206 oritur
623 2187 663 2207 ex
687 2178 838 2218 opinione
868 2180 1092 2210 necessitatis:

116 2216 346 2248 Conscientiae
369 2217 455 2248 male
480 2219 684 2256 cruciantur,
715 2226 747 2250 et.
777 2221 913 2262 imperiti
937 2222 1091 2253 damnant

114 2258 284 2290 Ecclesias
308 2266 442 2300 propter
465 2261 756 2293 dissimilitudinem
780 2265 1004 2300 traditionum;
1028 2276 1091 2305 qua

115 2312 155 2332 ex
178 2312 213 2332 re
239 2302 387 2333 oriuntur
411 2303 596 2334 discordiae
626 2304 658 2334 in
681 2303 845 2336 Ecclesia.
890 2307 948 2337 His
972 2308 1091 2338 errori-

115 2344 177 2374 bus
201 2345 442 2375 adversandmn
467 2352 527 2383 est,
550 2352 585 2376 ut
608 2357 690 2387 pura
715 2347 864 2379 doctrina
887 2350 928 2379 de
951 2349 1026 2387 fide,
1050 2350 1091 2381 de

88 2391 95 2399 ¹
116 2386 202 2416 veris
217 2385 370 2425 cultibus,
395 2388 434 2418 de
449 2387 538 2419 cultu
561 2388 720 2429 spirituali
744 2397 970 2429 conservetur,
995 2398 1027 2422 et
1049 2402 1091 2423 ne

116 2530 160 2559 73)
178 2531 312 2561 omittant]
333 2531 405 2556 Editt.
423 2533 445 2554 8.
467 2532 574 2555 11—13.
594 2534 619 2557 61
639 2532 711 2563 opu:
731 2533 856 2557 omittunt.

318 2589 463 2608 uELANTu.
479 2590 559 2608 OPER.
575 2590 638 2610 von
654 2590 709 2607 xxi.

562 114 585 144 1.
608 113 711 145 LOCl
733 112 1009 144 THEOLOGICI:
1033 112 1069 144 C.
1094 112 1304 144 SECUNDA
1321 111 1479 142 EORUM
1502 111 1658 142 AETAS.

2051 109 2115 139 514

1112 205 1114 208 ’
1135 205 1345 235 conscientiis
1375 204 1559 234 iniiciantur
1581 202 1708 243 laquei,
1737 212 1820 232 neve
1851 201 2029 232 concordia
2051 200 2113 230 Ec-

1136 245 1312 276 clesiarum
1335 246 1407 276 sine
1431 256 1551 276 caussa
1574 246 1794 286 perturbetur.

1220 288 1370 319 Necesse
1401 294 1450 318 est
1479 295 1589 318 autem
1620 287 1761 317 abiicere
1791 284 1894 316 malas
1927 284 2116 325 opiniones;

1134 331 1197 370 ipsi
1220 340 1298 360 vero
1322 340 1431 360 mores
1461 340 1570 360 rerum
1599 328 1848 359 indifferentium
1877 327 2010 357 retineri
2038 335 2115 366 pos-

1135 378 1223 408 sunt,
1248 378 1279 402 et
1292 382 1404 402 earum
1415 381 1511 402 usum
1524 371 1685 401 moderari
1699 370 1841 401 charitas
1855 370 1963 400 debet.
1987 368 2116 398 Deinde

1137 424 1211 444 cum
1234 413 1398 454 aliquibus
1424 414 1618 444 ceremoniis
1642 423 1680 443 ac
1703 413 1818 442 ritibus
1841 417 1975 451 propter
1995 412 2118 441 bonum

1137 456 1286 486 ordinem
1309 465 1393 495 opus
1417 456 1470 492 sit,
1495 455 1696 485 commodius
1720 460 1771 484 est
1794 455 1934 484 retinere
1964 453 2118 489 usitatoS,

1137 498 1191 538 qui
1206 500 1251 537 7⁴)
1276 497 1356 528 nihil
1379 497 1501 528 habent
1524 497 1707 537 impietatis.
1752 495 1835 525 Nam
1865 496 1999 525 mutatio
2022 504 2117 534 prae-

1137 540 1248 570 sertim
1280 550 1345 570 non
1379 539 1570 570 necessaria
1600 537 1775 568 multorum
1808 538 1936 567 animos
1972 535 2118 567 offendit.

1138 581 1249 612 Satius
1274 588 1324 612 est
1347 588 1458 612 autem
1482 579 1658 611 conciliare
1682 586 1713 610 et
1737 579 1827 609 alere
1850 585 1995 609 mutuam
2020 579 2118 608 bene-

1137 623 1315 654 volentiam
1348 624 1379 653 in
1413 622 1577 653 Ecclesia.
1629 623 1696 653 Sed
1727 632 1792 652 non
1827 627 1903 652 sunt
1932 619 2118 657 damnandi,

1139 667 1194 706 qui
1216 665 1344 706 aliquos
1364 664 1495 696 inutiles
1513 665 1595 695 ritus
1608 665 1775 701 abiiciunt,
1799 664 1992 703 praesertim
2013 672 2119 693 exem-

1138 707 1183 749 pli
1207 718 1339 738 caussa.
1386 707 1478 737 Sicut
1512 713 1541 737 et
1577 706 1702 738 Paulus
1738 704 1826 744 [Gal.
1850 705 1881 742 2,
1902 705 1947 743 3.]
1978 702 2121 744 exempli

1140 761 1261 781 caussa
1273 748 1376 780 noluit
1388 749 1495 779 Titum
1519 749 1717 779 circumcidi.
1753 748 1927 783 Quomodo
1951 753 2059 778 autem
2078 747 2123 778 sit

1138 792 1292 823 habenda
1315 790 1464 822 scandali
1486 793 1580 828 ratio,
1603 790 1702 830 paulo
1726 797 1802 830 post
1827 790 1943 820 dicam.

1225 834 1330 865 Porro
1353 844 1494 864 necesse
1517 840 1569 864 est
1591 834 1624 864 in
1647 832 1799 864 Ecclesia
1824 832 1955 863 retineri
1966 833 2008 869 ⁷⁵)
2032 831 2120 864 hanc

1140 878 1323 908 doctrinam
1347 877 1387 907 de
1410 875 1579 906 libertate:
1603 876 1691 916 quod
1714 876 1906 906 traditiones
1926 886 2033 916 neque
2056 877 2122 906 sint

1139 920 1261 950 iustitia
1277 929 1389 949 coram
1401 918 1487 956 Deo,
1511 928 1618 959 neque
1642 919 1684 948 sit
1703 925 1877 958 peccatum
1901 928 1958 948 eas
1972 919 2121 949 omittere

1141 968 1235 993 extra
1266 971 1380 992 casum
1407 960 1567 991 scandali.
1613 960 1714 1001 idque
1744 962 1885 1000 probant
1915 960 1998 991 haec
2029 961 2120 991 testi·

1140 1004 1259 1034 monia.
1312 1002 1444 1034 Coloss.
1464 1003 1494 1032 ἱ).
1525 1006 1589 1041 [vs.
1611 1002 1676 1041 16.]
1707 1002 1812 1033 Nemo
1841 1003 1963 1034 iudicet
1992 1013 2053 1034 vos
2088 1004 2122 1033 iu

1142 1047 1235 1083 cibo,
1258 1051 1355 1086 potu,
1379 1045 1518 1075 sabbato
1538 1052 1601 1075 etc.
1646 1045 1724 1075 Item
1750 1045 1840 1083 [ibid.
1859 1044 1963 1075 vs.20
1975 1048 2060 1086 sq.]:
2085 1045 2122 1076 Si

1141 1089 1259 1118 mortui
1281 1088 1363 1118 estis
1387 1098 1461 1118 cum
1473 1086 1606 1118 Christo
1629 1088 1670 1117 ab
1690 1086 1857 1117 elementis
1876 1088 1997 1124 mundi,
2021 1098 2123 1128 quare

1140 1137 1296 1170 tanquam
1319 1130 1468 1160 viventes
1492 1130 1613 1160 mundo
1633 1130 1765 1160 decreta
1789 1128 1921 1160 facitis?
1952 1130 2003 1160 Ne
2025 1130 2121 1160 attin-

1141 1182 1218 1213 gas,
1248 1181 1290 1202 ne
1318 1177 1504 1202 contrectes
1533 1178 1595 1203 etc.
1641 1172 1717 1202 Act.
1740 1172 1789 1202 15.
1815 1175 1878 1210 [vs.
1900 1172 1962 1212 10.]
1991 1172 2034 1202 ait
2060 1171 2121 1202 Pe-

1140 1222 1227 1245 trus:
1253 1213 1363 1248 Quare
1394 1215 1524 1244 tentatis
1550 1214 1655 1245 Deum
1684 1214 1888 1255 imponentes
1917 1216 2028 1256 iugum
2057 1222 2120 1247 etc.

1142 1255 1214 1287 Gal.
1227 1256 1258 1286 5.
1284 1259 1348 1294 [vs.
1371 1256 1436 1294 la]
1461 1256 1496 1286 In
1519 1256 1687 1294 libertate,
1719 1268 1782 1298 qua
1803 1257 1955 1288 Christus
1978 1268 2040 1289 vos
2064 1268 2121 1289 vo-

1140 1299 1302 1339 cavit,⁷‘⁵)
1327 1304 1433 1336 state,
1468 1305 1499 1329 et
1523 1309 1565 1329 ne
1588 1300 1704 1330 iterum
1728 1301 1806 1340 iugo
1830 1301 1997 1331 servitutis
2021 1301 2121 1331 subii-

1141 1341 1280 1372 ciamini.
1325 1341 1424 1372 Vetat
1449 1342 1533 1371 enini
1558 1352 1696 1372 onerare
1721 1343 1942 1373 conscientias
1966 1341 2030 1373 hac
2054 1343 2121 1385 opi-

1139 1384 1247 1420 nione,
1271 1384 1360 1424 quod
1375 1384 1567 1414 traditiones
1581 1384 1744 1416 humanae
1762 1387 1806 1417 ita
1819 1387 2031 1418 necessariae
2044 1386 2120 1426 sint,

1140 1427 1226 1456 sicut
1249 1426 1390 1457 ludaeos
1419 1428 1592 1466 oportebat
1623 1437 1757 1458 servare
1788 1439 1866 1459 suas
1901 1431 2119 1460 ceremonias.

1139 1467 1234 1498 Hanc
1255 1467 1440 1499 libertatem
1464 1479 1571 1510 neque
1595 1470 1715 1500 debent
1738 1480 1844 1512 neque
1865 1478 2005 1511 possunt
2023 1473 2119 1503 abro-

1141 1520 1220 1551 gare
1242 1511 1413 1548 Pastores,
1436 1518 1487 1542 est
1511 1513 1595 1542 enim
1618 1513 1778 1543 ordinatio
1803 1514 1921 1544 diw'na.
1969 1513 2119 1545 Christus

1139 1552 1254 1593 Matth.
1276 1553 1326 1583 15.
1350 1559 1485 1584 excusat
1508 1553 1694 1594 Apostolos
1725 1554 1887 1587 violantes
1916 1557 2119 1595 traditiones,

1141 1601 1173 1626 et
1204 1596 1309 1626 addit:
1343 1596 1479 1627 frustra
1514 1595 1626 1628 colunt
1660 1608 1711 1627 me
1746 1599 1908 1629 mandatis
1942 1598 2118 1630 hominum.

1140 1638 1237 1675 116111,
1262 1638 1367 1668 Omne
1390 1639 1478 1679 quod
1501 1640 1597 1670 intrat
1622 1640 1653 1669 in
1678 1650 1735 1677 os,
1759 1650 1825 1670 non
1850 1642 2039 1682 coinquinat
2061 1641 2118 1673 ho-

1140 1680 1270 1710 minem.
1315 1680 1363 1711 Ita
1393 1686 1567 1722 utrumque
1597 1681 1839 1723 complectitur,
1870 1690 1967 1724 negat
1998 1683 2118 1722 cultus,

1140 1722 1172 1751 id
1196 1728 1261 1759 est,
1291 1723 1431 1753 iustitias
1463 1733 1557 1760 esse,
1580 1731 1678 1765 negat
1703 1725 1798 1756 etiam
1821 1725 1924 1766 pollui
1948 1728 2118 1759 conscien-

1139 1765 1213 1801 tias,
1237 1765 1265 1795 si
1288 1764 1463 1796 violentur.
1489 1766 1517 1796 1.
1537 1766 1618 1797 Tim.
1628 1768 1658 1797 4.
1674 1770 1754 1804 [vss.
1770 1768 1798 1797 1.
1812 1768 1856 1807 3.]
1873 1769 1996 1801 Paulus
2020 1779 2118 1803 vocat

1140 1807 1332 1837 traditiones
1356 1808 1396 1838 de
1419 1809 1501 1839 cibis
1525 1814 1555 1839 et
1579 1808 1714 1848 similes,
1739 1811 1906 1842 doctrinas
1930 1813 2119 1845 daemonio-

1139 1859 1226 1885 rum3
1256 1851 1308 1880 ubi
1330 1860 1398 1880 non
1427 1850 1579 1891 prohibet
1610 1853 1690 1883 certi
1713 1855 1844 1894 generis
1874 1856 2116 1894 abstinentiam,

1139 1901 1223 1931 quae
1248 1898 1297 1922 est
1318 1902 1373 1923 res
1397 1893 1597 1931 indifferens,
1625 1895 1685 1925 sed
1708 1895 1811 1926 malas
1836 1897 2006 1937 opiniones
2021 1922 2030 1936 ,
2052 1900 2115 1931 sci-

1137 1932 1215 1964 licet
1240 1935 1329 1975 quod
1352 1935 1418 1965 sint
1441 1936 1583 1967 iustitiae
1606 1943 1660 1967 aut
1684 1948 1738 1968 res
1758 1940 1980 1971 necessariae.

1392 2027 1453 2058 DE
1475 2029 1859 2062 MORTIFICATIONE.

1223 2102 1258 2134 Si
1278 2103 1386 2134 cultus
1408 2103 1551 2136 humana
1569 2105 1730 2137 electione
1753 2110 1899 2149 suscepti
1923 2117 1998 2141 sunt
2021 2111 2113 2142 inuti—

1136 2145 1206 2183 les,
1237 2146 1313 2186 quid
1338 2148 1543 2178 sentiendum
1573 2155 1623 2179 est
1649 2150 1689 2179 de
1711 2149 1895 2182 voluntaria
1917 2153 2112 2185 abstinentia

1137 2195 1167 2219 et
1202 2187 1362 2219 similibus
1393 2191 1579 2222 exercitiis?
1623 2191 1676 2222 Ad
1705 2191 1769 2223 hoc
1794 2195 1989 2233 respondeo·
2035 2195 2111 2226 Dis-

1137 2232 1225 2262 cerni
1257 2232 1375 2261 debent
1403 2232 1628 2271 mortificatio,
1658 2245 1755 2275 quam
1784 2236 1832 2266 sic
1854 2235 1978 2267 Paulus
2002 2244 2110 2275 vocat,

1136 2367 1181 2397 74)
1201 2367 1255 2397 qui]
1267 2367 1340 2391 Editt.
1360 2368 1383 2392 8.
1407 2368 1514 2391 11—13.
1533 2371 1557 2393 et
1577 2369 1652 2399 opu:
1671 2374 1795 2400 quatenus

1136 2418 1181 2448 75)
1200 2418 1316 2475 rettineri]
1334 2419 1370 2443 sir
1388 2419 1460 2444 Editt.
1479 2420 1502 2441 ⁶2.
1523 2419 1596 2442 6-8.
1618 2421 1724 2445 11—14.
1744 2423 1769 2445 et
1789 2422 1865 2452 opp.;
1892 2423 1962 2448 Editt.
1987 2425 2006 2446 1.
2019 2424 2109 2449 4.5.9.

1203 2457 1230 2475 re
1244 2457 1313 2475 inere

1135 2503 1180 2530 76)
1200 2501 1307 2532 vocavit]
1337 2502 1410 2526 Editt.
1432 2502 1454 2524 7.
1476 2504 1497 2525 Β,
1520 2504 1635 2525 11—14.
1662 2507 1687 2528 et
1711 2505 1785 2534 Onu:
1814 2505 1944 2537 liberavit,
1965 2508 2045 2537 (cons.
2067 2514 2106 2532 su-

1204 2541 1248 2565 pra
1268 2541 1291 2566 p.
1312 2536 1370 2560 463.
1390 2538 1449 2560 nota
1463 2537 1502 2561 68,
1523 2539 1547 2560 61
1567 2537 1657 2566 uma.
1676 2542 1735 2562 nota
1747 2539 1809 2567 73.).

1906 2593 1938 2616 33
