2358 2933
208 105 284 136 1027

204 199 450 239 hypocritarum
479 199 667 239 arrogantia
690 199 877 239 insignibus
901 199 1001 231 titulis
1025 210 1104 230 suas
1129 211 1180 231 ce·

205 241 367 272 remonias
390 241 566 271 ostentavit
589 246 621 271 ct
645 241 831 273 venditavit.

291 282 499 314 Mortificatio
522 282 687 323 significat
703 289 759 314 aut
783 284 971 323 patientiam
994 284 1178 315 mandatam

205 336 221 355 a
236 325 309 355 Deo
332 326 363 355 in
384 325 470 355 veris
495 323 677 362 doloribus,
696 335 799 356 sensu
822 327 891 357 irae
902 326 976 363 Dei,
999 328 1178 367 pavoribus

204 376 234 398 et
258 366 502 403 afflictionibus,
526 374 582 397 aut
605 369 851 408 temperantiam
863 368 1178 407 mandatamaDeo,

205 409 383 440 frenantem
408 409 622 448 cupiditates:
651 410 725 440 Non
745 410 908 452 significat
926 413 1179 453 ἐθελοθρησκείας

205 461 262 482 seu
286 452 489 482 ceremonias
513 453 694 483 accersitas
717 453 788 483 sine
810 454 963 484 mandato
987 453 1061 484 Dei.

290 493 342 524 De
374 495 484 534 priore
507 504 639 534 genere,
670 495 700 525 id
724 500 785 533 est,
809 497 849 526 de
871 495 1047 527 tolerantia
1069 498 1101 527 in
1124 506 1179 527 ve-

206 539 250 567 ris
284 534 451 567 doloribus
482 543 513 567 et
536 537 567 567 in
591 548 703 575 cruce,
736 537 880 579 loquitur
902 537 1024 569 Paulus
1046 538 1077 569 2.
1101 538 1179 570 Cor.

205 580 234 609 4.
260 583 320 616 [vs.
348 579 410 617 10.]
457 578 594 619 Semper
623 580 905 612 mortificationem
939 580 1070 612 Domini
1106 581 1179 612 lesu

205 623 235 652 in
259 631 399 661 corpore
430 619 717 661 circumferentes,
749 629 784 653 nt
813 630 845 654 et
867 624 934 654 vita
954 623 1030 654 lesu
1052 624 1083 654 in
1109 634 1180 654 cor-

204 674 283 704 pore
302 670 416 694 nostro
439 662 675 696 manifestetur.
705 664 885 696 Declarant
909 672 1017 697 autem
1040 676 1180 707 sequen-

204 707 248 737 tia
271 707 384 743 verba,
407 707 484 747 quid
507 713 604 738 vocet
626 707 1056 739 mortificationemChristi.
1090 709 1180 739 Sem-

203 758 280 789 per,
310 749 426 789 inquit,
450 758 512 779 nos
535 750 686 780 tiventes
710 751 740 781 in
765 757 903 781 mortem
926 751 1084 782 tradimur
1106 761 1180 791 pro-

204 798 277 831 pter
300 790 422 828 lesum,
445 798 478 821 ut
504 798 533 821 et
558 792 624 822 vita
648 791 723 823 Iesu
745 791 970 823 manifestetur
992 794 1025 823 in
1048 793 1179 824 mortali

205 843 303 864 carne
326 840 458 870 nostra,
492 834 524 863 id
548 840 614 871 est,
648 844 748 875 saepe
770 835 865 865 morti
890 835 1069 873 obiicimur,
1096 837 1180 876 rapi-

204 886 275 906 mur
297 875 338 905 ad
363 874 523 916 supplicia
541 883 676 916 propter
695 876 938 908 confessionem
967 876 1101 915 Christi,
1125 888 1179 908 ex—

204 927 353 948 ercemur
375 919 556 948 terroribus
579 918 721 950 Diaboli.
767 920 861 951 Hanc
884 925 983 951 vocat
1005 920 1179 950 mortifica-

205 962 323 990 tionem
348 959 482 998 Christi,
506 960 658 991 videlicet
683 962 819 992 similem
839 961 1075 993 afflictionibus
1089 962 1179 993 Chri-

204 1004 243 1033 sti
268 1009 296 1033 et
320 1004 485 1043 propriam
509 1002 690 1035 Ecclesiae.
722 1004 773 1035 De
800 1004 865 1035 hoc
888 1015 1009 1046 genere
1032 1011 1062 1035 et
1084 1004 1178 1035 Rom.

208 1045 252 1076 12.
279 1049 341 1081 ivs.
363 1045 404 1083 L}
428 1045 545 1085 inquit:
570 1045 731 1078 Exhibete
754 1057 895 1087 corpora
914 1054 1026 1078 vestra
1038 1047 1179 1078 hostiam

204 1089 322 1124 vivam,
347 1094 506 1124 sanctam,
525 1087 708 1128 placentem
721 1088 806 1126 Deo,
830 1089 1021 1120 rationalem
1046 1089 1178 1120 cultum.

206 1130 277 1160 Non
313 1131 353 1160 de
387 1131 579 1161 ceremoniis
614 1138 667 1161 aut
704 1132 858 1163 simulata
892 1131 1013 1169 ἀσκήσει
1035 1131 1179 1172 loquitur

205 1171 339 1209 Paulus,
370 1173 428 1203 sed
454 1173 494 1202 de
519 1183 633 1210 cruce,
670 1174 700 1203 id
726 1180 793 1212 est,
828 1175 868 1205 de
891 1173 1065 1205 tolerantia
1087 1176 1119 1204 in
1133 1176 1178 1208 22)

206 1215 291 1245 veris
315 1222 344 1245 et
369 1216 496 1255 magnis
520 1214 704 1246 doloribus:
739 1216 829 1247 Haec
853 1223 903 1247 est
927 1216 1124 1247 sacrificium
1147 1218 1178 1246 in

204 1257 265 1294 his,
290 1258 344 1298 qui
367 1257 430 1287 fide
444 1256 513 1288 Filii
532 1257 593 1288 Dei
618 1260 791 1296 sustinent,
815 1264 850 1289 ut
862 1258 1014 1289 Psalmus
1027 1259 1099 1296 [50,
1116 1258 1176 1296 19.]

207 1301 326 1340 inquit:
352 1300 556 1330 Sacrificium
579 1300 651 1331 Deo
676 1301 810 1341 spiritus
834 1300 1085 1338 contribulatus,
1121 1311 1178 1331 cor

206 1343 379 1373 contritum
403 1349 434 1372 et
457 1341 669 1379 humiliatum,
688 1343 794 1380 Deus,
818 1354 885 1374 non
909 1343 1081 1383 despicies.
1128 1343 1177 1373 Ac

205 1395 302 1425 supra
331 1385 370 1415 de
400 1384 464 1414 hot·
499 1395 620 1425 genere
654 1387 685 1415 in
719 1384 812 1416 titulo
847 1387 887 1416 de
915 1385 1022 1416 Cruce
1056 1386 1177 1415 dictum

205 1434 265 1456 est.

293 1471 344 1501 De
378 1471 525 1501 secundo
556 1481 695 1512 genere,
729 1471 761 1500 id
791 1477 856 1503 est.
891 1471 932 1500 ‹le
950 1469 1179 1509 Temperantia

206 1513 357 1544 mandata
391 1523 410 1543 a
434 1512 524 1549 Det),
560 1514 798 1543 concionantur
820 1513 942 1553 passim
962 1511 1081 1542 multae
1103 1521 1179 1541 sen-

208 1557 336 1586 tentiae.
383 1554 462 1585 Luc.
486 1555 537 1585 21.
564 1555 701 1593 [vs-‚343
735 1555 912 1592 Attendite,
937 1565 978 1585 ne
1002 1555 1103 1585 corda
1126 1564 1179 1584 ve-

207 1605 273 1628 stra
299 1604 477 1638 graventur
497 1597 627 1638 crapula
654 1604 683 1628 et
708 1598 866 1628 ebrietate
890 1602 951 1627 etc.
987 1595 1103 1627 Matth.
1130 1596 1178 1625 17.

208 1646 270 1677 lvs.
294 1641 358 1677 214
385 1640 456 1669 Hoc
480 1650 583 1680 genus
608 1640 851 1670 daemoniorum
872 1649 935 1669 non
961 1639 1095 1675 eiicitur,
1118 1639 1180 1668 nisi

206 1684 323 1713 ieiunio
343 1689 373 1712 et
398 1683 555 1713 oratione.
600 1681 683 1723 Eph.
707 1682 738 1712 (5.
763 1686 826 1719 [vs.
849 1683 892 1719 4.]
924 1681 1071 1711 Educate
1094 1680 1180 1711 filios

207 1727 236 1755 in
258 1723 430 1765 disciplina
454 1731 485 1754 et
509 1725 659 1755 doctrina,
682 1724 826 1761 Domini,
849 1725 881 1754 id
905 1730 974 1763 est,
999 1723 1180 1753 doctrinam

207 1768 246 1797 de
269 1766 343 1797 Deo
367 1768 525 1798 iuventuti
550 1768 668 1797 tradite
692 1773 721 1797 et
741 1765 941 1797 assuefacite
965 1776 1035 1796 eam
1058 1766 1111 1806 pia
1136 1766 1180 1795 di-

208 1809 355 1850 sciplina,
379 1810 483 1850 regite
506 1819 626 1847 mores,
650 1816 683 1840 ut
702 1810 767 1839 sint
789 1809 939 1845 modesti,
964 1809 1058 1845 casti,
1070 1808 1125 1848 pii,
1149 1814 1179 1837 et

207 1858 356 1883 exercete
390 1862 448 1882 eos
468 1858 558 1882 certo
578 1858 607 1883 et
631 1851 772 1883 honesto
796 1850 929 1888 labore,
962 1861 1020 1887 ne,
1053 1856 1088 1881 ut
1110 1849 1180 1880 fieri

208 1894 305 1932 solet,
341 1894 438 1925 otium
474 1902 505 1925 et
539 1894 637 1925 luxus
672 1894 799 1935 pariant
829 1893 957 1925 scelera
982 1893 1180 1924 excutientia

207 1938 361 1978 Spiritum
385 1943 545 1968 sanctum.

293 1979 370 2010 Sive
392 1980 489 2021 igitur
508 1979 713 2010 mortificatio
737 1978 942 2009 tolerantiam
966 1979 998 2008 in
1023 1987 1121 2008 cruce
1140 1977 1181 2006 si-

208 2033 247 2051 ve.
281 2024 526 2062 temperantiam
561 2022 737 2064 significat,
771 2020 913 2061 loquitur
948 2021 988 2050 de
1021 2020 1181 2050 mandatis

209 2065 374 2105 operibus,
398 2065 456 2095 sed
480 2063 559 2095 illud
583 2074 695 2095 verum
719 2070 779 2095 est.
799 2062 936 2093 liberum
960 2064 1088 2098 esse23)
1116 2061 1181 2092 cui-

210 2106 287 2137 libet
322 2108 473 2147 privatim
508 2106 631 2148 eligere
661 2107 816 2137 exercitia
844 2106 985 2136 honesta
1009 2111 1040 2135 et
1063 2113 1182 2134 conve-

211 2151 326 2180 nientia
362 2159 442 2180 suae
477 2150 574 2181 aetati
607 2156 639 2180 et
668 2150 791 2179 xiribus
816 2149 902 2185 suis,
933 2153 968 2179 ut
990 2153 1020 2177 et
1046 2146 1182 2177 scholae

212 2193 422 2232 <gubernatori
446 2190 583 2222 liberum
610 2197 659 2221 est
682 2192 852 2223 instituere
873 2189 1049 2220 lectionum
1073 2195 1103 2220 et
1118 2189 1182 2219 dis-

213 2235 412 2274 putationum
437 2235 592 2265 ordinem.
639 2234 715 2264 Ideo
736 2240 765 2263 et
789 2232 912 2264 Paulus
936 2232 1038 2273 inquit
1064 2230 1180 2261 l-Cor.

210 2278 241 2307 9.
267 2281 329 2309 [vs.
352 2277 417 2313 ⁶274
453 2276 590 2317 Fastigo
615 2286 735 2317 corpus
758 2285 864 2306 meum
889 2280 918 2305 et
938 2275 970 2304 in
994 2274 1182 2304 servitutem

212 2321 325 2360 redigo
361 2325 421 2348 etr.
469 2319 538 2348 Hm·
574 2319 649 2355 fine,
686 2329 724 2348 ne
758 2318 1009 2358 intemperantia
1032 2316 1181 2356 impediat

212 2362 364 2402 Spiritum
390 2369 551 2397 sanctum,
574 2362 783 2392 intentionem
808 2361 902 2390 animi
918 2361 948 2390 in
962 2359 1181 2389 invocatione.

213 2490 256 2519 22)
276 2489 310 2519 in]
333 2489 403 2514 Editt.
427 2490 447 2511 l.
468 2489 489 2511 3,
512 2494 535 2513 et

214 2542 255 2562 Y*
277 2540 344 2570 ρςερ]
367 2540 438 2564 Editt.
460 2540 497 2563 ⁸2?⁴
519 2541 557 2561 24.
579 2540 694 2565 ’λδ-34..
714 2540 772 2568 opp.
796 2540 816 2560 1.
837 2539 860 2560 2.
879 2542 918 2562 est

842 105 951 137 Prin..
976 106 1076 138 MEL.
1100 106 1283 139 SCRIPTA
1306 107 1576 140 DOGMATICA.

2116 113 2198 145 1028

1222 201 1255 231 in
1274 202 1402 239 studiis,
1421 203 1453 232 in
1473 202 1624 242 negotiis.
1670 202 1741 233 Nec
1762 204 1980 235 immediatum
2004 204 2100 235 finem
2118 207 2195 237 ieiu-

1224 242 1266 273 nii
1299 243 1386 274 hunc
1420 244 1600 282 constituit,
1634 243 1787 275 videlicet
1820 251 1854 276 ut
1886 251 1978 287 putet
2000 246 2107 278 Deum
2138 247 2194 278 tali

1221 294 1322 325 opere
1345 286 1472 317 honore
1495 285 1594 317 affici.

1309 328 1359 358 Ac
1369 330 1413 362 ²⁴)
1447 328 1675 368 Temperantia
1708 329 1742 359 in
1776 339 1897 371 genere
1931 337 2110 371 praecepta
2133 337 2196 368 est,

1220 370 1281 400 sed
1305 372 1459 401 exercitia
1481 370 1546 402 alia
1567 370 1641 401 aliis
1665 378 1859 412 congruunt.
1894 372 1972 403 Ideo
1993 372 2109 404 horum
2132 373 2194 404 ele—

1222 412 1286 442 ctio
1310 411 1418 444 libera
1441 414 1492 444 sit.
1528 412 1634 444 Aliter
1653 423 1751 444 senes
1775 416 1926 454 occupati
1949 416 2053 453 curis,
2076 415 2195 447 dolori-

1222 455 1295 492 bus,
1327 456 1466 496 negotiis
1491 462 1522 486 et
1545 454 1726 488 imbecilles
1750 462 1867 497 regant
1889 466 2046 496 corpora3
2091 457 2197 488 Aliter

1223 497 1360 528 iuvenes
1383 499 1501 539 vegeti,
1524 509 1591 528 non
1621 497 1762 529 confecti
1784 500 1981 540 angoribuS,
2013 505 2049 530 ut
2077 499 2196 531 Davidi

1222 546 1298 569 ante
1322 539 1452 570 exilium
1475 541 1579 581 magis
1599 551 1681 582 opus
1706 546 1775 571 erat
1797 542 1972 577 exercitiis,
1997 551 2093 582 quam
2105 548 2195 582 post·

1224 591 1274 618 ea,
1299 592 1373 613 cum
1395 583 1619 623 magnitudine
1641 582 1790 614 dolorum
1815 582 1941 614 fractus
1964 584 2018 613 vix
2041 582 2196 624 languida

1222 625 1368 654 membra
1390 624 1568 655 semivivus
1592 625 1748 656 traheret.
1794 626 1888 657 Bona
1906 624 2060 657 valetudo
2081 635 2196 666 corpo—

1222 667 1268 697 ris
1292 673 1323 697 et
1346 676 1504 697 sensuum
1527 667 1623 708 vigor
1646 668 1763 698 eximia
1776 668 1837 698 Dei
1862 669 1949 699 dona
1972 673 2058 705 sunt,
2081 677 2195 699 neces-

1224 709 1310 739 saria
1344 709 1460 738 studiis
1495 714 1526 738 et
1561 710 1708 749 negotiis.
1756 710 1832 740 ideo
1863 711 1984 741 tuenda
2006 716 2100 747 sunt,
2133 720 2195 741 nec

1223 750 1418 781 laedendum
1442 757 1492 781 est
1511 760 1632 791 corpus
1655 757 1711 781 aut
1733 751 1878 792 ingluvie
1900 758 1953 783 aut
1968 753 2066 783 nimia
2076 753 2194 784 inedia.

1223 792 1264 823 Et
1287 791 1410 823 Paulus
1433 792 1557 823 habere
1580 792 1790 831 honoremz‘»)
1814 795 1945 834 corpori
1966 795 2066 825 iubet.

1310 834 1392 865 Cum
1425 836 1524 876 igitur
1546 845 1666 876 magna
1695 836 1738 865 sit
1761 835 2008 874 dissimilitudo,
2043 835 2196 868 Ecclesia

1223 887 1289 907 non
1313 876 1377 907 fert
1396 876 1501 919 leges,
1520 878 1639 917 quibus
1662 887 1760 908 unum
1783 879 1915 909 modum
1932 878 2122 909 ieiuniorum
2140 885 2196 909 aut

1223 920 1452 950 exercitiorum
1485 921 1706 960 praescribat,
1740 921 1798 951 sed
1832 922 1864 951 in
1897 930 2018 961 genere
2040 921 2198 961 praecipit

1223 961 1482 1003 Temperantiam
1513 968 1545 992 et
1568 960 1664 992 simul
1686 968 1813 1000 monet,
1846 973 1887 993 ne
1910 962 2138 1003 superstitiose
2151 965 2196 997 2ὃ)

1224 1004 1378 1035 exercitia
1401 1004 1676 1035 transformentur
1698 1005 1730 1035 in
1755 1004 1879 1042 cultus,
1914 1011 1945 1035 et
1972 1005 2060 1035 iubet
2082 1004 2196 1035 discri-

1223 1057 1295 1077 men
1319 1047 1423 1077 teneri
1446 1047 1529 1077 inter
1553 1056 1655 1086 opera
1677 1057 1695 1077 a
1716 1046 1790 1077 Deo
1814 1048 1968 1077 mandata
1991 1052 2023 1077 ct
2042 1047 2197 1078 exercitia

1224 1087 1330 1120 electa
1354 1100 1373 1119 a
1391 1090 1498 1119 nobis.
1531 1089 1606 1119 ldeo
1626 1088 1750 1119 Paulus
1773 1090 1876 1130 inquit
1900 1089 1928 1119 1.
1952 1088 2032 1119 Tim.
2055 1089 2086 1119 4.
2112 1091 2195 1127 [vss.

1224 1132 1242 1161 7
1266 1135 1329 1172 sq.]
1375 1130 1502 1161 Exerce
1524 1137 1555 1161 te
1578 1132 1620 1161 ad
1643 1132 1812 1171 pietatem3
1835 1132 1917 1162 Nam
1942 1129 2125 1171 corporalis
2143 1140 2197 1162 ex-

1224 1174 1370 1204 ercitatio
1404 1174 1446 1204 ad
1478 1174 1640 1204 modicum
1674 1173 1761 1204 utilis
1796 1179 1862 1211 est,
1909 1174 2015 1213 pietas
2043 1182 2123 1203 vero
2155 1173 2196 1203 ad

1223 1217 1329 1247 onmia
1352 1215 1440 1246 utilis
1465 1222 1527 1246 est.
1574 1215 1777 1246 Gravissima
1799 1215 1977 1246 admonitio
2000 1221 2050 1245 est
2073 1215 2196 1246 discer-

1222 1268 1305 1288 nens
1334 1259 1525 1288 necessaria
1549 1268 1649 1297 opera
1673 1264 1705 1288 et
1727 1268 1747 1287 a
1770 1257 1843 1288 Deo
1866 1258 2017 1288 mandata
2040 1258 2082 1288 ab
2105 1267 2195 1288 exer-

1224 1301 1307 1331 citiis
1327 1299 1442 1330 electis
1465 1305 1579 1330 nostro
1599 1300 1744 1330 arbitrio.
1778 1299 1869 1329 Iubet
1892 1305 1999 1329 autem
2020 1298 2122 1340 longe
2140 1309 2196 1329 an-

1223 1342 1335 1373 teferri
1361 1352 1461 1382 opera
1484 1352 1503 1372 a
1525 1341 1599 1372 Deo
1623 1342 1787 1378 mandata,
1810 1341 2061 1378 Paenitentiam,
2090 1340 2195 1372 Timo-

1224 1395 1291 1415 rem
1314 1384 1388 1421 Dei,
1412 1384 1540 1419 Fidem,
1561 1384 1822 1419 invocationem,
1846 1381 2113 1418 Confessionem,
2135 1382 2196 1413 Pa-

1223 1427 1378 1463 tientiam,
1403 1424 1607 1462 Castitatem,
1630 1425 1906 1465 Temperanflam,
1941 1423 2141 1465 diligentiam
2162 1425 2196 1455 in

1224 1469 1409 1499 vocatione.
1456 1468 1524 1498 Has
1546 1468 1683 1498 virtutes
1706 1468 1809 1507 inquitv
1831 1467 1872 1497 ad
1897 1467 2003 1497 omnia
2025 1466 2122 1497 utiles
2146 1476 2195 1496 es-

1224 1521 1276 1542 se.
1310 1511 1341 1540 id
1367 1516 1433 1546 est,
1468 1509 1561 1540 Deus
1595 1510 1627 1540 in
1660 1509 1724 1539 hac
1745 1510 1812 1539 vita
1837 1514 2029 1549 compensat
2052 1514 2083 1539 et
2101 1515 2197 1539 ornat

1223 1553 1284 1583 has
1302 1553 1440 1583 virtutes
1465 1553 1591 1593 magnis
1615 1552 1721 1589 honis,
1744 1551 1866 1582 maiore
1889 1550 1963 1582 luce
1982 1556 2014 1581 et
2037 1551 2196 1591 sapientia

1224 1594 1394 1636 spirituali,
1428 1595 1548 1625 robore
1571 1593 1661 1630 fidei,
1698 1593 1847 1631 consilio,
1872 1592 2099 1624 consolatione
2122 1603 2196 1624 suc-

1225 1647 1323 1668 cessu
1346 1638 1376 1666 in
1398 1637 1637 1676 gubernatione
1660 1635 1791 1677 publica
1815 1642 1846 1666 et
1876 1636 2066 1673 domestica,
2101 1636 2197 1665 casti-

1225 1686 1302 1717 tate,
1324 1689 1418 1719 pace,
1442 1679 1549 1715 victu3
1594 1685 1626 1709 et
1649 1684 1725 1719 post
1747 1677 1831 1709 hanc
1855 1678 1954 1708 vitam
1977 1678 2122 1718 praemia
2144 1687 2197 1707 ae-

1225 1729 1317 1753 terna
1336 1722 1506 1752 dabuntur.
1552 1721 1597 1751 At
1622 1731 1796 1760 corporum
1820 1720 2008 1751 exercitatio
2032 1720 2074 1750 ad
2097 1719 2197 1750 modi-

1225 1775 1298 1795 cum
1330 1763 1419 1794 utilis
1453 1769 1512 1794 est.
1558 1762 1709 1804 Intelligit
1743 1769 1850 1793 autem
1884 1762 1967 1793 haec
2000 1761 2155 1792 exercitia
2177 1771 2196 1792 a

1225 1807 1320 1837 nobis
1344 1804 1459 1843 electa,
1484 1811 1519 1836 ut
1537 1807 1563 1836 si
1584 1806 1656 1846 quis
1680 1806 1711 1836 in
1735 1806 1786 1836 die
1804 1804 1906 1835 semel
1928 1810 2052 1835 tantum
2075 1809 2108 1834 et
2118 1814 2196 1844 pau-

1224 1848 1336 1880 xillum
1367 1847 1446 1879 velit
1479 1846 1586 1878 edere.
1638 1847 1728 1878 Haec
1759 1858 1829 1878 cum
1861 1848 1930 1878 sine
1964 1846 2197 1887 superstitione

1225 1891 1317 1925 fiunt,
1343 1901 1409 1920 non
1433 1900 1569 1931 prorsus
1593 1891 1715 1926 abiicit,
1741 1891 1799 1920 sed
1823 1888 1907 1919 infra
1931 1898 2032 1929 opera
2043 1888 2196 1918 mandata

1226 1945 1244 1964 a
1267 1933 1342 1963 Deo
1366 1931 1518 1963 collocat.
1564 1932 1706 1962 Prosunt
1725 1933 1808 1962 enim
1832 1930 1940 1971 aliqua
1963 1940 2003 1960 ex
2024 1936 2129 1970 parte,
2151 1930 2196 1960 vi-

1226 1976 1343 2006 delicet
1376 1975 1452 2016 quia
1481 1976 1512 2005 in
1537 1975 1656 2005 sobriis
1681 1974 1782 2004 maior
1805 1980 1854 2003 est
1877 1974 2011 2003 intentio
2031 1972 2139 2008 animi,
2162 1971 2195 2001 in

1225 2018 1444 2054 invocatione,
1474 2017 1601 2053 studiis,
1636 2016 1786 2057 negotiis.
1833 2015 2009 2051 Convivia,
2033 2012 2195 2050 sodalitia,

1227 2069 1397 2091 sermones
1421 2058 1549 2098 profani
1571 2057 1682 2088 laxant
1705 2059 1846 2094 animos,
1874 2063 1908 2087 ut
1930 2056 2060 2087 facilius
2083 2056 2196 2086 admit-

1226 2109 1293 2134 tant
1313 2102 1463 2133 incendia
1488 2101 1710 2141 cupiditatum,
1733 2106 1766 2131 ut
1789 2100 1908 2130 accidit
1924 2098 2043 2130 Davidi
2062 2099 2094 2129 in
2117 2098 2194 2128 otio.

1226 2145 1267 2176 Et
1289 2145 1357 2175 noti
1381 2149 1456 2175 sunt
1476 2142 1645 2174 versiculi:

1381 2229 1454 2259 Otia
1478 2229 1603 2258 securis
1624 2227 1778 2258 insidiosa
1803 2233 1932 2257 nocent.

1381 2270 1467 2301 Cura
1491 2269 1573 2312 fugit
1598 2268 1708 2305 inulto,
1734 2268 1929 2309 diluiturque
1954 2267 2104 2305 mero.²⁷)

1228 2384 1272 2413 24)
1292 2383 1336 2412 Ac]
1356 2382 1427 2412 Com.
1447 2382 1469 2404 2.
1489 2382 1510 2406 4.
1530 2383 1558 2405 At

1229 2434 1273 2463 25)
1293 2434 1387 2457 habere
1407 2431 1540 2462 honorem]
1562 2431 1633 2456 Editt.
1654 2432 1675 2452 l.
1695 2430 1717 2454 3.
1735 2431 1855 2455 honorem
1877 2430 1971 2454 habere

1229 2483 1274 2514 26)
1294 2482 1480 2514 superstitiose]
1500 2482 1542 2507 Ed.
1564 2482 1603 2504 22.
1623 2481 1796 2512 superstitiosa

1230 2535 1275 2563 27)
1295 2534 1362 2558 ovid.
1383 2535 1431 2558 Art.
1452 2537 1527 2557 amat.
1548 2533 1564 2559 1.
1584 2531 1641 2554 238.
