2358 2933
100 111 159 143 761

100 213 175 235 nam
196 203 281 234 idem
304 201 466 234 Dominus
490 201 651 239 Omnium,
675 202 767 233 dives
789 202 822 232 in
844 199 983 237 omnes,
1017 201 1071 241 qui

98 247 254 277 invocant
286 254 370 276 eum.
426 244 540 275 Omnis
573 244 668 280 enim,
702 244 756 284 qui
789 243 991 273 invocaverit
1013 252 1096 281 no-;

99 297 173 319 men
196 286 337 324 Domini,
361 285 476 317 salvus
500 286 571 317 erit.

184 328 356 360 Conclusit
388 327 482 359 Deus
517 328 640 358 Omnes
674 328 735 358 sub
773 326 1008 363 inobedientia,
1036 331 1071 357 ut

99 371 249 402 Omnium
282 372 483 401 misereatur.
529 370 584 401 Sic
608 368 805 410 intelligatur
827 374 860 399 et
883 368 1003 398 dictum
1028 368 1070 404 [1.

98 413 178 444 Tim.
197 413 304 451 2,4.]:
327 412 421 443 Deus
444 411 514 443 vult
537 412 658 442 Omnes
680 410 829 441 homines
851 409 964 440 salvos
988 410 1069 440 fieri.

103 455 173 485 Nec
200 464 281 486 vero
311 455 351 485 de
379 453 551 485 voluntate
572 453 634 484 Dei
658 462 756 483 secus
778 452 985 483 iudicandum
1008 458 1070 489 est,

97 507 194 537 quam
217 497 315 528 docet
332 496 557 539 Evangelium,
581 495 669 536 quod
690 495 765 525 ideo
789 504 829 525 ex
852 495 926 525 sinu
944 494 1070 524 aeterni

97 538 204 570 Pau-is
237 538 398 580 prolatum
433 546 499 575 est,
532 544 566 568 ut
591 542 680 567 certo
704 537 799 567 nobis
829 535 983 567 voluntas
1005 535 1070 566 Dei

96 581 273 621 patefieret.
319 580 447 612 Deinde
466 579 713 621 diligentissime
735 579 982 610 consideremus
1005 577 1069 609 hoc

95 623 282 654 universale
314 624 502 653 mandatum
524 622 587 652 Dei
611 631 702 658 esse,
735 627 769 651 ut
800 630 914 651 omnes
937 620 1069 650 audiant

96 665 224 702 Filium,
247 667 336 696 iuxta
358 664 439 695 illud
463 663 591 702 [Matth.
608 664 657 699 17,
670 662 730 701 5.]:
754 662 874 694 HUNC
892 662 1068 699 AUDlTE,

95 713 127 738 et.
160 708 296 738 credant
329 706 603 747 promissionibus
626 705 698 736 Dei.
743 704 834 736 Haec
866 705 895 735 si
918 705 990 745 quis
1014 714 1068 734 ex-

94 749 225 789 pendet,
248 748 406 790 intelliget
430 747 607 779 salutarem
620 747 801 778 doctrinam
819 754 850 778 et
870 746 1068 779 consolatio-

95 801 170 822 nem
191 792 253 832 piis
277 792 425 832 proponi.

179 833 231 864 De
254 833 376 864 Libero
410 833 544 864 arbitrio
567 832 649 863 alias
673 832 793 862 (lictum
823 838 885 862 est.
931 831 1013 863 Cum
1036 832 1068 861 in

95 877 313 907 conversione
336 875 569 906 exordiendum
593 876 633 904 sit
656 884 676 904 a
699 875 801 905 verbo
826 873 899 911 Dei,
923 881 1014 905 certe
1036 874 1068 904 id

93 918 290 949 audiendum
312 924 376 955 est,
410 924 441 948 et
470 927 543 948 cum
566 917 669 947 verbo
693 916 757 946 Dei
780 915 899 947 efficax
923 923 974 947 est
997 917 1068 956 Spi-

93 961 175 992 ritus
197 966 353 998 sanctus,
381 961 511 1001 erigens
535 965 567 990 et
587 959 746 990 adiuvans
771 959 884 995 corda,
908 969 981 990 cum
1004 959 1068 989 fide

92 1012 155 1033 nos
179 1008 410 1033 sustentamus.
454 1002 525 1032 Nec
549 1002 647 1032 otiosi
669 1000 895 1042 indulgeamus
918 1000 1067 1032 diffiden-

93 1046 157 1075 tiae
191 1050 247 1075 aut
280 1044 352 1074 aliis
386 1044 473 1074 vitiis
497 1050 611 1074 contra
633 1044 880 1081 conscientiam,
904 1053 965 1074 nec
990 1053 1067 1074 con-

92 1086 260 1118 turbemus
285 1086 441 1127 Spiritum
463 1093 624 1123 sanctum,
646 1086 706 1116 sed
729 1085 946 1116 assentiamur
965 1087 1065 1116 verbo

93 1128 156 1159 Dei
190 1134 222 1159 et
257 1129 479 1168 obsequamur
502 1128 635 1169 Spiritui
658 1134 786 1158 sancto.
833 1127 867 1157 ln
890 1127 953 1158 hac
976 1127 1065 1158 lucta

93 1171 270 1201 sentiemus
293 1170 512 1207 voluntatem,
546 1176 784 1211 repugnantem
813 1168 1011 1200 diffidentiae
1034 1177 1064 1200 et

91 1211 164 1243 aliis
198 1213 282 1243 vitiis
315 1222 382 1243 non
412 1222 487 1243 esse
508 1213 670 1251 ,otiosam
715 1211 786 1242 Hoc
820 1212 927 1251 ipsum
955 1218 1065 1242 monet

92 1253 214 1285 Paulus
248 1255 396 1295 inquiens
429 1254 460 1284 ⁶2.
491 1253 567 1284 Cor.
602 1254 632 1284 6.
657 1256 720 1291 [VS.
746 1254 786 1291 l.1
832 1254 1064 1291 Adhortamur,

92 1306 132 1327 ne
165 1295 288 1327 frustra
328 1297 466 1337 gratiam
501 1295 562 1326 Dei
597 1296 778 1336 accipiatis·
841 1295 921 1327 Vult
961 1297 1064 1327 audiri

90 1337 319 1380 Evangelium,
342 1337 412 1369 vult
431 1348 494 1368 nos
514 1338 666 1368 assentiri
689 1343 721 1368 et
745 1339 898 1379 obsequi,
921 1349 988 1369 non
1017 1340 1063 1369 in-

90 1379 228 1422 dulgere
262 1386 376 1411 contra
413 1380 648 1410 conscientiam
676 1381 840 1420 impietati.
886 1380 1062 1411 Praeterea

91 1422 170 1453 Luc.
196 1423 246 1453 11.
271 1425 333 1459 [vs.
361 1422 421 1461 13.]
447 1423 577 1453 dicitur:
609 1422 709 1453 Dabit
732 1422 887 1462 Spiritum
912 1430 1063 1454 sanctum

89 1465 285 1504 petentibus.
328 1465 403 1495 Non
426 1465 525 1504 inquit
548 1466 818 1504 aspernantibus,
842 1466 1063 1496 conturbanti-

90 1507 151 1537 bus
174 1513 206 1537 et
228 1508 496 1547 repugnantibus
532 1506 613 1537 Vult
634 1507 734 1548 igitur
763 1506 880 1538 luctari
903 1518 965 1538 nos
989 1518 1061 1538 cum

88 1548 272 1580 infirmitate
294 1555 430 1580 nostra:
476 1548 556 1580 Vult
578 1558 639 1579 nos
662 1559 847 1590 agnoscere
870 1556 1006 1590 peccata
1030 1556 1061 1580 et

88 1600 248 1631 quaerere
271 1590 507 1628 liberationem,
531 1601 596 1621 non
619 1592 760 1622 retinere
783 1602 822 1623 ea
845 1599 960 1623 contra
984 1602 1060 1623 con-

89 1633 272 1671 scientiam,
296 1644 361 1665 non
385 1635 483 1675 igitur
505 1641 554 1665 est
579 1634 686 1664 otiosa
710 1633 872 1666 volumtas.

172 1675 321 1716 Exposui
359 1677 540 1707 doctrinam
582 1675 753 1718 Evangelii
794 1678 834 1708 de
868 1677 1060 1707 remissione

87 1725 298 1757 peccatorum
332 1724 365 1749 et
387 1719 428 1749 de
450 1717 716 1749 reconciliatione
740 1729 799 1750 seu
822 1719 1059 1752 iustificatione.

86 1769 174 1797 vere,
199 1766 231 1790 et
253 1767 374 1801 quanta
396 1762 486 1801 potui
510 1762 717 1801 proprietate.
746 1761 815 1792 Nec
840 1762 950 1792 dubito
974 1761 1060 1792 hanc

87 1802 190 1843 ipsam
214 1812 290 1833 esse
312 1804 507 1834 sententiam
531 1803 742 1834 eruditiorum
765 1803 909 1841 Patrum,
933 1804 1059 1834 etiamsi

86 1845 140 1885 qui
164 1845 324 1876 interdum
347 1845 553 1877 incommode
576 1844 763 1886 loquuntur.
798 1846 885 1876 Nihil
907 1847 1059 1883 intricati,

85 1885 164 1917 nihil
197 1886 356 1928 perplexi,
390 1887 498 1918 nullae
521 1888 666 1925 insidiae.
691 1887 780 1919 nulla
803 1888 986 1930 sophistica
1010 1894 1058 1919 est

85 1930 117 1960 in
141 1928 202 1960 hac
225 1930 397 1967 sententia,
421 1941 517 1971 quam
541 1931 703 1967 recensui,
739 1936 793 1961 aut
816 1932 849 1962 in
872 1930 1058 1972 explicatio-

85 1981 126 2002 ne
148 1977 273 2002 nostra.
318 1972 404 2007 Quid
428 1973 511 2003 enim
535 1972 716 2013 simplicius
740 1973 802 2004 dici
819 1980 938 2014 potest,
962 1984 1058 2014 quam

86 2014 246 2054 consequi
269 2014 433 2045 hominem
455 2016 681 2046 remissionem
705 2021 736 2046 et
758 2015 1058 2047 reconciliationem

85 2062 218 2096 propter
243 2055 410 2088 Christum
432 2058 646 2088 Mediatorem
669 2057 748 2094 fide,
777 2059 808 2089 id
837 2066 904 2095 est,
939 2059 1058 2089 fiducia

85 2099 267 2137 promissae
290 2099 533 2130 misericordiae
555 2106 690 2140 propter
708 2101 826 2140 ipsum,
849 2107 879 2131 et
899 2111 963 2131 non
983 2111 1057 2141 pro-

106 2146 156 2171 ter
178 2141 315 2171 virtutes
338 2140 508 2172 humanas.
554 2142 644 2172 Haec
667 2144 829 2173 sententia
852 2142 948 2174 facile
965 2142 1057 2174 intel-

83 2151 141 2225 ligi
172 2190 204 2213 et
225 2184 361 2214 iudicari
384 2190 493 2224 potest
521 2185 561 2215 ab
586 2185 733 2216 omnibus
755 2186 816 2226 piis
840 2187 1001 2217 mentibus
1024 2186 1056 2216 in

83 2225 171 2255 veris
206 2226 370 2257 exercitiis
404 2228 624 2267 poenitentiae
647 2233 678 2258 et
701 2228 733 2258 in
756 2228 944 2269 quotidiana
966 2230 1056 2259 invo-

83 2268 230 2305 catione,
266 2278 351 2309 quae
384 2268 533 2310 profecto
569 2269 639 2300 fieri
662 2280 727 2301 non
745 2277 866 2310 potest,
889 2272 952 2302 nisi
975 2271 1056 2301 fides

82 2310 245 2341 intueatur
273 2310 506 2349 Mediatorem,
540 2317 674 2352 propter
707 2322 802 2353 quem
835 2314 1054 2345 exaudiamur.
1078 2345 1079 2355 γ

87 2351 232 2393 Ideoque
255 2354 296 2383 ad
308 2352 481 2384 Ecclesiae
506 2355 656 2385 iudicium
669 2364 827 2395 provoco,
850 2355 914 2386 hoc
929 2363 991 2393 est,
1015 2356 1056 2386 ad
1078 2360 1079 2378 ³

82 2395 166 2434 pios,
191 2396 335 2426 eruditos
360 2402 391 2426 et
412 2395 631 2437 intelligentes
663 2398 816 2427 exercitia
840 2399 1056 2437 poenitentiae

64 2478 70 2483 Χ
84 2442 114 2466 et
138 2437 362 2468 invocationis.

563 109 585 140 l.
609 108 710 141 LOCl
732 106 1006 140 THEOLOGICI:
1039 107 1081 139 D.
1105 106 1264 140 TERTIA
1286 105 1443 139 EORUM
1465 105 1621 138 AETAS.

2029 107 2089 137 762

1566 283 1646 322 [IX]

1368 367 1428 399 DE
1451 367 1581 398 coms
1604 367 1831 399 ornamus.

1201 450 1380 492 Postquam
1414 452 1564 492 exposita
1588 457 1637 482 est
1661 452 1810 482 doctrina
1834 453 1875 483 de
1897 451 2088 483 reconcilia·

1115 493 1203 523 tione
1226 499 1257 523 et
1279 494 1320 525 de
1343 494 1418 531 fide,
1441 503 1580 525 necesse
1604 500 1655 524 est
1677 494 1753 524 addi
1776 494 1955 526 doctrinam
1974 496 2014 525 de
2032 496 2089 525 bo-

1115 533 1165 565 nis
1191 537 1344 575 operibus
1373 546 1433 567 seu
1455 537 1495 566 de
1518 545 1605 566 nova
1627 537 1820 567 obedientia.
1865 535 1968 567 Plane
1991 538 2089 578 igitur

1115 583 1147 607 et
1170 576 1260 608 clare
1282 579 1374 609 dico:
1410 578 1603 609 Obedientia
1636 584 1767 615 nostra,
1796 578 1860 609 hoc
1883 586 1945 616 est,
1968 580 2089 610 iustitia

1114 620 1221 650 bonae
1256 621 1478 651 conscientiae
1507 630 1567 650 seu
1590 630 1736 660 operum,
1771 630 1854 660 quae
1877 620 1969 652 Deus
1992 622 2088 652 nobis

1113 664 1290 702 praecepit,
1324 663 1516 693 necessario
1541 664 1635 703 sequi
1659 661 1958 694 reconciliationem
1980 664 2087 694 debet.

1115 704 1268 734 Christus
1301 706 1386 735 enim
1421 704 1510 735 clare
1544 705 1703 746 praecipit
1736 705 1777 736 de
1810 705 2022 745 poenitentia,
2057 711 2089 736 et

1114 746 1237 778 Paulus
1261 748 1362 788 inquit
1387 747 1495 785 [Rom.
1519 747 1551 784 S.
1579 747 1660 785 12.]:
1693 747 1870 778 Debitores
1894 757 2022 785 smnus,
2046 757 2087 778 ne

1115 789 1294 820 secundum
1318 799 1449 820 carnem
1471 790 1630 820 vivamus.

1202 831 1229 861 l.
1266 831 1343 862 Cor.
1377 832 1408 862 6.
1444 835 1506 869 [vs.
1537 831 1582 870 9.]
1617 832 1667 862 Ne
1700 838 1825 863 errate:
1860 831 2088 871 fornicatores,

1113 872 1262 911 adulteri,
1285 873 1490 912 idololatrae,
1513 873 1604 905 fures
1627 880 1688 905 etc.
1713 885 1778 905 non
1800 875 2017 916 possidebunt
2038 885 2088 906 re-

1114 926 1212 957 gnum
1236 916 1309 947 Dei.

1180 958 1208 988 1.
1222 958 1311 989 loan.
1324 959 1354 990 3.
1369 962 1454 997 [vss.
1468 960 1486 989 7
1500 963 1564 1000 sq.]
1584 959 1688 990 Nemo
1701 960 1839 991 seducat
1853 970 1928 991 vos:
1945 961 1999 1001 qui
2011 959 2087 991 facit

1111 1001 1263 1031 iustitiam
1276 1002 1381 1032 iustus
1396 1008 1445 1032 est
1456 1012 1464 1037 ;
1477 1003 1531 1042 qui
1540 1001 1618 1032 facit
1626 1009 1807 1042 peccatum,
1821 1012 1860 1033 ex
1867 1002 2009 1033 Diabolo
2019 1009 2085 1034 est:

1112 1043 1166 1073 Ad
1182 1043 1246 1073 hoc
1264 1044 1413 1083 apparuit
1430 1043 1515 1075 filius
1529 1044 1602 1081 Dei,
1622 1050 1656 1074 ut
1670 1044 1815 1075 destruat
1831 1054 1929 1085 opera
1941 1044 2084 1076 Diaboli.

1112 1085 1358 1126 Regeneramur
1369 1087 1467 1126 igitur
1479 1087 1511 1117 in
1525 1086 1807 1123 reconciliatione,
1829 1094 1863 1117 ut
1876 1097 1963 1117 nova
1976 1088 2085 1118 obedi-

1112 1129 1236 1158 entiain
1256 1129 1350 1158 nobis
1370 1128 1553 1159 inchoetur.
1577 1129 1668 1159 Sicut
1688 1134 1719 1159 et
1732 1129 1772 1159 ad
1786 1128 1946 1169 Ephesios
1961 1130 2004 1166 ΓΖ,
2020 1130 2083 1167 10.]

1110 1171 1266 1210 scriptum
1279 1177 1344 1200 est:
1358 1170 1463 1210 Ipsius
1477 1181 1560 1211 opus
1574 1180 1698 1208 sumuS,
1715 1172 1834 1201 conditi
1846 1181 1905 1211 per
1917 1170 2083 1203 Chu‘stum

1110 1211 1218 1242 Iesum
1241 1213 1283 1242 ad
1307 1222 1408 1252 opera
1427 1213 1525 1250 bona,
1549 1222 1634 1253 quae
1654 1214 1862 1253 praeparavit
1873 1213 1982 1251 Deus,
1999 1220 2034 1244 ut
2051 1215 2083 1244 in

1110 1254 1158 1284 eis
1192 1253 1407 1285 ambulemus.
1454 1254 1605 1285 Continet
1640 1256 1725 1286 enim
1758 1254 1843 1286 haec
1867 1256 2028 1286 sententia
2051 1262 2081 1286 et

1110 1297 1290 1327 doctrinam
1325 1298 1547 1327 necessariam
1571 1303 1603 1328 et
1627 1296 1896 1328 consolationem.
1941 1297 2082 1329 Primum

1109 1339 1194 1369 enim
1217 1339 1258 1369 de
1280 1340 1479 1370 necessitate
1503 1340 1730 1377 concionatur,
1754 1350 1827 1371 cum
1850 1341 1909 1371 aitt
1933 1340 2003 1371 Nos
2027 1341 2082 1371 ite-

1108 1391 1178 1411 rum
1213 1382 1363 1411 conditos
1386 1391 1461 1412 esse
1484 1383 1526 1412 ad
1550 1383 1635 1412 bona
1659 1392 1768 1422 opera.
1814 1382 1940 1413 Deinde
1964 1393 2081 1414 conso-

1107 1422 1185 1453 latio
1209 1429 1271 1460 est,
1295 1424 1383 1464 quod
1407 1425 1524 1464 inquit:
1565 1423 1671 1454 Deum
1693 1434 1893 1465 praeparare
1915 1426 1946 1455 in
1966 1424 2081 1456 Eccle-

1107 1465 1156 1495 sia
1179 1466 1265 1496 bona
1288 1476 1399 1505 opera,
1422 1472 1457 1497 ut
1478 1467 1511 1496 in
1534 1465 1703 1504 Samuele,
1726 1466 1869 1507 Davide,
1893 1467 2012 1505 Iesaia,
2035 1467 2080 1498 le-

1107 1508 1208 1537 remia
1241 1513 1272 1537 et
1305 1507 1464 1539 similibus
1498 1508 1700 1539 admirabilia
1733 1519 1833 1549 opera
1862 1511 2080 1550 praeparavit,

1106 1559 1166 1589 per
1188 1560 1271 1590 quae
1294 1556 1325 1580 et
1349 1557 1445 1581 vocat
1474 1557 1505 1581 et
1528 1551 1611 1593 regit
1636 1558 1666 1582 et
1691 1558 1865 1583 conservat
1886 1550 2079 1583 Ecclesiam.

1107 1598 1138 1622 et
1160 1598 1194 1622 ut
1217 1591 1291 1623 alibi
1316 1593 1449 1623 dicitur:
1474 1593 1640 1624 Confirma
1663 1593 1738 1632 hoc,
1762 1593 1866 1632 Deus,
1891 1595 1979 1635 quod
2003 1604 2078 1635 ope-

1106 1640 1196 1665 ratus
1221 1645 1257 1665 es
1281 1635 1312 1665 in
1336 1636 1442 1666 nobis.
1488 1635 1535 1666 lta
1557 1635 1611 1666 hic
1633 1635 1757 1667 Paulus
1787 1637 1848 1674 ait,
1882 1636 2077 1677 Praeparari

1105 1687 1125 1707 a
1148 1676 1221 1707 Deo
1246 1678 1331 1708 bona
1354 1688 1465 1717 opera,
1488 1679 1519 1709 id
1544 1684 1605 1715 est,
1628 1689 1694 1709 non
1718 1679 1825 1709 solum
1843 1679 2001 1716 mandari,
2026 1689 2077 1709 or-

1106 1720 1207 1750 dinari
1242 1726 1273 1750 et
1294 1719 1459 1756 inchoari,
1493 1721 1552 1751 sed
1576 1721 1672 1751 etiam
1696 1722 1853 1758 adiuvari,
1877 1727 1907 1752 et
1929 1720 2076 1752 stabilim'.

1105 1761 1176 1792 Etsi
1210 1760 1352 1792 luctatur
1374 1762 1528 1794 Ecclesia
1562 1773 1634 1793 cum
1668 1765 1795 1805 magnis
1820 1762 2076 1801 difficultatibus,

1105 1810 1139 1834 ut
1172 1805 1348 1834 ostendunt
1378 1804 1548 1842 leremiae,
1584 1804 1678 1836 Pauli
1701 1812 1732 1836 et
1755 1805 1907 1837 similium
1929 1804 2076 1837 afflictio-

1105 1856 1175 1884 nes,
1209 1852 1317 1877 tamen
1351 1857 1404 1878 res
1439 1857 1575 1889 magnas
1613 1849 1696 1889 gerit
1731 1855 1761 1879 et
1796 1848 1959 1879 salutares
1993 1847 2076 1885 aliis,

1104 1889 1230 1919 etiamsi
1264 1890 1403 1920 mundus
1426 1900 1544 1931 magna
1568 1900 1608 1920 ex
1631 1896 1724 1930 parte
1746 1901 1803 1921 eas
1827 1901 1893 1921 non
1915 1889 2074 1932 intelligit.

1104 1931 1171 1962 Sed
1205 1941 1265 1961 nos
1299 1931 1481 1973 intelligere
1503 1933 1710 1963 vocationem
1738 1939 1884 1964 nostram
1908 1933 2075 1970 debemus,

1104 1980 1136 2004 ut
1161 1984 1262 2014 opera
1286 1982 1482 2015 praeparata
1505 1985 1525 2005 a
1547 1974 1619 2006 Deo
1642 1974 1811 2007 faciamus.

1189 2016 1272 2047 Sunt
1306 2023 1413 2047 autem
1448 2018 1488 2048 de
1517 2018 1613 2048 bonis
1648 2019 1801 2058 operibus
1836 2018 1897 2049 hae
1933 2018 2075 2059 quinque

1101 2059 1295 2099 praecipuae
1317 2060 1543 2099 quaestiones:

1190 2101 1273 2135 l.⁷⁰)
1298 2101 1390 2136 Quae
1414 2113 1514 2142 opera
1538 2103 1601 2132 sint
1624 2100 1784 2133 facienda.

1187 2144 1216 2173 2.
1295 2143 1468 2178 Quomodo
1492 2144 1562 2174 fieri
1585 2146 1724 2185 possint.

1188 2185 1218 2216 3.
1296 2186 1468 2221 Quomodo
1492 2186 1654 2227 placeant.

1187 2230 1217 2259 4.
1295 2228 1362 2259 Cur
1384 2228 1534 2260 facienda
1558 2229 1631 2259 sint.

1185 2271 1216 2301 5.
1294 2270 1389 2305 Quod
1413 2272 1454 2302 sit
1472 2272 1647 2302 discrimen
1671 2279 1896 2312 peccatorum,
1923 2284 1995 2304 cum
2018 2284 2071 2304 ne-

1102 2324 1197 2343 cesse
1233 2313 1274 2343 sit
1306 2311 1417 2351 fateri,
1451 2314 1538 2354 quod
1572 2314 1603 2344 in
1638 2313 1701 2345 hac
1735 2315 1800 2345 vita
1823 2322 1973 2346 maneant
1996 2326 2071 2355 pec-

1102 2363 1173 2386 cata
1197 2356 1228 2385 in
1252 2355 1393 2386 Sanctis.

1102 2536 1143 2560 50]
1165 2537 1345 2559 tumeret-mn
1363 2536 1520 2559 nasamones
1539 2541 1592 2560 mm
1611 2536 1712 2560 haben!
1729 2535 1797 2559 Editt.
1821 2538 1890 2560 1-4.
1911 2538 1932 2560 ³).
