2358 2933
297 2270 314 2295 il

877 123 988 155 PHIL.
1010 122 1112 154 MEL.
1135 122 1321 155 SCRIPTA
1341 125 1616 158 DOGMATICA.

407 219 500 243 nosiris
523 222 562 248 tut
582 218 729 248 loquuntur)
753 216 896 244 salvemur,
927 216 967 240 vel
992 218 1094 245 propter
1118 219 1222 246 peccata

406 256 492 277 nostra
519 257 661 281 perennius.
708 251 761 276 Non
785 255 846 279 ergo
865 250 907 275 lex
925 249 1019 274 abolita
1038 253 1091 279 est,
1118 256 1150 274 ne
1168 249 1223 280 fiat,

406 286 452 310 sed
471 291 502 309 ne
522 285 631 309 damnet.
651 284 693 308 ubi
712 283 805 308 violata
815 287 862 311 est,
881 286 906 307 at
925 289 982 307 eam
993 288 1068 307 nemo
1079 289 1129 308 non
1139 284 1222 308 violat.

406 320 490 348 ltaque
510 324 558 342 iioii
578 319 618 341 lex
636 317 682 341 sed
702 317 846 341 maledictio
865 317 929 346 legis
949 316 1050 341 sublata
1068 319 1115 342 est.
1147 316 1222 342 Vides

407 353 452 377 bor
464 353 517 376 loco
525 351 707 381 amplissimam
718 351 814 379 gratiae
834 349 1081 375 commendationem
1093 351 1223 381 contineri,

404 392 460 409 cuin
479 386 562 413 legem
583 383 655 408 audis
675 383 732 408 ideo
751 384 877 414 abrogari,
895 387 921 409 ut
932 389 1049 415 prorsum
1059 385 1148 415 gratis,
1167 385 1221 409 sine

405 419 456 443 ullo
475 422 562 442 nostro
582 418 672 442 merito
690 423 831 442 servemur.

437 463 540 491 Deinde,
559 463 650 493 quibus
660 466 764 492 peccata
783 463 953 493 remittuntur,
962 463 1126 488 remittuntur
1135 465 1221 489 autem

403 497 564 522 credentibus
589 500 701 522 tantuin.
720 497 830 522 donatur
857 500 881 522 et
904 497 1007 527 spiritus
1034 499 1152 527 sanctus,
1181 498 1223 528 qui

403 531 501 556 illorum
521 531 596 554 corda
615 530 746 557 accendat,
765 533 791 555 ut
811 531 876 556 ultro
896 531 988 561 legem,
1007 534 1032 555 et
1051 537 1083 556 ex
1096 531 1173 555 corde
1184 531 1223 556 sa-

402 565 477 589 ciant.
496 564 616 588 voluntas
636 564 684 590 dei.
704 564 744 588 lex
763 567 810 591 est.
830 565 877 589 sed
897 568 1002 591 mortua.
1022 565 1146 594 descripta
1155 566 1221 590 enim

402 601 441 623 est
460 599 485 622 iii
504 604 574 622 saxo.
610 598 669 622 Viva
697 598 737 622 dei
764 599 896 627 voluntas.
923 599 1025 629 spiritus
1048 602 1151 623 sanctus
1175 603 1222 624 est.

403 631 509 656 Proinde
528 637 634 662 quorum
655 631 730 656 corda
750 632 865 662 spiritum
877 635 992 657 sanctuni
1010 636 1187 663 conceperunt,
1198 633 1221 662 ii,

402 665 469 696 quod
496 666 536 690 lex
564 665 697 696 praecipit.
726 666 774 690 iani
801 666 877 690 etiam
900 667 921 691 si
940 672 990 691 non
1010 669 1084 696 cogat
1102 667 1159 696 lex,
1184 666 1221 691 sa-

403 700 478 724 ciunt.

437 745 500 774 Ergo
520 745 561 769 lex
580 750 629 769 non
640 748 678 769 est
690 745 822 773 abrogata,
833 745 881 769 nisi
891 745 982 775 populo
993 746 1050 770 novi
1066 745 1220 773 testamenti.

402 779 449 803 hoc
467 783 514 806 est.
533 784 596 802 novo
615 778 720 805 lioniini.
745 778 769 802 id
789 781 841 805 est.
858 784 918 803 vere
937 778 1014 803 fideli.
1042 779 1105 804 Nam
1124 779 1148 804 hi
1167 784 1221 804 cre-

403 812 464 836 dunt
477 816 579 842 peccata
599 812 646 836 sibi
664 812 773 836 remissa
792 818 860 841 esse,
878 812 983 836 credunt
1002 814 1027 836 et
1045 816 1178 842 peccatum
1196 813 1220 837 in

403 851 477 870 carne
497 846 621 875 reliquum
641 845 786 875 condonari,
804 849 829 870 et
847 848 1017 876 conceperunt
1036 846 1150 876 spiritum
1161 853 1220 871 san-

402 881 478 905 ctum.
497 878 689 903 mortitii-antem
709 879 829 909 reliquias
848 880 946 909 peccati
963 879 1082 909 incarne,
1102 882 1127 904 et
1146 886 1220 905 reno-

401 913 483 938 vantis
502 913 585 936 corda.
621 913 648 937 lli
666 915 767 942 norunt,
786 916 910 942 metuunt,
927 916 1015 937 amant
1030 913 1115 942 deum,
1134 915 1222 938 amant

401 950 426 971 et
445 946 593 976 proximum.
629 947 755 975 Breiiter,
780 947 838 976 quia
856 946 973 971 voluntas
992 952 1096 977 eorum,
1117 947 1219 977 spiritus

401 980 482 1005 sancti
499 980 616 1004 voluntas
635 982 682 1007 est.
700 986 751 1004 non
768 982 875 1009 possunt
893 986 944 1005 non
963 980 987 1004 id
1006 981 1071 1005 velie
1091 981 1221 1012 quodvult

401 1014 503 1044 spiritus
522 1016 635 1038 sanctus.
672 1014 735 1038 Nam
754 1019 820 1038 unus
838 1014 955 1044 spiritus,
975 1020 1032 1039 cum
1052 1015 1100 1039 deo
1119 1021 1217 1040 sumus.

400 1047 454 1073 Non
472 1049 578 1077 possunt
605 1047 681 1076 igitur
698 1053 748 1072 non
767 1051 899 1077 praestare
924 1048 1007 1077 legem
1033 1049 1121 1074 sancti.
1156 1049 1219 1074 Nam

399 1087 431 1106 eo
441 1085 531 1105 natura
542 1081 644 1110 spiritus
660 1081 740 1105 sancti
753 1081 837 1110 trahit,
857 1081 979 1109 occidere.
998 1083 1112 1111 scortari,
1130 1081 1219 1112 furari,

400 1115 500 1139 mentiri
524 1120 573 1138 non
598 1117 681 1144 potest
705 1115 808 1145 spiritus
834 1117 946 1145 sanctus,
964 1121 1026 1145 ergo
1045 1122 1092 1140 nec
1111 1116 1144 1146 is,
1176 1117 1218 1147 qui

400 1154 464 1173 unus
483 1154 539 1172 cum
559 1153 589 1172 eo
607 1149 710 1178 spiritus
729 1150 776 1173 est.

431 1194 468 1218 lia
487 1194 558 1218 vides
576 1194 684 1224 primum
703 1200 718 1218 a
731 1194 789 1223 lege
808 1195 935 1219 neminem
956 1200 1014 1220 esse
1034 1195 1151 1225 liberum,
1169 1196 1217 1221 nisi

398 1234 465 1253 euni.
484 1228 526 1258 qui
544 1228 569 1252 in
588 1228 685 1253 Christo
704 1230 757 1257 est,
784 1234 844 1253 nam
869 1229 911 1253 ille
931 1231 970 1253 est
994 1230 1052 1254 novi
1070 1230 1217 1254 testamenti

398 1261 529 1287 mediator.
542 1261 642 1291 deinde,
660 1262 806 1287 necessario
824 1262 879 1287 fieri
897 1263 982 1292 legem
1002 1263 1141 1293 moralem,
1159 1264 1216 1294 quia

397 1295 422 1320 id
441 1298 515 1325 cogat
532 1298 623 1320 natura
641 1296 753 1326 spiritus,
773 1296 815 1326 qui
831 1296 857 1320 in
881 1296 998 1321 cordibus
1018 1297 1215 1322 Christianorum

396 1331 495 1358 regnat.
531 1329 598 1354 Haec
616 1330 709 1355 Paulus
728 1330 814 1355 Roma.
833 1330 894 1355 vm.

429 1379 502 1404 Dices
527 1381 627 1409 autem,
655 1386 699 1404 cur
719 1380 796 1409 igitur
817 1387 868 1405 non
893 1382 919 1405 et
943 1381 1100 1406 ceremonias
1119 1381 1215 1406 faciunt

396 1413 495 1437 sancti?
529 1413 687 1443 Respondeo,
705 1414 764 1438 Eam
783 1414 847 1444 legis
861 1416 959 1444 partem
969 1416 1116 1440 necessario
1127 1422 1142 1440 a
1155 1422 1214 1441 san-

395 1447 441 1470 ctis
461 1446 522 1473 fieri,
541 1447 612 1472 cuius
631 1447 802 1477 impletionem
820 1449 874 1478 ipse
893 1454 981 1473 secum
992 1449 1095 1478 spiritus
1109 1452 1213 1474 sanctus

395 1479 488 1505 adfert.
522 1480 611 1505 Adfert
628 1484 714 1506 autem
732 1487 820 1506 earum
838 1482 924 1512 legum
943 1483 1130 1513 impletionem,
1149 1489 1212 1513 quae

398 1513 430 1538 de
448 1513 592 1539 adfectibus
611 1514 723 1540 cordium
742 1516 906 1546 praecipiunt,
919 1516 966 1540 hoc
978 1518 1026 1546 est,
1036 1517 1212 1546 cognitionem.

393 1549 499 1585 ιιιεῑιιιιι]Ξ
518 1547 679 1574 dilectionem
698 1548 747 1580 dei,
765 1549 852 1580 sidem,
870 1556 943 1580 spem
962 1552 1009 1575 etc.
1028 1556 1141 1575 amorem
1151 1551 1212 1575 item

394 1587 507 1612 proximi.

429 1631 592 1656 ceremoniae
611 1634 637 1656 et
655 1632 790 1663 iudicialia,
807 1636 911 1663 praeter
928 1634 1011 1659 cordis
1029 1635 1150 1659 iustitiam
1169 1641 1212 1659 ex-

393 1667 482 1690 ternae
500 1666 692 1691 observationes
712 1669 779 1696 sunt,
796 1667 1000 1698 circumscriptae
1018 1668 1096 1697 locis,
1114 1671 1211 1699 tempo-

393 1699 471 1728 ribus,
490 1700 614 1729 personis,
633 1705 696 1730 quas
715 1701 908 1726 observationes
927 1702 987 1731 quia
1006 1708 1057 1726 non
1067 1702 1152 1727 adfert
1169 1708 1211 1727 se-

392 1738 449 1757 cum
469 1733 571 1762 spiritus
596 1736 715 1763 sanctus,
742 1734 800 1759 ideo
828 1738 934 1764 possunt
964 1742 980 1760 a
1005 1736 1100 1760 sanctis
1124 1737 1211 1761 omitti.

393 1767 446 1791 Non
463 1768 547 1796 potest
565 1772 624 1792 esse
643 1768 668 1792 in
687 1767 762 1792 corde
781 1769 893 1793 hnmano
906 1769 1009 1798 spiritus
1021 1772 1132 1799 sanctus,
1151 1770 1211 1800 quin

392 1799 435 1824 fiat
454 1800 496 1824 lex
512 1801 623 1825 moralis.
658 1801 720 1825 Esse
738 1804 821 1831 potest
839 1803 864 1827 in
883 1802 959 1827 corde
977 1803 1088 1828 humano
1106 1804 1210 1834 spiritus

391 1835 504 1863 sanctus,
522 1834 598 1858 etiam
617 1834 672 1859 sine
691 1836 803 1860 externis
822 1836 872 1861 illis
883 1837 1112 1867 observationibus,
1131 1843 1209 1868 quare

390 1873 441 1892 non
459 1868 593 1896 exiguntur
610 1869 763 1894 necessario.

424 1917 458 1941 Ex
475 1917 514 1942 his
535 1917 613 1942 facile
632 1920 672 1943 est
689 1919 819 1948 colligere,
838 1919 863 1943 in
874 1925 922 1950 quo
931 1920 1015 1950 posita
1025 1921 1059 1945 sit
1067 1921 1208 1947 Christiana

388 1950 503 1975 libertas.
522 1951 632 1976 Primum
651 1952 718 1976 enim
737 1953 761 1977 in
781 1958 812 1977 eo
831 1955 878 1981 est,
897 1954 963 1983 quod
974 1953 1096 1979 damnare
1107 1955 1148 1980 lex
1157 1961 1207 1981 non

389 1984 477 2014 possit,
495 1990 639 2015 quanquam
658 1986 782 2011 habentes
806 1990 953 2017 peccatum,
978 1988 1054 2013 modo
1072 1989 1206 2015 credamus

388 2017 452 2047 legis
471 2018 674 2043 maledictionem
694 2026 708 2043 a
728 2020 824 2045 Christo
843 2021 970 2046 sublatam
990 2027 1055 2047 esse.
1079 2023 1152 2048 Fides
1163 2030 1206 2048 au-

388 2052 440 2075 tein
458 2054 486 2076 ut
504 2053 582 2082 pacis,
600 2054 628 2077 ut
646 2053 769 2078 libertatis
789 2057 877 2079 auctor
895 2059 941 2085 est,
961 2062 1009 2080 nec
1027 2056 1095 2080 aliud
1111 2063 1138 2081 re
1151 2057 1207 2087 ipsa

387 2085 501 2114 libertas,
520 2091 595 2116 quam
614 2092 663 2116 pax
682 2090 729 2116 est,
749 2088 818 2112 cuius
841 2088 866 2112 in
886 2089 971 2119 quinto
996 2090 1077 2120 eapite
1101 2090 1152 2121 [vs.
1175 2091 1206 2121 1.]

388 2119 420 2143 ad
438 2118 508 2143 Rom.
534 2120 647 2144 meminit
665 2121 806 2150 Apostolus.
835 2122 964 2147 iustificati
988 2129 1019 2147 ex
1043 2123 1092 2148 fide
1115 2130 1205 2154 pacem

388 2153 522 2177 habemus.
542 2154 594 2178 Huc
611 2155 737 2183 pertinent
755 2161 786 2180 ea
805 2161 869 2185 quae
888 2156 919 2180 de
938 2156 1055 2182 libertate
1066 2160 1126 2183 sunt
1138 2158 1205 2188 apud

386 2185 488 2243 {eglaim
506 2193 559 2217 cap.
577 2187 632 2212 vul.
651 2188 700 2218 [vs.
711 2189 774 2220 36.:]
793 2190 818 2213 Si
837 2195 881 2215 vos
894 2190 960 2215 filius
974 2191 1127 2222 liberaverit,
1145 2198 1205 2216 vere

396 2226 402 2243 i
423 2226 459 2244 eri
477 2221 548 2245 estis.

418 2269 509 2308 Postea
527 2277 587 2296 vero
607 2278 682 2302 quam
701 2278 744 2297 cor
761 2273 808 2298 lioc
826 2274 950 2300 libertatis
968 2281 1072 2304 genere,
1092 2276 1138 2300 hoc
1157 2281 1204 2307 est,

387 2309 536 2329 remissione
561 2309 721 2335 peccatorum
748 2310 865 2337 pacatum
884 2313 936 2336 est,
967 2310 1025 2339 quia
1052 2310 1154 2339 spiritus
1178 2311 1203 2335 in

386 2337 436 2361 tale
456 2344 499 2362 cor
516 2339 669 2366 effunditur.
698 2341 747 2365 iam
773 2341 814 2366 lex
829 2341 869 2366 dei
888 2342 927 2371 iit,
953 2344 1113 2371 cognoscitur
1131 2344 1203 2373 deus,

389 2370 474 2395 fiditur
492 2371 548 2397 deo.
568 2374 670 2398 timetur
689 2373 752 2399 deus
771 2381 800 2399 ac
811 2375 930 2405 diligitur.
948 2377 1064 2405 Diligitur
1077 2379 1101 2402 et
1120 2378 1203 2407 proxi-

384 2410 451 2433 mus,
470 2406 633 2432 mortificatur
651 2409 859 2439 concupiscentia=
879 2410 1068 2435 sanctificantur
1091 2417 1202 2441 corpora.

386 2438 413 2475 Et
433 2439 456 2462 in
475 2440 541 2463 liunc
560 2441 664 2465 niodum
683 2442 713 2465 de
733 2443 849 2467 libertate
867 2443 976 2474 loquitur
994 2445 1087 2469 Paulus
1106 2445 1131 2469 ll.
1158 2446 1202 2470 Co-

386 2473 459 2509 rinth.
480 2473 515 2497 lli.
533 2474 580 2504 [vs.
603 2476 662 2505 17.:l
694 2476 738 2500 L'bi
768 2477 870 2507 spiritus
901 2477 1010 2505 domini,
1032 2479 1064 2503 ibi
1091 2479 1202 2504 libertas.

385 2505 533 2536 Priusquam
554 2508 620 2533 enim
640 2515 683 2533 cor
700 2514 850 2535 renovatum
869 2511 946 2536 fuerit
964 2518 978 2536 a
998 2513 1085 2542 spiritu
1105 2516 1201 2543 sancto,

395 2539 469 2567 plane
489 2547 570 2571 neque
590 2543 692 2568 timetur
711 2544 783 2573 deus,
802 2551 884 2576 neque
903 2546 978 2571 fidiur
989 2546 1047 2571 deo.
1084 2547 1202 2572 Simulari
1219 2555 1221 2559 ⁴

1265 219 1306 243 lex
1324 221 1423 248 potest,
1448 219 1504 244 nei-i
1526 225 1577 244 non
1601 221 1699 249 potest,
1723 220 1773 245 nisi
1801 221 1903 251 spiritus
1922 224 2026 248 sanctus
2046 229 2091 249 cor

1264 252 1467 278 inflammaverit.

1299 286 1361 316 Quia
1379 292 1443 311 novo
1462 288 1616 311 testamento
1635 291 1685 310 non
1704 286 1757 316 lex,
1782 287 1829 312 sed
1854 288 1957 318 spiritus
1982 290 2086 315 sanctus

1265 319 1346 345 datur.
1381 320 1431 345 lani
1451 322 1477 345 et
1495 319 1657 349 Evangelium
1677 322 1774 344 tautum
1793 322 1833 345 est
1851 321 2018 347 ministerium
2036 324 2086 354 spi-

1264 354 1336 383 ritus,
1354 356 1379 378 et
1397 354 1458 378 niliil
1477 354 1618 383 praedicat,
1644 353 1693 378 nisi
1711 354 1889 380 remissionem
1914 358 2086 387 peccatorum,

1265 387 1321 412 ideo
1340 387 1412 412 liberi
1430 394 1520 412 sumus
1538 388 1570 412 ab
1589 388 1706 412 omnibus
1725 388 1836 413 externis
1855 389 2086 421 observationibus,

1265 422 1290 445 et
1308 421 1466 451 ceremoniis,
1485 421 1550 452 quod
1569 421 1615 446 lias
1634 427 1684 446 non
1702 421 1804 446 adferat
1822 428 1910 447 secum
1929 425 2020 448 natura
2034 424 2086 454 spi-

1264 455 1327 480 ritus
1347 454 1395 480 dei.
1414 455 1532 485 Adeoque
1554 455 1697 480 Christiana
1722 456 1816 480 iustitia
1836 455 1910 485 plane
1936 457 2020 482 cordis
2045 458 2084 482 in-

1264 489 1332 513 stitia
1351 492 1398 519 est,
1416 495 1466 513 non
1485 492 1648 514 externarum
1667 490 1883 518 observationum,
1907 492 1936 514 ut
1960 490 1985 514 in
2003 491 2084 516 Evan-

1264 523 1332 551 gelio
1350 522 1418 552 [Luc.
1440 523 1478 552 17,
1497 523 1550 553 21.]
1570 523 1683 548 Christus
1703 524 1744 553 ait,
1764 523 1878 553 Regnum
1898 523 1939 548 dei
1951 523 2019 549 intra
2037 531 2085 550 vos

1265 561 1311 580 est.
1346 557 1375 581 Et
1400 557 1494 581 Paulus
1519 557 1561 581 Ro.
1587 557 1656 582 xilll.
1674 557 1721 587 [vs.
1745 557 1808 587 17.:]
1832 558 1887 582 Non
1909 559 1948 582 est
1975 563 2085 588 regnum

1266 589 1314 619 dei,
1332 596 1391 615 esca
1410 593 1453 615 aut
1471 592 1554 620 potus,
1572 591 1619 616 sed
1638 591 1740 621 iustitia,
1759 597 1816 621 pax,
1835 593 1861 616 et
1872 591 2085 622 gaudiuminspi-

1264 623 1313 648 ritu
1332 625 1428 649 sancto.
1464 625 1542 655 Atque
1561 625 1626 649 haec
1644 631 1737 650 caussa
1755 627 1807 654 est,
1832 631 1877 649 cur
1901 631 1916 650 a
1935 625 2084 650 Christianis

1264 663 1311 682 nec
1329 658 1498 687 ceremoniae,
1517 664 1564 683 nec
1582 658 1679 683 formae
1698 658 1848 683 iudiciorum
1863 659 2002 688 exigantur.
2021 659 2085 684 Cae-

1263 694 1345 716 terum
1364 697 1443 722 penes
1461 698 1508 717 nos
1527 694 1574 721 est,
1593 693 1629 717 uti
1647 693 1687 717 vel
1705 698 1756 717 non
1775 693 1810 717 uti
1827 693 1943 718 Mosaicis
1963 693 2084 718 observa-

1263 725 1380 750 tionibus.

1333 759 1395 788 Quid
1413 759 1523 783 senserit
1542 759 1573 784 de
1592 760 1792 784 ceremoniarum
1811 760 1977 789 abrogatione
1997 760 2084 785 Hiero-

1263 797 1362 822 nymus,
1381 793 1456 817 etiam
1475 793 1615 818 tonstrinae
1634 796 1734 823 norunt,
1753 793 1799 818 sed
1818 793 1843 817 in
1862 799 1893 818 ea
1911 793 2082 824 disputatione

1262 831 1326 856 quos
1349 828 1453 851 secutus
1473 826 1518 855 sit,
1542 827 1597 856 ipse
1615 826 1712 851 viderit.
1748 827 1878 857 Scriptura
1897 830 1967 852 certe
1987 828 2080 853 liberas

1262 859 1323 884 facit
1340 866 1428 884 omnes
1447 860 1593 885 huiusmodi
1611 860 1818 890 observationes,
1837 863 1865 885 ut
1882 861 1948 885 inter
1965 861 2083 892 ludaeos,

1261 893 1375 918 iudaicos
1393 895 1465 924 ritus,
1482 894 1548 918 inter
1566 896 1665 924 gentes,
1683 894 1792 923 gentiles
1811 900 1914 919 servare
1924 895 2016 925 possis.
2034 895 2083 920 No-

1261 930 1302 952 tus
1321 927 1392 952 locus
1419 929 1459 952 est
1481 927 1507 951 in
1525 927 1608 957 priore
1627 927 1737 958 Epistola
1759 927 1792 952 ad
1817 928 1966 953 Corinthios.
2010 929 2084 953 Errat

1263 961 1303 991 qui
1322 961 1399 991 exigit
1416 961 1641 991 circumcisionem,
1659 963 1780 992 tanquam
1799 961 1980 986 necessariam.
2002 962 2083 992 Errat,

1262 995 1323 1019 item
1342 996 1383 1026 qui
1399 996 1469 1019 vetat
1488 995 1712 1024 circumcisionem,
1731 997 1853 1025 tanquam
1871 995 1981 1025 impiam.
2008 996 2082 1020 Errat

1261 1029 1323 1053 item
1341 1029 1382 1059 qui
1400 1029 1437 1054 sic
1454 1030 1523 1053 vetat
1540 1029 1695 1053 simulachra
1713 1029 1811 1058 haberi.
1830 1030 1951 1059 tanquam
1964 1034 2012 1059 per
2019 1035 2081 1054 sese

1262 1062 1366 1092 impium
1385 1063 1425 1088 sit.
1461 1063 1533 1087 Errat
1545 1063 1606 1087 item
1624 1063 1666 1093 qui
1683 1062 1719 1087 sic
1737 1064 1824 1087 tuetur
1841 1063 2005 1093 simulachra,
2025 1065 2081 1088 tan-

1262 1102 1336 1126 quam
1355 1096 1459 1126 impium
1477 1097 1511 1121 sit
1527 1096 1589 1121 tolli.
1622 1097 1695 1121 Errat
1712 1096 1754 1126 qui
1777 1098 1850 1127 putat
1872 1097 1975 1127 impium
2001 1096 2080 1121 edere

1261 1130 1364 1155 suillam
1382 1136 1493 1155 carnem.
1531 1131 1604 1155 Errat
1627 1131 1696 1160 item,
1715 1130 1756 1160 qui
1780 1132 1852 1160 putat
1869 1131 1983 1160 impium,
2001 1131 2081 1155 absti-

1261 1170 1322 1189 nere
1342 1170 1357 1188 a
1375 1165 1457 1189 suilla.
1492 1164 1575 1189 Media
1598 1167 1659 1189 sunt
1683 1165 1756 1193 haec,
1779 1164 1847 1188 etin
1871 1164 1976 1189 arbitrio
1993 1165 2081 1189 nostro

1261 1198 1351 1228 posita.
1388 1199 1429 1223 Sic
1447 1200 1473 1223 et
1492 1198 1522 1222 de
1541 1198 1697 1222 Eucharistia
1714 1197 1806 1227 iudico,
1824 1203 1875 1222 non
1892 1203 2014 1228 peccare,
2038 1197 2081 1228 qui

1260 1232 1371 1256 scientes
1388 1232 1464 1257 liuius
1482 1232 1606 1256 libertatis
1617 1250 1623 1261 ‚
1648 1233 1673 1256 et
1696 1231 1845 1261 credentes,
1871 1232 1996 1257 alterutra
2013 1231 2081 1261 signi

1259 1267 1331 1296 parte
1349 1267 1453 1291 utantur
1460 1264 1493 1296 ⁸).
1512 1266 1632 1291 Dominus
1651 1266 1692 1291 est
1709 1265 1776 1290 enim
1794 1264 1861 1291 filius
1875 1265 1992 1295 hominis,
2002 1265 2080 1291 etiam

1259 1300 1366 1325 sabbati.
1402 1300 1470 1329 Quae
1490 1299 1521 1324 de
1541 1299 1691 1324 ceremoniis
1709 1299 1826 1330 diximus,
1835 1299 1927 1324 eadem
1946 1299 2079 1325 deformis

1258 1333 1406 1358 iudiciorum
1425 1333 1557 1359 sentimus.
1582 1333 1750 1358 Christianum
1769 1333 1805 1358 uti
1822 1339 1899 1363 posse
1917 1333 2077 1359 velludaicis

1259 1367 1368 1397 legibus,
1385 1367 1427 1392 vel
1445 1367 1590 1397 gentilibus.
1628 1367 1738 1392 Obsecro
1763 1367 1830 1391 enim
1855 1367 1915 1397 quid
1932 1367 2001 1392 aliud
2018 1369 2080 1393 sunt

1257 1401 1407 1426 iudiciorum
1424 1401 1532 1431 formae,
1551 1407 1627 1432 quam
1646 1406 1733 1425 rerum
1758 1403 1922 1426 externarum
1946 1400 2025 1426 civilis
2051 1403 2079 1426 et

1257 1437 1364 1459 externa
1382 1435 1522 1465 dispositio,
1541 1441 1606 1466 quae
1624 1441 1676 1460 non
1693 1435 1776 1465 magis
1790 1434 1822 1460 ad
1841 1435 1957 1466 spiritum
1965 1435 2078 1466 pertinet

1257 1475 1333 1500 quam
1352 1469 1458 1499 sutoria,
1475 1471 1520 1494 aut
1537 1470 1601 1494 ratio
1621 1469 1793 1500 colendiagri‚
1812 1469 1935 1501 coquendi
1944 1471 1992 1494 etc.
2012 1469 2075 1494 Con-

1256 1503 1362 1528 tendere
1387 1503 1478 1528 iudicio
1497 1503 1646 1529 Christianis
1669 1509 1720 1528 non
1743 1504 1810 1534 licet,
1833 1504 1879 1529 sed
1904 1510 1936 1528 ea
1959 1509 2012 1528 non
2035 1503 2077 1528 est

1256 1536 1321 1566 legis
1339 1537 1503 1567 abrogandae
1522 1543 1621 1563 caussa.
1647 1538 1720 1568 Nam,
1738 1539 1766 1563 ut
1778 1538 1888 1562 maxime
1900 1539 2015 1568 peccent,
2034 1537 2076 1567 qui

1255 1571 1362 1601 litigant,
1380 1577 1432 1596 non
1448 1573 1537 1601 peccat
1555 1574 1642 1596 tamen
1660 1572 1702 1602 qui
1719 1571 1833 1601 gladium
1851 1571 2021 1602 administrat,
2036 1571 2076 1596 iu-

1256 1604 1306 1629 dex
1323 1607 1367 1630 aut
1383 1605 1588 1631 Iurisconsultus.
1624 1606 1691 1635 Opus
1701 1605 1827 1630 habemus
1844 1605 1952 1635 iudiciis,
1969 1606 1996 1630 et
2006 1605 2076 1635 legi-

1255 1638 1303 1663 bus
1322 1638 1446 1663 adversus
1465 1640 1524 1668 vini,
1543 1641 1571 1664 ut
1588 1639 1723 1669 Apostolus
1742 1639 1783 1664 ait.
1818 1639 1863 1665 Dei
1887 1639 2002 1664 minister
2026 1639 2075 1669 est,

1254 1672 1346 1697 vindex
1364 1673 1389 1696 in
1406 1673 1470 1697 iram
1490 1673 1530 1697 dei
1548 1673 1591 1703 qui
1609 1673 1676 1697 male
1694 1672 1754 1703 agit,
1772 1673 1814 1697 Ro.
1824 1673 1884 1698 xm.
1902 1673 1951 1703 [vs.
1963 1672 2009 1703 4.].
2026 1673 2074 1697 Ρο-

1257 1707 1307 1731 test
1324 1707 1409 1736 itaque
1428 1706 1586 1731 Christianus
1605 1706 1681 1731 iudex
1699 1707 1736 1731 uti
1753 1707 1794 1731 vel
1813 1707 1935 1736 Mosaicis‚
1954 1706 1995 1731 vel
2009 1712 2073 1736 gen-

1254 1739 1339 1764 tilibus
1357 1740 1457 1770 legibus
1475 1741 1501 1765 in
1518 1740 1661 1765 iudicando.
1694 1741 1758 1765 Nam
1780 1741 1806 1764 in
1830 1740 1898 1765 Actis
1921 1740 2072 1770 Apostolicis

1253 1775 1323 1798 vetat
1339 1774 1441 1804 spiritus
1459 1776 1563 1799 sanctus
1580 1774 1666 1804 legem
1679 1773 1774 1804 imponi
1790 1773 1917 1803 gentibus.
1936 1775 1961 1799 et
1978 1773 2073 1799 Paulus

1252 1807 1365 1837 gladium
1389 1808 1504 1837 gentium
1528 1808 1626 1838 probat.
1660 1809 1738 1833 Porro
1756 1807 1835 1838 gladii
1852 1808 1985 1838 potissima
2003 1813 2072 1838 pars,

1253 1842 1327 1870 leges
1353 1842 1467 1871 gentium
1487 1843 1553 1867 sunt.
1583 1842 1611 1866 Et
1628 1841 1712 1871 gladio
1735 1842 1850 1872 gentium
1876 1842 1917 1866 usi
1939 1843 2006 1872 sunt,
2021 1842 2072 1867 Na-

1252 1876 1346 1900 baman
1363 1877 1450 1906 Syrus,
1467 1875 1676 1905 Nabugdonosor.
1693 1876 1723 1900 Et
1739 1875 1807 1900 haud
1826 1876 1878 1901 scio
1896 1881 1930 1900 an
1941 1875 2072 1905 gesserint

1252 1910 1328 1934 etiam
1354 1910 1442 1935 Daniel
1468 1912 1495 1934 et
1518 1910 1562 1934 alii
1584 1910 1715 1935 israelitae
1740 1910 1806 1934 inter
1830 1909 1953 1939 Assyrios.
1996 1909 2070 1934 Certe

1251 1943 1364 1973 gentium
1389 1944 1502 1974 gladium
1516 1944 1597 1974 gessit
1614 1943 1769 1974 praesidium
1792 1944 1933 1969 Romanuin
1956 1943 2069 1968 Iudaeae

1250 1977 1405 2007 impositum,
1425 1980 1451 2002 et
1467 1978 1583 2008 probavit
1598 1978 1684 2003 lolian.
1701 1977 1783 2002 Lucae
1800 1978 1838 2002 ΙΙΙ.
1852 1977 1944 2008 [vs.1.]
1961 1983 2070 2007 gessere

1251 2013 1277 2035 et
1295 2011 1424 2036 Cornelius
1442 2013 1560 2036 Actorum
1577 2012 1606 2036 X.
1625 2012 1652 2036 et
1668 2012 1772 2041 Sergius
1791 2012 1915 2037 PROCOS.
1951 2012 2069 2036 Actorum

1250 2045 1308 2069 xm.
1331 2046 1400 2070 Haec
1416 2045 1473 2070 ideo
1491 2045 1617 2075 recensui,
1636 2047 1662 2070 ut
1680 2045 1817 2075 intelligas,
1836 2045 1946 2070 iustitiae
1964 2045 2068 2075 spiritus

1250 2079 1310 2104 nihil
1327 2079 1434 2109 referre,
1452 2079 1599 2105 huiusmodi
1616 2081 1748 2104 externam
1766 2085 1853 2104 rernm
1868 2079 2068 2109 dispositionem,

1249 2112 1294 2135 καὶ
1312 2112 1474 2145 οἰκονομίαν.

1285 2147 1414 2176 Quatenus
1432 2147 1505 2172 liberi
1523 2147 1611 2176 simus,
1630 2147 1752 2173 diximus,
1773 2147 1901 2176 Quatenus
1925 2149 2012 2172 antem
2037 2147 2067 2172 li-

1249 2181 1348 2205 bertate
1377 2181 1498 2206 utendum
1527 2182 1567 2210 sit,
1593 2181 1666 2205 docet
1684 2181 1777 2205 Paulus
1803 2187 1860 2206 cuni
1879 2182 1942 2206 alias
1967 2184 2022 2206 tum
2040 2181 2066 2206 in

1249 2214 1389 2245 Corinthiis,
1409 2217 1435 2240 ut
1453 2217 1625 2245 praestemus,
1647 2221 1678 2239 ne
1705 2221 1761 2239 cum
1772 2215 1894 2240 scandalo
1912 2215 1999 2241 fratris
2010 2217 2065 2240 uta-

1249 2254 1306 2273 mur
1323 2249 1440 2274 libertate
1458 2252 1553 2274 nostra.
1588 2249 1616 2274 Et
1634 2249 1658 2273 in
1677 2249 1771 2274 Galatis
1790 2249 1825 2279 [5,
1847 2249 1905 2280 13.],
1924 2250 1959 2274 Ne
1974 2249 2065 2274 demus

1247 2282 1390 2307 libertatem
1409 2283 1434 2307 in
1453 2283 1612 2308 occasionem
1632 2284 1707 2307 carni.
1742 2285 1771 2307 At
1789 2289 1856 2308 nunc
1873 2283 1974 2313 quidam
1994 2283 2065 2307 nulla

1247 2322 1274 2340 re
1293 2317 1342 2341 alia
1362 2318 1495 2342 Christiani
1512 2318 1592 2342 videri
1609 2318 1709 2347 volunt,
1737 2323 1812 2347 quam
1831 2319 1976 2347 contemptu
1995 2323 2064 2341 cere-

1248 2351 1397 2381 moniarum,
1416 2352 1498 2376 omnis
1517 2352 1656 2380 civilitatis,
1684 2357 1748 2381 quae
1767 2352 1853 2375 tamen
1872 2353 2003 2376 creaturae
2023 2351 2065 2375 dei

1248 2385 1328 2408 bonae
1354 2387 1420 2409 sunt.
1472 2386 1557 2416 Neque
1582 2385 1624 2410 alii
1650 2385 1785 2415 Evangelio
1808 2386 1904 2409 tantum
1930 2384 2064 2410 conciliant

1246 2418 1304 2447 odii,
1323 2422 1444 2448 quantum
1463 2420 1495 2447 lii,
1514 2420 1555 2450 qui
1573 2425 1618 2449 pro
1637 2425 1684 2444 sua
1703 2419 1805 2444 libidine
1824 2419 1871 2443 hac
1889 2419 2007 2444 libertate
2017 2420 2061 2444 ab-

1246 2454 1357 2478 utuntur.
1377 2455 1403 2477 ut
1420 2453 1495 2483 plane
1514 2453 1594 2478 videri
1612 2453 1710 2483 possint
1734 2453 1759 2478 hi
1783 2459 1850 2482 esse,
1869 2453 1910 2483 qui
1932 2453 1957 2477 in
1976 2455 2059 2479 castra

1271 2552 1291 2577 ⁸)
1306 2554 1332 2572 Iii
1347 2555 1443 2578 margine
1458 2554 1522 2573 liuius
1539 2554 1584 2572 Ed:
1600 2555 1631 2572 De
1646 2556 1712 2573 altera
1727 2556 1801 2578 specie
1816 2558 1953 2574 sacramenti.
