2358 2933
95 136 155 168 461

95 238 193 270 quam
215 237 326 258 onera.
371 226 425 257 Ad
453 225 520 256 hoc
545 225 749 266 respondeo:
780 225 962 264 Abrogatio
986 223 1069 265 legis

94 269 317 311 principaliter
338 267 476 309 intelligi
505 268 602 298 debet
631 268 673 298 de
693 267 909 308 abrogatione
932 266 1011 296 iuris
1034 265 1070 296 il-

94 312 176 350 lius,
200 312 287 353 quod
309 311 378 342 Lex
400 310 560 347 habebat,
583 309 738 341 videlicet
761 308 848 350 quod
871 318 984 338 omnes
1011 307 1070 338 ho-

95 356 201 386 mines
235 355 412 384 accusabat
446 358 479 383 et
501 353 751 383 condemnabat.
797 350 972 391 sicigitur
1001 360 1070 380 cre-

95 397 183 428 denti
205 402 272 426 tota
301 395 355 426 lex
376 396 538 436 abrogata
562 400 629 432 est,
658 392 839 434 decalogus
864 398 896 423 et
925 390 1070 433 reliquae

94 444 206 480 partes
227 437 330 479 legis3
364 437 453 479 quod
475 436 628 467 videlicet
655 434 719 466 alia
749 445 803 465 res
826 435 996 475 proposita
1019 440 1070 465 est

95 482 137 512 ad
159 481 380 522 quaerendam
408 480 635 510 remissionem
663 483 874 517 peccatorum
902 482 933 507 et
955 476 1069 507 iustifi-

95 524 264 563 cationem‚
288 533 384 563 quam
407 521 478 558 lex3
500 522 586 558 item,
611 520 700 560 quod
721 518 775 550 lex
789 529 855 550 non
875 519 1070 550 condemnat

96 565 279 602 credentes,
305 565 430 595 etiamsi
453 573 518 594 non
542 561 746 593 satisfaciunt
770 560 847 603 legi.
883 561 979 596 Quod
992 572 1071 602 quo-

95 608 201 638 modo·
216 606 353 648 intelligi
376 607 504 643 debeat,
527 615 626 645 supra
650 605 771 635 dictum
795 610 854 635 est.
889 603 961 634 Hoc
973 604 1070 634 modo

94 650 272 690 praecipue
295 648 430 690 intelligi
461 648 558 678 debet
586 646 723 677 libertas
753 656 813 676 seu
835 646 1007 687 abrogatio
1031 646 1071 676 de

94 698 163 722 tota
185 690 278 732 lege;
307 692 382 732 quia
403 691 486 721 satis
510 694 654 726 constat,
682 698 724 719 ne
748 688 877 729 quidem
899 698 919 719 a
948 689 1071 719 sanctis

95 743 198 774 opera
219 732 370 773 decalogi
397 731 542 773 perfecte
572 731 658 767 fieri;
686 737 763 761 sunt
785 731 871 761 enim
893 731 925 761 in
948 731 1071 761 sanctis

94 774 251 816 reliquiae
272 776 400 815 peccati
419 782 466 805 etc.
489 776 532 809 ⁶⁰)
577 773 708 804 Liberat
737 774 835 814 igitur
855 772 1072 815 Evangelium

95 818 382 853 conscientiamffl)
401 814 459 847 illo
471 815 620 847 horm'bili
632 825 742 853 onere,
766 814 918 846 videlicet
940 815 1072 846 terrori-

95 861 158 892 bus
181 865 214 890 et
240 865 362 897 morte,
394 869 490 900 quam
513 857 693 899 decalogus
717 859 841 889 incutit.
886 857 969 888 Nam
1000 868 1073 888 cum

95 901 219 933 Paulus
243 902 286 932 ait
311 900 400 940 [Gal.
413 901 444 938 3,
458 901 589 941 9sqq.]‚
612 910 674 930 nos
698 911 717 930 a
736 899 965 931 maledictione
987 899 1072 941 legis

95 943 243 981 liberari,
262 949 362 974 >certe
389 943 431 973 de
458 948 526 973 tota
549 942 624 984 lege
645 941 804 983 loquitur,
834 953 873 972 ac
896 944 1074 983 praecipue

95 986 138 1017 de
160 985 334 1027 decalogo,
359 986 412 1026 qui
436 986 540 1026 magis
563 991 699 1015 accusat
723 991 755 1016 et
777 984 953 1022 maledicit,
977 995 1074 1026 quam

96 1034 249 1059 caeterae
271 1033 382 1068 partes
406 1026 502 1068 legis.

181 1086 249 1117 Sed
262 1087 347 1117 dicet
359 1085 490 1126 aliquis:
508 1085 544 1116 Si
555 1091 625 1116 tota
635 1083 690 1116 lex
705 1091 755 1115 est
773 1086 946 1126 abrogata,
971 1095 1074 1126 quare

94 1128 170 1160 licet
194 1129 295 1159 omitti
319 1129 525 1163 ceremonias
548 1134 581 1158 et
603 1126 778 1165 iudieialia,
801 1126 953 1158 nonlicet
966 1134 1075 1158 autem

95 1171 197 1202 omitti
221 1180 322 1212 opera
345 1169 519 1210 decalogi?
562 1169 783 1210 Respondeox
808 1169 1024 1200 Ceremoniae
1042 1176 1073 1200 et

93 1211 258 1244 iudicialia
268 1212 378 1254 Moysi
401 1219 475 1243 sunt
500 1218 656 1243 externae
678 1218 709 1243 et
731 1212 923 1252 corporales
947 1213 1074 1243 ordina-

95 1256 203 1286 tiones
228 1260 338 1285 certae
361 1255 481 1295 gentiS‚
505 1260 537 1285 et
560 1254 602 1285 ad
625 1261 753 1295 tempus
778 1255 933 1292 traditae,
957 1265 996 1286 ac
1021 1255 1074 1285 de-

94 1298 314 1337 siturae'post
335 1296 509 1338 Evangelii
531 1295 784 1335 revelationem,
812 1303 847 1328 ut
869 1298 900 1327 in
924 1296 1074 1338 Epistola

94 1339 137 1371 ad
158 1339 330 1370 Hebraeos
355 1340 520 1370 scribitur.
564 1338 780 1381 Evangelium
804 1345 912 1370 autem
937 1350 1010 1371 cum
1033 1340 1074 1370 de

93 1383 160 1413 vita
182 1380 344 1422 spirituali
367 1387 398 1412 et
427 1387 563 1413 aeterna
585 1383 816 1419 concionetur,
843 1392 910 1413 non
938 1383 1073 1423 requirit

92 1423 168 1455 illas
191 1429 345 1455 externas
368 1424 591 1455 ordinationes
608 1423 786 1459 Mosaicas,
811 1425 887 1465 quia
910 1425 954 1464 ad
975 1426 1073 1455 vitam

94 1465 302 1507 corporalem
324 1467 499 1506 pertinent.
529 1466 570 1497 Et
593 1472 701 1498 tamen
725 1467 801 1508 quia
823 1466 930 1498 adfert
953 1478 1073 1498 novam

94 1515 127 1539 et
161 1507 365 1548 spiritualem
397 1509 515 1546 vitam,
556 1510 690 1550 requirit
732 1510 952 1540 obedientiam
993 1520 1073 1551 erga

94 1550 218 1588 Deum,
241 1551 407 1591 praedicat
429 1552 677 1591 poenitentiam,
706 1558 738 1582 et
768 1552 900 1582 damnat
922 1553 1073 1582 vitiosam

93 1599 259 1629 naturam,
292 1593 439 1632 reprimit
472 1595 790 1634 concupiscentian13
831 1594 903 1624 ideo
938 1595 1073 1635 requirit

94 1633 276 1675 spiritualia
297 1644 413 1675 opera,
437 1645 522 1675 quae
546 1636 577 1665 in
601 1635 763 1676 decalogo
787 1636 957 1666 docentur.
1002 1636 1073 1667 Ma-

93 1683 149 1707 net
172 1677 256 1707 enim
278 1677 311 1707 in
338 1683 455 1708 natura
483 1676 625 1708 hominis
648 1679 762 1709 notitia
790 1677 947 1708 natm-alis
977 1679 1072 1709 deca-

93 1718 174 1761 logi,
197 1729 257 1749 seu
280 1718 391 1760 legum
413 1718 595 1757 moralium,
618 1731 704 1760 quae
729 1721 847 1751 docent
872 1731 933 1750 nos
957 1721 1071 1752 dehac

93 1762 290 1791 obedientia.
330 1761 442 1796 Quare
465 1760 600 1792 stultum
623 1761 721 1793 suerit
745 1763 792 1793 sic
815 1761 999 1803 intelligere
1016 1764 1072 1794 ab·

93 1804 298 1844 rogationem
332 1802 495 1845 decalogi,
519 1805 614 1844 quasi
638 1805 741 1835 omitti
764 1811 881 1845 posset
911 1806 994 1836 sicut
1021 1815 1072 1835 ce·

92 1846 269 1883 remoniae,
295 1855 367 1876 cum
389 1847 421 1876 in
435 1848 597 1877 mentibus
610 1848 734 1877 nostris
748 1848 890 1887 scriptus
903 1848 956 1878 sit.
992 1847 1072 1878 Cae-

92 1893 198 1918 terum
220 1893 382 1928 quatenus
405 1898 468 1919 nos
492 1890 705 1927 condemnat,
729 1890 851 1930 opponi
874 1891 970 1920 debet
993 1890 1072 1921 iudi-

93 1931 144 1961 cio
168 1929 309 1960 natm·ali
331 1930 550 1972 Evangelium
579 1932 620 1962 de
650 1933 866 1974 abrogatione
894 1931 1071 1970 maledicti,

93 1972 134 2003 de
156 1983 221 2013 qua
244 1982 343 2013 supra
366 1973 516 2004 diximus.

178 2038 347 2070 Hactenus
372 2040 480 2071 adhuc
499 2041 540 2072 de
559 2042 626 2072 vita
643 2041 801 2082 spirituali
821 2043 969 2074 diximus.
1004 2043 1071 2074 Sed
1091 2040 1093 2066 ἶ

93 2082 134 2112 de
157 2082 322 2112 exteriore
345 2089 375 2112 et
400 2082 564 2122 corporali
587 2084 654 2114 vita
678 2085 845 2115 sciendum
869 2092 939 2123 est,
971 2086 1070 2127 quod,

93 2134 278 2165 quanquam
300 2123 514 2165 Evangelium
538 2136 604 2156 non
627 2128 762 2168 requirit
783 2127 966 2159 Mosaicam
989 2128 1070 2169 poli-

92 2167 179 2204 tiam,
201 2172 308 2196 tamen
333 2167 417 2198 sieut
436 2178 502 2198 non
525 2167 638 2199 abolet
660 2169 906 2201 Arithmeticam
929 2177 985 2201 aut
1004 2170 1070 2201 elo·
1090 2191 1091 2196 ,

93 2209 268 2249 quentiam,
292 2210 336 2239 ita
358 2219 421 2240 nec
444 2211 494 2240 ius
518 2216 664 2249 naturae,
688 2212 752 2244 hoc
777 2219 837 2250 est,
861 2212 1011 2244 naturale
1025 2215 1069 2244 iu·
1090 2228 1091 2238 π

94 2251 211 2282 dicium
241 2252 282 2282 de
299 2253 447 2283 moribus
471 2258 503 2283 et
527 2252 612 2283 civili
643 2254 709 2285 vita
732 2254 851 2286 abolet.
892 2255 966 2286 Non
985 2257 1069 2287 enim

93 2294 267 2334 corrumpit
287 2300 448 2332 naturam,
472 2295 531 2325 sed
554 2297 662 2335 potius
685 2303 782 2328 sanat
804 2309 843 2329 ac
856 2300 899 2339 ⁶²)
918 2300 1069 2330 restituit.
1090 2294 1091 2316 ³

92 2334 222 2366 Retinet
251 2337 350 2377 igitur
381 2338 431 2368 ius
461 2344 614 2375 naturae,
648 2338 712 2369 hoc
741 2346 810 2377 est,
846 2341 1069 2372 ordinationes

93 2455 138 2486 ⁶0)
157 2457 204 2480 etc.
224 2454 338 2480 addunt
355 2457 428 2481 Editt.
449 2457 472 2480 7.
493 2459 515 2483 8.
535 2458 564 2480 11
578 2459 659 2481 -14,
679 2460 705 2483 et
722 2459 783 2489 opp.

93 2506 138 2533 61)
158 2506 347 2538 conscientiam]
369 2508 441 2532 Editt.
463 2509 485 2531 7.
505 2510 528 2533 8.
551 2509 656 2533 11—14.
675 2512 701 2533 et
719 2509 794 2539 Opp.:
815 2510 981 2534 conscientias

93 2557 137 2586 62)
156 2556 194 2587 ac]
216 2557 252 2581 Sic
269 2557 341 2582 Editt.
364 2559 384 2583 1.
401 2559 425 2581 4.
446 2559 468 2584 5.
487 2560 518 2589 9.;
536 2560 609 2584 Editt.
629 2560 651 2581 *2-
672 2559 747 2581 6—8.
769 2560 796 2581 11
809 2560 886 2584 -14,
905 2562 930 2603 gt
949 2561 1023 2591 0pp,:
1043 2562 1068 2585 et
1087 2565 1090 2587 ;

541 133 564 164 1.
588 132 689 164 LOCI
712 131 986 164 THEOLOGICI:
1010 132 1046 163 C.
1070 131 1280 164 SECUNDA
1302 130 1459 163 EORUM
1481 131 1638 163 AETAS.

2034 133 2096 163 462

1113 224 1274 255 honestas
1297 225 1338 255 de
1362 225 1589 266 coniugio,⁶³)
1613 224 1841 255 distinctiones
1866 224 2093 264 dominiorum,

1113 267 1338 307 magistratus,
1363 267 1491 297 iudicIa.
1537 267 1695 298 Naturam
1718 267 1802 297 enim
1822 265 1963 303 tolleret,
1988 268 2016 297 si
2028 267 2094 298 hoc

1114 308 1264 339 naturale
1287 309 1440 339 iudicium
1470 307 1605 339 deleret.
1650 308 1759 349 Atque
1787 308 1864 340 hinc
1894 315 2003 349 potest
2027 310 2092 340 exi·

1115 350 1250 388 stimari,
1275 361 1370 391 quam
1394 349 1492 381 stulte
1517 351 1660 381 iudicent
1684 351 1716 387 ii,
1727 352 1770 385 ⁶⁴)
1795 351 1849 391 qui
1872 352 2037 382 somniant
2061 352 2093 382 in

1113 391 1297 433 Evangelio
1320 393 1465 433 praecipi
1483 393 1646 433 quandam
1658 391 1863 424 Platonicam
1879 403 1987 424 rerum
2006 404 2093 424 com-

1114 435 1299 465 munionem
1322 441 1377 465 aut
1398 435 1615 465 monasticam
1640 435 1880 466 abdicationem
1909 436 2092 476 proprieta—

1113 477 1166 507 tis·
1211 476 1427 517 Evangelium
1451 478 1536 507 enim
1559 486 1625 506 non
1650 477 1818 507 constituit
1837 487 1958 508 novam
1976 488 2093 519 corpo-

1114 518 1217 549 ralem
1235 518 1398 558 politiam,
1426 519 1486 549 sed
1509 520 1541 549 in
1563 518 1626 548 hac
1657 520 1810 549 exteriori
1832 520 1900 550 vita
1930 518 1999 550 vult
2030 529 2093 550 nos

1114 562 1159 591 uti
1182 561 1302 591 iudicio
1326 560 1477 598 naturali,
1502 566 1533 591 et
1554 561 1683 591 subiicit
1702 571 1762 591 nos
1780 562 2010 601 praesentibus
2027 572 2093 592 ma-

1115 604 1323 645 gistratibus,
1359 609 1390 633 et
1421 603 1551 643 quidem
1579 603 1668 633 iubet
1697 613 1814 642 parere
1849 610 1982 645 propter
2016 614 2094 634 con-

1115 645 1297 676 scientiam.
1353 645 1461 686 Atque
1495 645 1548 675 hic
1583 646 1817 687 exaggeranda
1851 651 1900 676 est
1934 646 2094 676 autoritas

1115 687 1225 728 legum
1248 693 1383 718 naturae
1407 693 1437 718 et
1458 688 1716 728 magistratuum.
1764 687 1907 719 Primum
1934 699 1975 718 ne
1997 687 2094 718 liber-

1115 736 1213 760 tatem
1237 731 1333 760 nobis
1357 739 1522 761 sumamus
1545 730 1585 760 ad
1612 731 1856 760 detrectandam
1876 731 2095 761 obedientiam

1116 773 1256 803 debitam
1277 779 1332 803 aut
1352 773 1394 803 ad
1411 771 1675 804 labefactandam
1692 771 1857 812 publicam
1873 772 2094 813 disciplinam:

1116 815 1200 845 sicut
1225 815 1353 856 quidam
1377 821 1551 855 praetextu
1573 814 1670 846 huius
1701 813 1862 845 libertatis
1892 825 2007 846 omnes
2036 814 2095 845 ho-

1116 863 1231 887 nestos
1260 866 1369 888 mores
1405 863 1634 895 contemnunt,
1668 867 1734 887 non
1763 863 1898 888 servant
1926 856 2019 898 leges
2055 857 2096 887 de

1117 900 1274 940 gradibus
1310 900 1533 940 cognationis,
1569 910 1642 930 cum
1676 906 1784 930 tamen
1818 901 1900 930 ratio
1935 898 2094 931 naturalis

1116 941 1290 982 prohibeat
1313 943 1464 983 coniugia
1488 948 1704 983 cognatorum
1727 943 1758 972 in
1786 943 1995 982 propioribus
2021 952 2095 983 gra-

1117 985 1225 1015 dibus.
1252 983 1381 1014 Deinde
1404 995 1445 1015 ne
1474 984 1708 1025 superstitione
1737 984 1878 1025 quadam
1900 994 1961 1015 nos
1981 984 2094 1026 allige-

1117 1035 1188 1056 mus
1211 1026 1253 1056 ad
1275 1025 1458 1057 Mosaicam
1481 1026 1637 1066 politiam.
1684 1026 1889 1058 Christianus
1919 1028 2016 1058 iudex
2040 1027 2094 1058 de-

1117 1069 1172 1098 bet
1193 1067 1415 1099 haereditates
1439 1069 1603 1106 dividere,
1628 1079 1682 1099 res
1713 1069 1857 1100 iudicare
1884 1070 1972 1100 iuxta
2000 1068 2094 1110 leges

1117 1120 1198 1141 suae
1222 1111 1339 1151 gentis,
1364 1112 1440 1152 quia
1463 1110 1584 1153 singuli
1607 1111 1725 1142 debent
1751 1112 1820 1142 suis
1845 1112 2094 1153 magistratibus

1116 1162 1245 1192 parere.
1291 1153 1366 1184 Non
1398 1154 1496 1194 igitur
1524 1154 1620 1184 debet
1652 1154 1799 1184 ordinem
1822 1155 2015 1185 iudiciorum
2037 1159 2092 1184 aut

1117 1204 1242 1234 poenas
1267 1195 1464 1226 constitutas
1489 1206 1507 1226 a
1532 1197 1777 1237 magistratibus
1801 1203 1936 1227 mutare.
1985 1196 2095 1230 Quare

1117 1236 1193 1267 licet
1200 1235 1320 1268 furtum
1329 1238 1494 1279 punire⁶⁵)
1508 1239 1636 1269 usitatis
1648 1239 1909 1279 poenis,etiamsi
1921 1238 1975 1269 lex
1986 1237 2095 1280 Moysi

1116 1279 1212 1310 aliter
1234 1280 1334 1319 punit.
1380 1280 1427 1311 lta
1446 1281 1487 1311 de
1511 1281 1646 1312 decimis
1670 1287 1700 1312 et
1731 1280 1803 1311 aliis
1827 1281 2041 1322 pensionibus
2066 1286 2096 1312 et

1118 1323 1342 1353 contractibus
1366 1333 1432 1353 non
1455 1329 1604 1354 tenemur
1626 1324 1799 1354 autoritate
1816 1323 1902 1365 legis
1915 1323 2095 1361 Mosaieae,

1119 1364 1180 1395 sed
1203 1365 1433 1406 obtemperare
1457 1366 1615 1397 debemus
1643 1367 1875 1407 praesentibus
1902 1365 2032 1408 legibus
2065 1371 2095 1397 et

1117 1407 1290 1438 ordinariis
1310 1409 1568 1449 magistratibus.

1202 1449 1343 1480 Prodest
1365 1451 1464 1492 igitur
1496 1457 1586 1482 recte
1620 1449 1802 1493 intelligere
1835 1450 1924 1482 hunc
1957 1453 2095 1493 gradum

1115 1491 1290 1529 libertatis,
1313 1502 1379 1523 non
1402 1492 1510 1524 soltun
1532 1494 1574 1524 ad
1590 1504 1706 1535 pacem
1725 1493 1901 1535 publicam,
1924 1495 1985 1525 sed
1998 1495 2095 1525 etiam

1116 1535 1157 1565 ad
1181 1535 1401 1566 conscientias
1427 1535 1685 1572 confirmandas3
1720 1538 1796 1577 quia
1819 1537 1914 1568 docet
1940 1537 1982 1574 [l.
2004 1536 2092 1568 Petr.

1115 1578 1146 1615 2,
1168 1576 1207 1607 13
1220 1581 1306 1618 sqq.]
1330 1578 1383 1617 pia
1407 1584 1438 1608 et
1461 1584 1577 1609 sancta
1606 1589 1708 1620 opera
1737 1589 1831 1617 esse,
1859 1590 1977 1620 parere
2000 1589 2095 1620 prae-

1115 1620 1263 1651 sentibus
1286 1619 1434 1660 legibus,
1460 1631 1645 1662 quanquam
1669 1623 1733 1653 sint
1765 1623 1805 1652 ab
1835 1621 1975 1652 ethnicis
2006 1621 2094 1653 latae

1115 1663 1201 1693 sicut
1230 1661 1367 1702 Ioseph,
1398 1663 1517 1694 Daniel
1543 1663 1638 1701 [Gen.
1652 1665 1703 1694 41.
1727 1664 1872 1703 Dan.6.]
1902 1671 1934 1695 et
1959 1663 2094 1702 similes,

1116 1714 1189 1735 cum
1213 1704 1476 1736 administrarent
1500 1705 1705 1746 respublicas
1730 1707 1934 1738 ethnicorum
1951 1706 2094 1748 legibus,

1115 1752 1222 1776 tamen
1256 1748 1310 1787 pia
1344 1753 1375 1777 et
1409 1754 1524 1779 sancta
1559 1759 1660 1789 opera
1693 1748 1868 1780 faciebant.
1925 1749 2093 1780 Habemus

1116 1789 1200 1819 enim
1223 1789 1286 1819 iam
1309 1790 1495 1821 mandatum
1518 1790 1593 1828 Dei,
1617 1798 1651 1822 ut
1675 1793 1897 1832 praesentium
1920 1792 2093 1833 magistra-

1116 1837 1205 1861 tuum
1228 1829 1360 1872 legibus
1380 1833 1411 1862 in
1435 1832 1499 1864 hac
1526 1832 1612 1864 civili
1635 1835 1701 1864 vita
1719 1835 1989 1875 obtemperemus.
2026 1834 2093 1865 Imo

1115 1872 1328 1914 Evangelium
1354 1874 1550 1906 contumelia
1561 1874 1720 1913 afficiunt,
1733 1877 1786 1917 qui
1799 1877 1927 1918 fingunt
1941 1877 2094 1918 Evange-

1114 1915 1191 1946 lium
1214 1926 1333 1947 novam
1357 1918 1518 1957 quandam
1547 1919 1726 1949 doctrinam
1756 1929 1832 1949 esse
1862 1920 1903 1950 de
1930 1919 2092 1950 mutandis

1114 1957 1257 1999 politicis
1282 1960 1401 1997 rebus,
1424 1958 1514 1998 foro,
1537 1960 1811 1999 haereditatibus,
1835 1962 1962 1992 iudiciis
1995 1967 2027 1992 et
2050 1962 2093 1992 si-

1114 2000 1243 2032 milibus
1267 2002 1376 2032 rebus.

1201 2043 1345 2078 Quartus
1369 2046 1491 2086 gradus
1515 2046 1621 2084 docet,
1645 2048 1723 2088 quid
1746 2048 1787 2077 sit
1817 2048 2023 2078 sentiendum
2053 2048 2093 2079 de

1091 2095 1092 2122 j
1113 2085 1357 2117 Ecclesiastieis
1382 2089 1588 2126 ceremoniiS,
1614 2100 1696 2130 quas
1715 2089 1869 2130 Episcopi
1883 2096 1938 2120 aut
1960 2089 2014 2120 alii
2035 2089 2092 2120 ho-

1113 2129 1216 2159 mines
1238 2129 1453 2160 instituerunt.
1498 2130 1551 2161 De
1574 2131 1624 2161 his
1648 2142 1788 2162 necesse
1811 2139 1861 2162 est
1881 2132 2001 2163 erudiri
2014 2142 2091 2163 con-

1113 2172 1284 2207 scientias;
1306 2170 1406 2202 multa
1430 2174 1514 2204 enim
1542 2173 1690 2213 pericula
1718 2174 1857 2205 afferunt
1886 2175 2091 2211 traditiones,

1112 2215 1174 2244 nisi
1187 2214 1269 2244 haec
1282 2213 1417 2245 libertas
1430 2215 1642 2257 intelligatur,
1656 2227 1741 2257 quae
1747 2224 1863 2257 postea
1870 2218 2091 2248 recitabimus-

1112 2256 1172 2287 Est
1193 2263 1300 2287 autem
1324 2256 1406 2287 haec
1429 2268 1556 2289 summa
1579 2258 1675 2289 huius
1698 2260 1832 2300 gradus.
1878 2259 1962 2290 Cum
1980 2260 2013 2290 in
2030 2259 2092 2290 hac

1112 2301 1178 2330 vita
1203 2299 1366 2340 corporali
1391 2311 1473 2340 opus
1496 2302 1537 2331 sit
1562 2303 1660 2332 certis
1687 2302 1814 2339 ritibus,
1838 2301 1922 2333 locis
1948 2312 1988 2333 ac
2011 2308 2091 2332 tem-

1089 2368 1092 2379 ,
1112 2343 1261 2382 poribus,
1284 2343 1439 2382 permittit
1457 2343 1673 2384 Evangelium
1696 2345 1728 2374 in
1741 2344 1895 2375 Ecclesia
1918 2344 1989 2375 fieri
2006 2343 2091 2375 tales

1112 2461 1158 2489 63)
1179 2459 1304 2490 coniugio]
1327 2460 1400 2484 Editt.
1420 2461 1442 2485 7.
1462 2461 1486 2484 8.
1507 2462 1612 2486 11—14.
1631 2465 1657 2487 et
1675 2463 1749 2493 opu:
1767 2465 1889 2494 coniugiis

1114 2511 1159 2539 64)
1180 2510 1214 2540 ii,]
1234 2510 1306 2535 Editt.
1326 2511 1347 2536 7.
1367 2511 1388 2536 8.
1410 2512 1516 2536 11-14,
1535 2514 1561 2536 et
1579 2512 1654 2543 Opp.:
1671 2513 1705 2543 hi,

1112 2561 1157 2590 65)
1178 2562 1279 2591 punire]
1298 2561 1370 2586 Editt.
1390 2562 1411 2586 7.
1432 2563 1453 2586 8.
1475 2563 1579 2588 11—14.
1599 2566 1624 2588 et
1642 2564 1714 2595 Opim:
1732 2566 1814 2595 puniri
