2358 2933
220 98 280 128 247
854 92 963 123 Pau..
983 91 1083 122 anzi..
1108 90 1294 122 SCR1PTA
1309 90 1585 124 DOGMATmA.
2158 96 2223 130 248

222 191 350 227 gentiam
376 188 594 216 concedendam
621 197 701 215 esse.
727 186 795 223 quia
820 186 898 213 enim
922 188 1077 222 peccatum
1102 185 1220 222 proprie
1243 195 1259 213 a
1282 184 1435 214 voluntate
1459 186 1569 215 diaboli
1593 190 1621 214 et
1647 186 1776 215 hominis
1802 191 1897 216 ortum
1922 192 1978 217 est.
2005 199 2060 217 nec
2080 188 2146 218 Deo
2171 200 2218 228 ap-

222 232 365 269 probante
394 236 443 258 aut
476 235 601 262 cogente
625 229 796 256 xoluntates
821 231 940 256 nostras
966 226 1073 255 sactum
1098 231 1156 257 est.
1213 226 1283 255 ldeo
1308 237 1495 265 nequaquam
1520 232 1567 257 est
1591 229 1764 257 necessario
1789 229 1898 258 factum
1922 231 2106 260 necessitate
2129 232 2217 260 abso-

222 273 311 302 lutam
360 271 396 301 Et
430 282 533 300 versus
565 271 664 299 tinem:
703 269 786 298 -Nec
810 269 978 298 invehenda
1001 272 1070 297 sunt
1095 269 1122 297 in
1147 268 1316 298 Ecclesiam
1341 270 1536 299 deliramenta
1560 271 1598 298 de
1621 269 1726 299 Stoico
1751 270 1821 305 sato,
1845 275 1895 300 aut
1917 275 1986 312 περὶ
2009 273 2058 309 τῆς
2082 272 2216 312 ἀνάγκης.

221 314 304 343 Nihil
340 316 415 342 enim
452 313 559 342 liaiwnt
595 313 655 340 seri
689 316 738 340 aut
763 312 854 340 firmi.
879 311 935 340 sed
959 314 1030 340 sunt
1053 320 1153 340 merae
1177 313 1357 350 praestigiae
1379 322 1413 341 ac
1437 313 1624 351 sophisticae
1646 314 1899 343 coacervationes.
1944 314 2064 343 Deinde
2089 325 2146 344 non
2169 320 2217 345 est

222 357 398 384 obst-urunt.
433 360 574 393 quantum
604 354 678 382 llaec
709 354 808 392 opinio
833 358 938 382 noceat
962 354 1066 391 pietati
1091 357 1120 382 ct
1143 355 1292 389 moribus,
1328 356 1354 383 si
1384 356 1428 383 sic
1458 356 1589 384 sentiant
1617 355 1772 389 hominos,
1802 360 1834 385 ut
1857 355 1988 385 Zenonis
2012 358 2152 386 servulus
2175 358 2216 386 di-

224 399 325 426 cebat:
371 408 426 425 non
457 397 569 424 debere
593 407 628 423 se
653 397 742 424 ssecti.
768 397 835 433 quia
860 395 964 424 Stoico
989 395 1049 424 t'ato
1074 400 1196 425 coactus
1221 401 1307 426 esset
1329 407 1464 435 peccare.
1535 397 1580 426 Ab
1604 397 1652 426 his
1676 398 1867 436 opinionibus
1892 398 1979 428 decet
2002 401 2070 437 pios
2094 401 2215 429 auribus

221 449 310 478 atque
333 440 438 467 animis
462 438 650 466 abliorrere.u
697 437 745 466 Ne
769 439 837 476 quis
861 448 897 466 ex
921 438 1108 467 induratione
1131 443 1335 477 argumentum
1360 441 1387 467 in
1412 440 1589 468 contrarium
1611 440 1749 469 adducat.
1775 440 1848 468 haec
1872 440 1970 469 addit:
1994 441 2081 474 „Nec
2104 442 2215 480 figurae

222 482 289 509 illae
314 481 466 509 verborum
492 481 519 508 in
540 481 696 518 scripturis
721 480 891 509 offendunt:
915 481 1076 511 Indztrabo
1097 490 1153 511 cor
1175 482 1364 515 Pharaoni&
1389 486 1419 510 et
1441 481 1566 510 similes.
1627 480 1749 511 Certum
1774 486 1823 511 est
1846 483 1939 516 enim,
1963 482 2092 512 Ebraica
2114 484 2214 522 phrasi

220 524 386 559 significare
411 533 462 550 eas
487 523 727 560 permissionem.
753 532 809 551 non
834 522 1017 552 voluntatem
1041 523 1205 553 efficacem,
1229 527 1276 552 ut:
1321 533 1361 554 ne
1383 533 1441 554 7108
1464 525 1597 555 inducas
1625 527 1658 555 iu
1681 528 1899 559 tentationem,
1935 525 1965 554 id
1988 529 2045 560 esi,
2071 536 2108 555 ne
2130 527 2214 556 sinas

219 576 272 592 nos
296 566 403 594 induci.

367 623 396 651 ln
427 623 626 661 subsequenti
652 634 772 662 quoque
800 623 866 652 loco
889 624 929 654 de
951 625 1099 654 lnmmnis
1126 624 1243 655 rit-ibus
1265 634 1289 655 s.
1313 625 1352 655 de
1373 625 1472 655 libero
1494 626 1628 656 arbitrio
1651 624 1875 655 Melanthonem
1900 626 2026 664 priorem
2050 627 2212 656 doctrinam

218 668 245 694 in
270 665 364 695 Editt.
392 667 502 703 primae
532 666 639 694 aetatis
668 666 850 704 propositam
880 671 1017 695 mutasse
1037 670 1164 694 constat.
1221 666 1250 694 ln
1275 666 1331 694 hoc
1355 668 1433 694 enim
1457 667 1580 695 disserit
1606 667 1643 695 de
1666 667 1760 696 tribus
1784 669 1820 697 ad
1844 669 2070 698 conversionem
2094 678 2212 698 concur-

219 709 351 736 rentibus
376 711 494 738 causis:
525 707 574 736 -lu
600 708 656 736 linc
679 708 817 746 exemplo
841 708 978 736 videmus
1002 708 1140 745 coniungi
1165 708 1219 736 has
1243 718 1362 739 causas,
1386 708 1531 742 Verbum,
1556 708 1698 747 Spiritum
1724 715 1869 743 sanctum.
1895 715 1924 739 et
1947 710 2130 740 voluntatem
2153 720 2211 740 non

218 761 270 778 san
285 751 440 779 eotiosam.
465 750 521 779 sed
536 754 748 788 repugnantem
763 750 920 779 infirmitati
936 760 1020 778 suae.
1039 768 1080 771 —
1105 749 1265 779 Praeterea
1283 751 1309 778 si
1329 750 1367 778 (le
1385 754 1448 779 tota
1469 751 1528 779 vita
1550 752 1665 789 piorum
1688 752 1853 790 loquamur,
1878 754 1936 781 etsi
1961 757 2009 782 est
2032 754 2138 791 ingens
2160 753 2211 782 im-

217 792 382 821 becillitas.
414 797 509 821 tamen
546 797 593 820 est
616 792 715 830 aliqua
750 792 872 821 libertas
904 792 1084 825 voluntatiS‚
1109 802 1198 829 quum
1223 793 1343 830 quidem
1368 793 1424 820 iam
1448 792 1604 821 adiuvetur
1627 803 1645 821 a
1667 794 1773 831 spiritu
1796 799 1910 828 sancto,
1935 799 1965 824 et
1987 805 2077 833 agere
2099 795 2211 832 aliquid

218 840 317 872 potest
343 835 370 862 in
396 836 526 862 externis
551 834 688 872 lapsibus
712 834 883 863 cavendis*
942 833 982 863 Et
1004 834 1062 863 sub
1086 834 1176 862 huius
1201 834 1257 863 loci
1284 835 1368 863 tinem
1393 834 1479 863 dicit:
1511 835 1596 863 «Non
1621 836 1713 873 probo
1738 836 1932 866 deliramenta
1955 836 2210 871 Manichaeorum,

217 878 265 914 qui
290 886 411 914 prorsus
436 876 544 904 nullam
570 876 711 905 voluntati
736 877 883 905 actionem
906 877 1086 910 tribuebant,
1111 887 1148 904 ne
1171 877 1290 915 quidem
1314 877 1473 905 adiuvante
1497 876 1611 915 Spiritu
1634 882 1755 911 sancto,
1780 879 1867 916 quasi
1890 878 1962 907 nihil
1985 880 2148 909 interesset
2171 880 2210 908 in-

215 924 259 947 ter
277 924 404 947 statuam
428 922 456 946 et
480 917 690 947 voluntate-mm

365 976 394 1005 ln
419 977 486 1006 loco
509 978 549 1008 de
572 979 743 1017 Eranaelio
762 977 874 1015 legitur
896 977 1040 1011 definitio,
1066 977 1104 1006 de
1128 987 1185 1015 qua
1208 981 1316 1015 postea
1338 987 1444 1015 magna
1468 982 1531 1006 orta
1554 982 1602 1007 est
1626 979 1838 1012 controversia,
1863 979 1951 1008 hisce
1974 980 2093 1008 verbis:
2132 978 2209 1008 „De-

215 1020 275 1048 finit
300 1021 398 1057 itaque
423 1018 564 1048 Christus
589 1020 786 1057 Evangelium
803 1020 905 1048 Lucae
928 1019 1032 1048 ultimo
1056 1019 1143 1058 plane
1167 1024 1199 1048 ut
1221 1019 1335 1053 artifex,
1360 1030 1449 1058 quum
1473 1021 1555 1049 iubet
1580 1021 1687 1049 docere
1710 1022 1922 1059 poenitentiam
1946 1025 1975 1050 et
1998 1021 2209 1050 remissionem

214 1066 402 1100 peccatorum
427 1063 454 1090 in
479 1064 595 1091 nornine
619 1073 686 1091 suo.
743 1062 801 1091 Est
826 1063 913 1100 igitur
935 1061 1133 1100 Evangelium
1156 1062 1338 1101 praedicatio
1362 1063 1564 1101 poenitentiae
1588 1066 1619 1092 et
1640 1063 1813 1101 promissiO,
1838 1073 1925 1101 quam
1947 1064 2021 1092 ratio
2045 1073 2102 1092 non
2126 1066 2209 1092 tenet

212 1103 390 1132 naturaliter.
415 1104 469 1132 sed
494 1104 624 1133 revelata
648 1105 824 1133 ‹livinitus.‘·‘

360 1161 390 1190 ln
415 1162 482 1191 loco
515 1165 556 1194 de
575 1167 683 1202 gratier
706 1168 740 1194 et
760 1165 981 1201 iustificalione
1014 1163 1254 1191 iustificationem
1278 1164 1324 1191 sic
1359 1163 1475 1192 definit:
1524 1164 1682 1192 v--remissio
1716 1168 1904 1202 peccatorum
1940 1167 1970 1193 et
2003 1163 2206 1192 reconciliatio

210 1215 265 1233 seu
289 1206 454 1243 acceptatio
480 1215 627 1243 personae
650 1207 685 1235 ad
711 1207 798 1234 vitam
822 1210 981 1234 aeternam.
1026 1205 1102 1234 'Nam
1126 1205 1273 1234 Hebraeis
1298 1206 1459 1234 iustificare
1483 1209 1532 1234 est
1551 1208 1685 1244 forense
1709 1207 1844 1245 verbum,
1867 1210 1898 1235 ut
1921 1206 1949 1234 si
1972 1206 2083 1234 dicam:
2108 1204 2206 1244 Popu-

210 1246 258 1274 lus
283 1246 436 1275 Romanus
466 1248 636 1276 iustificavit
661 1249 834 1286 Scipionem
864 1251 1039 1276 accusatum
1063 1257 1079 1275 a
1103 1248 1247 1281 tribunis,
1279 1248 1297 1275 i.
1329 1258 1354 1275 e.
1379 1247 1509 1276 absolvit
1533 1258 1590 1276 seu
1614 1249 1724 1276 iustum
1748 1249 1977 1286 pronuntiavit.·=
2023 1247 2142 1276 Deinde
2166 1247 2206 1276 di-

210 1290 265 1317 cit:
298 1288 398 1318 -lnest
428 1289 454 1317 in
485 1290 631 1319 vocabulo
662 1291 774 1329 gratiae
798 1290 953 1319 exclusiva
976 1290 1134 1328 particula.
1163 1289 1305 1318 videlicet
1340 1290 1419 1327 quod
1438 1293 1544 1328 yrate's
1566 1290 1712 1318 donentur
1734 1290 1874 1318 remissio
1898 1293 2088 1328 peccatorum
2111 1293 2141 1318 et
2163 1300 2206 1318 re-

209 1331 388 1359 conciliatio.
426 1331 510 1360 Haec
532 1332 678 1370 particula
700 1333 857 1362 exclusiva
881 1343 938 1361 non
963 1332 1095 1361 excludit
1118 1336 1248 1361 nostram
1272 1332 1484 1370 poenitentiam
1507 1336 1538 1361 et
1559 1331 1637 1360 bona
1660 1341 1766 1370 opera,
1791 1332 1847 1360 sed
1870 1335 1981 1361 tantum
2005 1332 2205 1361 conditionem

208 1373 360 1411 dignitatis
385 1374 545 1403 excludit*

355 1435 470 1464 Locum
493 1436 533 1465 de
555 1436 645 1466 bonas·
667 1435 815 1474 operibus
838 1434 963 1472 copiose
985 1436 1097 1465 tractat,
1122 1436 1153 1461 ut
1177 1433 1360 1461 demonstret
1382 1442 1417 1461 ea
1443 1433 1617 1461 necessaria
1640 1442 1731 1466 esse,
1756 1443 1831 1470 quae
1855 1433 2005 1461 sententia
2028 1443 2045 1461 a
2067 1432 2203 1471 pluribus

209 1484 347 1516 tanquam
372 1478 519 1516 papistica
543 1478 595 1506 illo
620 1483 752 1515 tempore
776 1481 823 1505 est
849 1477 1022 1514 improbata.
1071 1474 1131 1504 „Ut
1154 1476 1297 1508 sciamus,
1324 1475 1435 1512 inquit,
1459 1476 1585 1503 virtutes
1610 1478 1639 1503 et
1661 1475 1757 1503 bonas
1781 1476 1916 1503 actiones
1940 1474 2007 1502 Deo
2031 1474 2120 1503 valde
2143 1473 2203 1512 pla-

209 1531 285 1549 cere.
310 1525 391 1549 ornat
415 1530 468 1549 eas
492 1520 578 1548 Deus
604 1520 774 1548 honorificis
797 1518 904 1547 titulis.
940 1536 980 1539 —
1025 1535 1066 1539 —-
1112 1518 1191 1553 Quid
1215 1517 1296 1555 quod
1318 1518 1395 1546 bona
1418 1527 1508 1555 opera
1531 1517 1618 1545 etiam
1643 1522 1827 1545 sacramenta
1849 1521 1929 1550 sunt.
1954 1516 2012 1544 hoc
2035 1520 2092 1549 est,
2118 1516 2205 1554 signa

208 1562 368 1591 voluntatis
392 1563 471 1591 Dei?
494 1581 586 1584 ——
611 1561 774 1590 Sciendum
798 1565 846 1590 est
869 1562 956 1590 etiam
980 1561 1111 1599 praemia
1134 1560 1288 1598 proposita
1311 1570 1385 1588 esse
1408 1560 1496 1588 bonis
1521 1560 1675 1597 operibus,
1700 1569 1756 1587 seu
1780 1560 1857 1587 bona
1881 1568 1970 1597 opera
1992 1559 2098 1587 mereri
2121 1567 2203 1596 prae-

207 1606 265 1634 mia
289 1605 452 1643 corporalia
475 1609 505 1633 et
526 1604 722 1643 spiritualia-1

358 1663 388 1692 ln
419 1664 486 1692 loco
515 1665 555 1694 cle
583 1665 801 1694 Suc-ramentis
825 1662 930 1690 refutat
959 1665 1021 1690 tres
1054 1670 1187 1693 errores,
1217 1661 1343 1698 primum
1366 1659 1634 1692 Sch0¹·;sticorum‚
1661 1660 1730 1697 „qui
1755 1660 1898 1688 finxerunt
1921 1659 2059 1688 homines
2082 1663 2202 1688 utentes

208 1706 410 1735 Sacramentis
434 1706 472 1734 N.
497 1705 531 1734 T.
557 1716 594 1734 ex
618 1716 707 1744 opere
731 1709 852 1743 operato
877 1705 974 1732 iustos
999 1704 1079 1732 fieri:
1103 1702 1228 1731 alterum
1252 1712 1363 1731 eorum.
1388 1703 1438 1740 qui
1463 1702 1573 1735 dicunt,
1598 1701 1790 1731 Sacramenta
1814 1712 1870 1730 nou
1895 1712 1968 1730 esse
1991 1702 2079 1739 sigua
2100 1701 2202 1730 volun-

208 1750 277 1777 tatis
302 1748 359 1776 Dei
383 1758 453 1785 erga
475 1758 541 1777 nos.
567 1749 622 1776 sed
645 1752 757 1776 tantum
781 1750 867 1775 notas
891 1750 1010 1774 nostrae
1034 1745 1245 1784 professionis,
1271 1745 1340 1782 quia
1363 1748 1498 1782 oporteat
1521 1748 1620 1773 extare
1644 1749 1740 1775 notas.
1762 1745 1872 1782 quibus
1897 1744 2098 1772 discernamur
2121 1753 2137 1772 a
2160 1754 2202 1772 re-

208 1790 299 1828 liquis
341 1792 537 1828 gentibusw:
571 1791 687 1819 tertium
723 1789 1004 1827 Anabaptistarum,
1040 1788 1090 1825 qui
1120 1791 1305 1815 sacramenta
1335 1796 1409 1815 esse
1432 1786 1592 1824 allegorias
1615 1790 1726 1815 tantum
1751 1787 1788 1815 de
1812 1786 1900 1815 bonis
1924 1787 2065 1824 operibus
2090 1786 2202 1815 dicunt.

209 1832 361 1871 Deinceps
385 1843 469 1861 suam
493 1834 671 1861 senteutiam
695 1832 848 1871 proponit:
875 1831 975 1869 „quod
997 1830 1189 1859 Sacramenta
1210 1829 1249 1857 N.
1274 1828 1309 1857 T.
1334 1828 1534 1867 principaliter
1556 1830 1691 1858 instituta
1715 1833 1794 1862 sunt,
1819 1832 1851 1857 ut
1874 1829 1935 1857 sint
1958 1829 2044 1866 signa
2065 1828 2203 1857 volunta-

208 1876 248 1903 tis
271 1873 328 1903 Dei
367 1885 436 1913 erga
466 1886 538 1908 nOS,
570 1875 745 1903 incurrentia
773 1875 799 1902 in
825 1873 946 1907 oculos,
978 1876 1009 1901 ut
1032 1882 1088 1901 nos
1112 1872 1299 1905 admoneant,
1324 1874 1356 1899 ut
1380 1871 1536 1900 credamus
1560 1871 1754 1909 promissioni
1778 1871 1805 1899 in
1829 1870 1995 1907 Evangelio
2018 1871 2200 1909 propositae.

208 1916 249 1944 lta
279 1918 486 1955 coniungimus
510 1918 733 1945 Sacramentum
763 1921 791 1945 et
822 1916 1063 1954 promissionem.
1121 1914 1207 1942 Sicut
1229 1918 1327 1942 autem
1351 1914 1512 1951 promissio
1544 1914 1601 1942 fide
1624 1913 1798 1951 accipienda
1820 1916 1878 1945 est,
1903 1914 1942 1941 ita
1966 1914 1994 1941 in
2017 1922 2077 1941 usu
2100 1912 2202 1942 Sacra-

208 1964 370 1987 mentorum
395 1960 470 1987 fides
495 1960 640 1988 accedere
664 1959 762 1991 debet,
788 1968 865 1996 quae
889 1962 1001 1986 statuat
1023 1958 1112 1985 nobis
1136 1966 1171 1984 ea
1194 1966 1263 1984 vere
1287 1956 1468 1993 contingere,
1493 1965 1570 1993 quae
1594 1957 1621 1984 in
1646 1956 1847 1994 promissione
1870 1959 2101 1993 proponttntur.u

357 2018 632 2056 interrogationem,
663 2022 735 2055 quot
758 2018 818 2045 sint
842 2016 1042 2045 Sacramenta.
1067 2017 1113 2044 sic
1137 2015 1292 2043 dissolvit:
1320 2013 1421 2042 „Nihil
1446 2024 1522 2052 opus
1547 2018 1594 2043 est
1617 2015 1702 2042 rixari
1728 2015 1764 2042 de
1788 2014 2045 2043 sacramentorum
2069 2025 2201 2043 numero.

207 2062 282 2090 Nam
307 2062 334 2089 si
358 2061 549 2089 Sacramenta
572 2070 716 2088 vocamus
740 2070 795 2088 non
820 2059 919 2087 solum
943 2059 1129 2087 ceremonias
1154 2058 1180 2085 in
1202 2056 1367 2094 Evangelio
1391 2057 1555 2089 institutas,
1580 2056 1635 2084 sed
1661 2057 1747 2085 etiam
1772 2056 1847 2084 alias
1871 2066 1920 2084 res
1944 2060 1994 2085 aut
2017 2066 2116 2095 opera,
2141 2058 2202 2095 qui-

208 2105 265 2132 bus
288 2103 408 2132 additae
431 2107 502 2131 sunt
525 2103 743 2141 promissiones
768 2102 895 2135 divinae,
919 2101 1011 2129 multa
1035 2100 1226 2129 Sacramenta
1249 2099 1392 2127 numerari
1416 2102 1564 2137 poterunt,
1589 2102 1621 2127 ut
1644 2098 1746 2127 Oratio
1771 2099 1825 2127 erit
1849 2098 2082 2134 Sacramentum,
2097 2118 2137 2121 ——
2162 2118 2201 2121 —

208 2146 395 2174 adflictiones
419 2150 449 2174 et
472 2145 687 2183 eleemosynae
712 2163 751 2165 —
776 2162 815 2165 ⁷—
840 2143 878 2172 Et
902 2144 1022 2181 quidem
1046 2142 1206 2181 prodesset
1229 2141 1401 2170 huiusmodi
1426 2151 1516 2179 opera
1539 2141 1633 2169 ornari
1655 2141 1742 2170 titulo
1767 2140 2035 2176 Sacramentorum,
2059 2145 2092 2171 ut
2115 2142 2202 2179 quasi

209 2190 236 2216 in
260 2187 369 2216 illustri
392 2187 459 2215 loco
483 2188 583 2225 posita
606 2187 700 2225 pluris
726 2187 837 2217 fierent,
862 2190 891 2214 et
916 2186 973 2214 hoc
996 2185 1083 2214 titulo
1104 2185 1241 2213 homines
1265 2183 1407 2212 admoniti
1432 2184 1545 2212 scirent
1574 2184 1795 2222 promissiones
1819 2184 2014 2222 requirendas
2039 2188 2070 2213 et
2092 2185 2201 2223 magni-

209 2230 361 2258 saciendas
386 2240 488 2257 esse.-
536 2229 592 2257 His
616 2229 787 2258 adnumerat
810 2229 898 2257 etiam
922 2228 1140 2257 Matrimonium
1164 2231 1193 2255 et
1216 2226 1370 2255 Ordinem.
1427 2225 1599 2254 Secundum
1631 2226 1752 2255 alteram
1775 2226 2033 2255 Sacramentorum
2058 2226 2201 2255 definitio-

209 2282 274 2300 nem
299 2273 352 2300 tria
376 2273 494 2300 statuit:
533 2271 652 2309 --ltaque
677 2273 703 2299 si
727 2271 919 2299 Sacramenta
942 2281 1085 2299 vocamus
1109 2269 1294 2298 ceremonias
1318 2278 1373 2296 seu
1397 2268 1472 2297 ritus
1497 2269 1524 2296 in
1549 2268 1715 2306 Evangelio
1741 2269 1894 2297 institutos
1919 2272 1949 2297 et
1971 2269 2089 2308 proprie
2113 2270 2200 2307 perti-

208 2318 314 2342 nentes
345 2314 382 2341 ad
412 2314 486 2342 hanc
516 2315 703 2351 praecipuam
734 2314 966 2352 promissionem
996 2318 1025 2341 et
1048 2312 1204 2350 Evangelii
1228 2311 1384 2349 propriam,
1410 2311 1530 2339 scilicet
1553 2311 1590 2339 de
1614 2312 1792 2340 remissione
1815 2315 2015 2349 peccatorum,
2041 2311 2130 2340 facile
2153 2316 2201 2340 est

209 2356 380 2390 diiudicare,
405 2366 482 2394 quae
506 2357 566 2384 sint
590 2358 790 2389 Sacramenta,
815 2355 1001 2394 Baptismus,
1027 2354 1131 2384 Coena
1154 2354 1274 2382 Domini
1298 2358 1327 2382 et
1349 2353 1542 2382 Absolutiosu

312 2500 336 2529 ¹)
363 2501 428 2524 Haec
448 2500 524 2524 verba
543 2503 657 2529 spectare
677 2500 709 2524 ad
727 2499 901 2529 zwinglianos,
922 2500 1004 2523 elucet
1023 2505 1055 2523 ex
1073 2499 1110 2524 iis.
1130 2505 1194 2529 quae
1214 2499 1237 2523 in
1257 2499 1312 2523 Mel.
1332 2499 1513 2523 commentarii
1532 2499 1556 2523 in
1575 2499 1646 2528 epist.
1666 2498 1697 2522 ad
1716 2499 1785 2523 Rom.
1806 2497 1919 2522 Editione
1929 2497 2066 2527 Witeberg.
2085 2503 2107 2522 a.
2125 2498 2200 2522 1532.

364 2534 385 2558 8.
406 2534 448 2558 rol.
469 2534 488 2558 H
507 2535 521 2558 5
542 2534 667 2563 leguntur.
706 2534 732 2558 In
751 2533 821 2558 Locis
840 2534 855 2557 l.
875 2534 890 2557 1.
908 2534 954 2558 hos
973 2531 1063 2557 bellos
1082 2531 1215 2557 hanzines
1233 2532 1352 2563 appellat.
