2358 2933
73 105 137 137 973

74 196 197 228 multae
232 201 308 227 sunt
331 195 555 236 gravissimae.
600 195 684 224 Nam
706 194 790 224 haec
812 194 886 233 ipsa
905 192 1053 222 recitatio

76 245 127 270 est
162 237 330 268 confessio
364 237 541 277 quaedam,
575 247 640 277 qua
663 235 817 266 Ecclesia
846 234 997 274 privatim
1021 240 1053 265 et

74 279 206 321 publice
235 290 312 311 sese
341 279 382 309 ab
412 278 509 309 idolis
529 279 671 319 seiungit
695 288 734 308 ac
757 287 794 307 se
818 276 956 316 quisque
980 286 1053 306 eru-

75 323 121 353 dit
145 328 176 352 et
201 319 452 351 commonefacit
475 321 516 350 de
539 330 618 351 vero
636 320 710 350 Deo
730 324 762 349 et
785 319 826 349 de
849 328 928 348 vero
953 317 1052 349 cultu.

74 364 202 394 Deinde
226 363 380 403 cogitatio
404 361 633 402 patefactionis
657 367 689 392 et
718 360 972 401 promissionum
999 371 1053 391 ac-

74 406 183 436 cendit
215 404 371 442 affectuS,
407 405 442 434 tit
474 405 643 435 ardentior
677 403 777 439 fides,
812 412 885 432 cum
919 403 1052 442 cogitat,

74 453 196 488 quanta
228 447 357 477 bonitas
387 447 439 484 sit,
479 447 569 487 quod
603 455 639 475 se
662 445 755 475 Deus
778 442 982 484 patefecerit,
1008 447 1050 484 ¹¹)

73 490 161 530 quod
182 489 373 526 ostenderit,
397 489 561 529 quomodo
586 486 663 518 velit
685 487 845 523 invocari,
870 487 959 527 quod
978 496 1052 526 pro-

72 532 221 571 posuerit
243 530 476 567 Mcdiatorem,
511 530 599 571 quod
632 528 784 569 exempla
805 528 945 569 plurima
968 539 1051 559 sem-

72 584 132 614 per
164 574 388 614 proposuerit,
422 573 510 613 quod
550 581 628 603 vere
662 571 814 601 exaudiat
847 572 1051 601 invocantes.

71 615 141 646 Hos
176 616 273 646 animi
305 621 426 652 motus,
461 613 548 644 hanc
578 613 674 644 fidem
703 614 837 644 excitari
867 615 952 644 inter
979 624 1050 653 pre-

73 658 213 689 candum
236 662 379 697 oportet,
401 657 444 687 ad
468 656 556 697 quod
580 656 707 686 erudita
726 657 872 686 recitatio
886 656 1049 686 conducit.

72 700 170 730 Fides
202 700 286 730 enim
310 709 351 729 ex
375 699 488 729 auditu
510 704 572 736 est,
597 699 726 729 auditus
749 708 808 738 per
827 699 963 729 verbum
975 698 1050 728 Dei.

70 742 220 772 Necesse
254 747 305 772 est
333 741 431 782 igitur
455 742 653 782 cogitatione
676 741 767 771 verbi
793 741 891 771 divini
914 741 1050 771 accendi

71 783 180 815 fidem.

158 826 297 860 Quidam
322 836 363 856 ex
384 825 538 856 Eremitis
563 826 651 863 dixit,
682 824 805 856 nullum
835 835 912 856 8558
936 823 1050 856 diffici-

70 867 135 899 lius
160 878 261 909 opuS,
295 879 393 910 quam
416 869 527 899 dicere
549 869 758 908 precationes
782 867 868 898 Deo.
913 868 958 898 At
980 866 1051 898 nul-

70 910 136 942 lum
171 911 376 941 existimatur
409 921 486 941 esse
519 909 626 941 levius
668 920 709 940 ac
748 909 920 951 vulgarius
956 919 1050 950 opus.

71 953 138 984 Sed
161 963 235 983 cum
248 952 402 983 Christus
426 953 523 990 dicat,
546 952 627 983 Veri
650 953 843 982 adoratores
866 953 1050 983 adorabunt

71 995 202 1025 Patrem
226 995 342 1035 spiritu
365 1001 398 1025 et
420 996 569 1032 veritate,
589 993 767 1026 difficultas
791 993 889 1024 facile
912 993 1052 1035 intelligi

69 1042 202 1078 potest3
227 1037 299 1067 Fiat
322 1038 487 1068 invocatio
511 1038 637 1077 spiritu,
661 1037 693 1067 id
717 1042 785 1073 est,
808 1047 875 1067 non
898 1036 1051 1078 hypocri-

70 1080 114 1117 si,
139 1089 205 1110 non
228 1081 425 1123 βαττολογίᾳ,
451 1080 509 1110 5811
533 1081 587 1119 pio
611 1084 700 1110 motu
725 1080 855 1115 cordis,
891 1085 922 1109 et
941 1079 997 1109 fiat
1019 1079 1051 1108 in

69 1122 224 1158 veritate,
248 1123 281 1152 id
305 1127 375 1159 est,
399 1132 479 1152 vera
500 1121 564 1152 Dei
587 1122 773 1163 agnitione,
798 1122 922 1152 directa
945 1121 987 1150 sit
1010 1121 1052 1150 ad

69 1174 184 1195 verum
204 1163 311 1194 Deum
335 1171 366 1194 et
389 1165 430 1194 ad
448 1164 675 1194 Mediatorem.
721 1163 930 1194 Concurrere
952 1162 1052 1204 igitur

70 1216 211 1236 11888558
241 1213 293 1236 851
324 1207 557 1247 cogitationem
588 1217 700 1236 veram
724 1206 765 1236 de
786 1204 861 1236 Deo
888 1211 919 1236 et
942 1211 1051 1235 motus

70 1248 193 1279 cordis.
239 1248 315 1279 Ideo
345 1258 382 1278 se
404 1248 560 1287 patefecit
583 1247 678 1278 Deus
705 1257 804 1284 voce,
827 1248 929 1277 misso
955 1246 1051 1283 Filio,

69 1296 105 1321 ut
129 1291 377 1330 conspiceretur
404 1291 437 1319 in
462 1299 578 1327 carne,
613 1295 649 1320 ut
672 1288 760 1319 hunc
784 1288 899 1319 Filium
922 1290 955 1319 in
977 1298 1051 1328 pre-

69 1332 198 1362 catione
230 1332 414 1362 intueamur
448 1337 479 1363 et
502 1332 542 1362 de
566 1332 664 1362 Patre
686 1332 930 1362 admoneamur.
976 1331 1052 1361 Non

70 1379 262 1405 contemnas
296 1374 382 1405 113118
416 1373 579 1405 visibilem
612 1372 686 1404 Filii
718 1373 781 1404 Dei
827 1374 1051 1404 conversatio-

69 1426 143 1446 nem
176 1417 261 1446 inter
289 1426 370 1453 nos,
392 1426 454 1446 nec
483 1422 578 1455 putes
602 1415 726 1446 frustra
750 1421 937 1456 susceptam
962 1425 1050 1446 esse.

69 1459 215 1489 Nostrae
238 1457 450 1489 imbecillitati
463 1458 555 1488 Deus
580 1458 756 1495 consuluit,
780 1459 829 1489 sic
842 1459 980 1500 agnosci
994 1469 1051 1488 vo-

69 1499 139 1538 luit,
162 1501 279 1531 intueri
296 1511 359 1530 1105
381 1501 413 1530 111
437 1500 524 1531 1111118
544 1499 659 1531 Filium
675 1499 877 1540 patefactum
896 1501 995 1536 iubet,
1020 1506 1051 1530 et

68 1548 104 1573 ut
122 1541 261 1573 visibilis
284 1542 345 1573 fuit
370 1544 594 1578 conversatio,
618 1544 662 1573 ita
685 1542 755 1574 vult
780 1543 990 1573 recitationes
1019 1548 1051 1573 et

70 1583 341 1625 compellationes
365 1584 435 1615 fieri
458 1584 554 1615 huius
578 1585 653 1622 Dei,
678 1586 732 1626 qui
751 1584 838 1615 hunc
856 1584 971 1615 Filium
994 1586 1050 1615 mi-

69 1628 124 1665 sit,
147 1636 244 1667 quem
269 1634 511 1668 conspexerunt
535 1626 622 1658 oculi
646 1633 692 1658 tot
715 1627 893 1665 hominum,
917 1628 971 1668 qui
995 1637 1050 1668 pe-

69 1670 180 1710 pendit
198 1670 229 1699 in
254 1680 365 1707 cruce,
389 1670 443 1709 qui
466 1671 582 1700 revixit
607 1680 647 1700 ex
667 1676 782 1700 morte.

155 1711 223 1742 Sed
259 1712 332 1752 quia
369 1710 514 1742 difficilis
539 1718 589 1742 851
619 1713 756 1742 3118111111
781 1713 812 1741 111
843 1712 1049 1749 recitatione,

68 1755 142 1785 ideo
167 1754 277 1795 ignavi
300 1752 431 1795 fugiunt
453 1755 684 1790 recitationes,
724 1754 766 1784 At
789 1753 942 1784 Ecclesia
965 1764 1048 1784 sem-

68 1806 128 1836 per
151 1806 209 1826 eas
233 1797 416 1836 proposuit,
440 1802 470 1827 et
493 1795 626 1837 publice
649 1803 680 1827 et
698 1797 850 1837 privatim
869 1806 926 1826 eas
956 1806 1048 1827 exer—

69 1839 136 1869 ceri
164 1839 263 1869 iubet.
310 1838 386 1869 Ideo
410 1838 534 1869 Psalmi
557 1839 665 1869 traditi
689 1846 767 1869 sunt
789 1849 916 1868 summo
941 1839 1048 1869 consi-

68 1880 113 1911 lio
147 1881 329 1920 compositi.
375 1880 417 1911 Et
446 1881 600 1911 Christus
635 1882 706 1920 ipse
729 1880 868 1911 formam
890 1881 1047 1921 precandi

66 1923 232 1963 proponit,
254 1933 295 1953 ac
318 1923 506 1953 nominatim
529 1924 632 1963 inquit
644 1923 724 1954 Luc.
751 1923 797 1954 11.
821 1924 939 1962 1vs.2.]
965 1923 1046 1954 Cum

68 1965 185 2002 cratis,
214 1965 322 1996 dicite.
367 1964 479 1995 Verba
504 1971 536 1995 et
560 1967 780 1996 recitationem
807 1971 929 1996 certam
953 1976 1046 2006 prae-

67 2008 193 2044 scribit,
216 2013 250 2037 ut
273 2013 370 2038 811188
392 2008 656 2048 praescripserat
680 2008 829 2038 loannes.
858 2007 1043 2038 Teneamus

67 2059 148 2091 ergo
179 2055 210 2079 et
233 2050 407 2080 recitemus
426 2048 565 2080 sormam
589 2051 698 2081 divino
719 2049 857 2081 consilio
881 2051 1043 2081 traditam.

209 2175 330 2206 Pater
352 2181 510 2213 noster,
534 2177 662 2216 quies
692 2177 729 2207 in
753 2176 891 2207 coelis.

153 2260 190 2291 ld
213 2266 275 2298 est,
299 2260 353 2300 qui
377 2260 458 2290 ades
480 2261 610 2300 ubique,
632 2261 753 2301 ubique
776 2261 914 2302 respicis
938 2267 970 2292 et
986 2271 1042 2292 ex-

68 2303 174 2342 audis,
205 2303 411 2343 omnipotens
435 2303 587 2333 conditor
611 2313 727 2334 rerum.
774 2303 841 2334 Sed
863 2303 926 2335 hac
949 2310 1043 2344 parte

69 2345 206 2376 recitata
240 2346 381 2376 animum
414 2350 504 2376 tuum
539 2346 681 2376 detineat
713 2345 820 2377 Patris
854 2345 1041 2387 appellatio.

72 2490 115 2519 11)
133 2489 302 2547 {atetfeceritfl
322 2489 392 2514 Editt.
412 2489 442 2512 13
462 2503 493 2506 —-
513 2489 563 2519 34„
583 2489 653 2520 Corp.
674 2492 684 2512 1
706 2503 736 2507 —
757 2491 787 2520 8.,
807 2491 866 2521 opp.
888 2492 909 2514 1.
929 2491 953 2513 2.
973 2494 1045 2521 pate-

152 2529 189 2547 881
202 2542 208 2549 .

540 103 564 133 1.
588 101 690 133 LOCI
712 98 988 132 THEOLOGICI:
1022 99 1065 129 D.
1088 98 1248 129 TERTIA
1271 98 1427 129 EORUM
1450 98 1606 130 AETAS.

2009 103 2074 133 974

1097 192 1201 227 Quem
1222 191 1330 222 Deum
1358 202 1460 222 vocas
1484 192 1637 223 Patrem?
1680 193 1721 223 Et
1751 203 1808 223 cur
1833 193 1877 223 ita
1899 194 2073 224 nominas?

1096 235 1160 265 Per
1188 244 1283 274 quem
1315 235 1421 264 aditus
1445 235 1502 265 tibi
1525 236 1565 265 ad
1590 245 1662 265 811111
1686 234 1793 265 factus
1818 235 1890 265 est?
1934 235 1995 266 llic
2019 246 2072 266 ve-

1096 278 1185 307 niant
1210 277 1241 306 in
1260 284 1399 306 mentem
1415 276 1537 307 Christi
1562 278 1649 308 dicta
1672 277 1761 307 loan.
1788 277 1837 307 14.
1864 277 1984 315 {vs-6]
2008 278 2073 308 Ne-

1096 329 1148 349 mo
1173 319 1261 348 venit
1284 319 1326 349 ad
1350 318 1481 349 Patrem
1500 320 1562 349 nisi
1587 330 1644 359 per
1667 329 1726 350 me,
1762 319 1803 349 Et
1830 319 1918 356 [ibid.
1942 330 1991 350 vs.
2010 319 2071 358 9.]:

1097 360 1159 395 Qui
1182 370 1233 390 1118
1256 361 1355 397 videt,
1380 362 1468 391 videt
1492 361 1634 391 Patrem.
1669 361 1709 391 Et
1732 361 1821 391 loan.
1844 361 1894 391 16.
1919 364 1981 399 [vs.
2006 362 2070 399 234

1095 402 1200 432 Amen
1223 412 1318 433 amen
1338 403 1411 432 dico
1436 404 1547 440 vobis,
1582 404 1736 443 quicquid
1758 405 1916 444 petieritis
1941 403 2072 434 Patrem

1095 445 1126 474 in
1160 446 1291 474 nomine
1325 454 1416 482 meo,
1451 446 1539 475 dabit
1574 447 1680 475 vobis.
1727 446 1821 476 Hunc
1845 447 1943 487 igitur
1966 446 2072 476 Deum

1094 496 1197 517 vocas
1222 486 1364 523 Patrem,
1384 488 1438 527 qui
1462 497 1498 517 se
1521 486 1677 526 patefecit
1698 489 1800 517 misso
1820 487 1884 518 1108
1908 489 1980 528 ipso
2005 488 2072 518 filio

1094 528 1227 559 Christo
1253 534 1286 559 et
1310 530 1522 566 resuscitato,
1553 540 1593 560 ac
1616 530 1691 559 dato
1716 529 1909 571 Evangelio.
1953 530 1994 560 Et
2018 540 2073 560 vo-

1095 581 1152 601 cas
1183 571 1257 601 ideo
1282 571 1412 602 Patrem
1446 577 1608 609 nostrum,
1645 572 1721 612 quia
1756 572 1906 611 placatus
1942 578 1990 602 est
2013 582 2074 612 per

1094 612 1227 651 Filium,
1258 619 1289 643 et
1313 613 1379 643 hoc
1403 614 1577 644 sacerdote
1595 612 1781 653 perferente
1805 620 1937 644 nostras
1956 624 2073 654 preces

1093 656 1219 695 recipit.
1266 655 1309 685 Ut
1334 656 1431 696 igitur
1459 665 1510 686 me
1536 654 1845 692 eonnnonefaciam,
1880 657 1966 687 addo
1989 656 2073 687 haec

1094 698 1213 728 verba:
1238 697 1472 738 Omnipotens,
1492 704 1626 728 aeterne
1650 705 1680 728 et
1705 699 1779 729 vive
1802 698 1915 736 Deus,
1939 705 2074 729 aeterne

1093 739 1192 769 Pater
1214 739 1345 770 Domini
1369 741 1474 771 nostri
1497 740 1571 771 Iesu
1595 740 1730 777 Chii-sti,
1754 741 1808 781 qui
1832 747 1863 770 te
1886 739 2073 780 patefecisti

1093 782 1251 812 immensa
1274 784 1419 813 bonitate
1443 789 1473 813 et
1498 782 1648 813 clamasti
1668 784 1707 813 de
1731 783 1813 813 Filio
1837 789 1904 819 1110,
1928 782 2070 814 1)01111110

1093 831 1221 861 nostro,
1241 824 1314 855 lesu
1337 824 1490 855 Christo:
1526 825 1621 855 Hunc
1643 827 1772 861 31111118;
1798 827 1947 856 conditor
1971 826 2072 856 omni-

1094 877 1147 897 um
1180 877 1289 898 rerum
1319 873 1350 897 et
1381 874 1599 898 conservator
1627 874 1657 898 et
1682 867 1878 908 opitulator,
1907 878 1981 898 cum
2004 866 2071 898 filio

1093 914 1149 939 tuo
1185 915 1379 947 coaeterno,
1413 910 1556 940 Domino
1580 916 1712 947 1105110,
1748 910 1822 941 Iesu
1853 910 1988 941 Christo
2023 920 2073 941 re-

1095 957 1216 992 gnante
1245 958 1353 982 tecum
1389 958 1420 982 et
1447 952 1613 992 patefacto
1637 954 1668 983 in
1692 952 1871 983 Ierusalem
1896 958 1928 983 et
1951 953 2074 993 Spiritu

1095 999 1210 1024 sancto
1235 1000 1291 1024 tuo
1316 994 1420 1025 effuso
1445 996 1476 1025 in
1494 994 1696 1035 Apostolos,
1721 997 1871 1036 sapiens,
1894 996 1998 1032 bone,
2018 995 2074 1025 mi-

1096 1036 1258 1074 sericors,
1284 1037 1380 1067 iudex
1405 1043 1434 1067 et
1458 1037 1571 1072 fortis3
1607 1037 1706 1068 Pater
1729 1043 1862 1075 noster,
1892 1038 1946 1078 qui
1969 1048 2006 1067 85
2040 1038 2072 1067 111

1096 1077 1206 1108 coelis.
1253 1079 1300 1109 Ita
1324 1079 1533 1121 distinguitur
1555 1081 1719 1111 invocatio
1739 1082 1779 1110 ab
1804 1079 1960 1117 Ethnica,
1992 1079 2073 1110 Tur-

1095 1121 1186 1158 cica,
1220 1120 1369 1159 Iudaica,
1405 1128 1436 1152 et
1471 1122 1666 1153 admonetur
1700 1132 1793 1153 mens
1818 1123 1859 1153 de
1882 1122 2073 1162 promissio-

1095 1164 1202 1193 nibus.

1267 1288 1573 1321 Sanctificetur
1606 1301 1750 1322 nomen
1779 1297 1897 1322 tuum.

1182 1373 1217 1403 ld
1241 1379 1303 1411 est,
1328 1372 1439 1412 effice,
1462 1380 1497 1404 ut
1528 1385 1604 1405 vere
1623 1377 1834 1416 agnoscaris,
1859 1382 1893 1407 ut
1915 1387 1995 1407 vera
2018 1376 2073 1407 do-

1097 1422 1252 1452 ceantur,
1287 1427 1347 1456 per
1376 1427 1462 1457 quae
1490 1416 1596 1457 gloria
1621 1424 1676 1448 tua
1699 1429 1777 1449 vere
1800 1419 1948 1460 patefiat,
1983 1425 2019 1449 ut
2042 1425 2073 1450 te

1094 1464 1184 1488 recte
1207 1459 1362 1489 invocent
1381 1465 1411 1489 et
1437 1458 1545 1490 colant
1569 1459 1729 1491 homines.
1771 1462 1899 1492 Nomen
1923 1462 2007 1491 enim
2031 1462 2073 1491 si-

1095 1499 1229 1541 gnificat
1261 1502 1409 1532 notitiam
1443 1512 1504 1533 seu
1534 1503 1734 1543 agnitionem
1758 1509 1789 1534 et
1819 1504 2072 1534 celebrationem

1094 1543 1233 1573 nominis
1256 1542 1319 1574 Dei
1354 1549 1385 1574 et
1408 1545 1660 1576 invocationem.
1706 1545 1773 1576 Res
1797 1547 1894 1587 igitur
1918 1548 2071 1586 petenda,

1094 1595 1179 1625 quae
1213 1584 1266 1616 hic
1290 1587 1380 1616 initio
1412 1588 1582 1625 recitatur,
1618 1594 1668 1618 est
1698 1599 1858 1619 summum
1881 1595 1912 1619 et
1935 1590 2071 1629 primum

1094 1628 1231 1665 bonum,
1262 1629 1302 1659 de
1338 1639 1401 1669 quo
1431 1630 1570 1669 primum
1599 1637 1810 1671 praeceptum
1835 1637 1866 1661 et
1889 1633 2071 1663 secundum

1093 1670 1269 1709 praecipue
1294 1672 1542 1709 concionantur,
1566 1672 1729 1709 videlicet,
1747 1680 1781 1704 ut
1801 1673 1894 1704 Deus
1914 1680 2002 1704 recte
2025 1675 2070 1704 in-

1092 1718 1259 1749 notescat,
1294 1719 1329 1743 ut
1363 1714 1512 1744 doctrina
1546 1725 1625 1745 vera
1649 1716 1688 1746 de
1711 1715 1784 1746 Deo
1810 1727 1875 1747 vox
1898 1715 2070 1757 Evangelii

1092 1764 1169 1785 vere
1193 1760 1225 1784 et
1254 1754 1320 1785 late
1344 1763 1519 1797 spargatur
1543 1763 1574 1788 et
1597 1764 1687 1788 recte
1712 1759 1901 1799 accipiatur,
1926 1764 1957 1789 et
1980 1757 2070 1789 multi

1092 1795 1242 1869 {iobmines
1278 1808 1357 1828 vera
1386 1799 1595 1830 invocatione
1619 1810 1659 1830 ac
1682 1801 1868 1831 obedientia
1887 1801 1994 1832 Deum
2017 1810 2069 1831 ce-

1106 1849 1123 1868 e
1148 1845 1230 1869 rent.

1314 1967 1524 1999 Adveniat
1548 1980 1713 2011 regnum
1737 1976 1852 2001 tuum.

1176 2049 1229 2080 De
1264 2050 1383 2082 effectu
1417 2054 1541 2092 primae
1574 2055 1738 2094 petitionis
1763 2057 1938 2096 praecipue
1957 2059 1997 2097 ¹²)
2020 2055 2067 2087 lo-

1088 2093 1207 2135 quitur.
1258 2093 1383 2133 Sparsa
1418 2095 1588 2137 Evangelii
1624 2108 1706 2127 voce
1744 2108 1839 2138 regas
1875 2099 1972 2129 etiam
2005 2110 2067 2130 nos

1088 2134 1207 2174 Spiritu
1233 2142 1349 2166 sancto
1370 2142 1443 2171 tuo.
1474 2138 1581 2176 effice,
1615 2145 1650 2170 ut
1675 2141 1776 2170 verbo
1801 2146 1856 2170 tuo
1880 2142 2066 2180 credamus,

1087 2175 1206 2207 inchoa
1228 2178 1260 2207 in
1284 2179 1378 2208 nobis
1403 2190 1540 2221 regnum
1564 2188 1671 2219 tuum,
1700 2188 1736 2212 ut
1764 2182 1878 2213 fiamus
1902 2183 2066 2215 haeredes

1086 2220 1181 2259 regni
1194 2220 1250 2257 tui,
1264 2226 1294 2250 et
1307 2220 1457 2253 destruas
1472 2234 1607 2264 regnum
1616 2223 1750 2255 Diaboli
1763 2224 1961 2256 horribiliter
1973 2236 2065 2266 gras-

1087 2262 1189 2291 santis
1201 2262 1233 2291 in
1246 2272 1367 2302 genere
1379 2264 1520 2296 humano
1534 2272 1564 2295 et
1579 2267 1701 2306 passim
1710 2266 1857 2297 homines
1870 2268 2064 2307 impellentis

1087 2304 1128 2333 ad
1152 2303 1347 2344 Epicureum
1371 2306 1434 2337 Dei
1466 2314 1685 2348 contemptum
1719 2316 1773 2339 aut
1804 2310 1943 2341 colenda
1966 2311 2064 2348 idola,

1087 2345 1252 2376 scelerata
1285 2346 1474 2387 homicidia,
1509 2349 1677 2388 libidines,
1711 2353 1881 2383 mendacia
1915 2359 1945 2384 et
1980 2353 2064 2384 alios

1087 2386 1228 2419 furores.
1257 2388 1431 2422 Adversus
1455 2392 1538 2423 haec
1561 2392 1647 2424 mala
1671 2392 1810 2425 defende
1834 2406 1907 2432 1105,
1931 2402 2064 2427 aeterne

1090 2526 1135 2556 12)
1154 2527 1300 2558 praecipue]
1322 2527 1395 2552 Editt.
1420 2530 1440 2550 1.
1459 2528 1482 2553 3.
1500 2530 1637 2559 praecipuo
