2358 2933
229 130 292 161 &23
858 119 967 150 run„
992 117 1092 149 nm..
1115 116 1302 148 scRiPrA
1323 114 1596 148 DOGMA'ncA.
2152 117 2215 149 824

231 268 304 290 sunt
340 269 433 290 acres
457 259 613 296 impetus.
647 264 767 294 magna
791 253 961 288 dubitatio,
996 252 1143 281 odiorum
1167 257 1197 281 et

231 301 366 332 aliarum
390 299 599 338 cupiditatum
622 296 770 326 incendia
796 301 870 325 etc..
900 301 1007 323 tamen
1030 302 1116 322 nunc
1134 302 1200 323 non

232 344 444 373 dominentur.
464 340 493 369 id
518 347 584 368 est.
617 345 648 368 ut
673 339 744 377 ipse
768 338 1005 375 interpretatur,
1029 344 1094 364 non
1124 335 1200 365 obe-

232 385 356 414 diamus
387 383 445 411 eis.
502 380 582 410 Cum
606 389 684 409 vero
709 379 929 413 dominantur,
957 376 1151 407 abstrahunt
1183 386 1201 407 a

234 425 316 455 Deo.
341 432 368 453 ct
394 431 508 462 postca
533 423 562 451 in
595 423 683 451 varia
707 419 835 449 scelera
859 417 1040 458 impellunt,
1065 425 1095 449 et
1124 428 1202 459 poe·

233 476 291 495 nas
320 466 351 494 in
376 464 436 494 bac
459 465 522 493 vita
547 470 577 493 et
608 470 723 502 postea
748 467 934 491 accersunt.

233 508 348 537 usitate
377 506 492 535 dicitur
514 511 682 544 peccatum
714 501 869 537 mortale,
905 512 965 532 seu
989 504 1040 541 (ut
1065 502 1203 532 Nazian-

233 558 331 578 zenus
355 547 513 584 nominat)
538 546 666 585 φονικὸν,
691 546 722 575 id
753 545 925 585 perspicue
955 544 1066 574 vocari
1095 550 1201 584 potest

233 600 375 630 regnsslls
399 599 456 618 Seu
480 589 651 618 dssllllnssllS
671 593 850 627 peccalunl.

318 631 385 660 Nec
409 640 491 669 opus
511 637 559 659 est
584 628 647 659 huc
667 628 783 659 afferre
806 628 1055 666 disputationem
1079 628 1118 657 de
1137 627 1201 657 ele·

233 672 348 701 ctione.
392 671 462 701 Nos
486 672 568 701 enim
587 671 675 700 iuxta
694 671 828 700 verbum
846 669 919 705 Dei,
943 670 975 699 in
999 679 1064 709 quo
1088 668 1201 699 volun-

232 720 329 743 tatem
353 723 444 743 suain
468 713 627 753 expressit
642 712 746 748 Deus,
765 712 910 741 iudicare
933 711 1102 741 debemus.
1126 710 1200 741 Non

233 761 280 785 est
308 755 493 795 quaerenda
517 753 579 783 alia
605 753 756 784 voluntas
785 759 875 782 extra
900 753 1035 782 verbum
1058 752 1139 787 Dei;
1170 758 1200 782 et

232 795 412 836 exemplum
445 797 621 836 primorum
654 801 822 835 parentum
846 794 1019 834 perspicue
1045 794 1200 830 ostendit,

233 841 327 870 etiam
351 836 476 868 electos
499 837 648 867 labentes
673 843 787 866 contra
800 836 1034 866 conscientiam
1053 837 1201 865 amittere

233 881 366 921 gratiam
386 886 414 908 et
435 879 601 909 effundere
625 878 779 917 Spiritum
797 884 955 907 sanctum.
1001 876 1133 907 Certum
1152 882 1201 906 est

232 923 315 952 enim
329 921 433 950 Adam
446 926 476 950 et
490 919 590 949 Evam
614 921 764 950 amisisse
787 921 924 959 gratiam
947 925 977 949 et
997 917 1085 949 illam
1108 928 1201 958 prae-

231 963 382 993 stantiam
406 962 575 991 donorum.
600 972 696 1001 quam
719 961 917 995 habuerunt3
942 961 1017 991 Ideo
1042 961 1126 991 enim
1145 970 1201 1000 po-

231 1005 308 1034 steri
339 1010 518 1034 nascuntur
541 1002 596 1033 filii
618 1004 701 1039 irae,
724 1004 756 1033 id
780 1009 846 1040 est,
869 1001 965 1032 alieni
987 1012 1007 1032 a
1029 1003 1145 1042 gratia,
1169 1007 1200 1032 et

231 1046 404 1078 afferentes
428 1044 599 1085 caliginem
623 1045 662 1075 de
675 1044 759 1082 Deo,
784 1051 813 1075 et
837 1054 986 1076 aversam
999 1043 1200 1074 voluntatem

232 1099 250 1118 a
273 1088 345 1118 Deo
368 1094 398 1117 et
422 1086 628 1126 multiplicem
653 1088 900 1123 contumaciam,
923 1087 987 1116 imo
1011 1086 1199 1127 magnitudo

231 1139 356 1169 poenae
379 1128 492 1169 lapsus
513 1129 605 1159 Adae
628 1135 748 1165 monet,
771 1135 892 1169 quanta
914 1138 967 1158 res
992 1129 1032 1158 sit
1057 1129 1104 1158 ira
1126 1127 1200 1165 Dei,

232 1178 350 1211 quanta
385 1170 469 1200 mala
502 1178 575 1210 post
606 1181 704 1201 unum
734 1170 862 1211 lapsum
891 1176 1072 1211 sequantur
1095 1180 1134 1200 ac
1158 1170 1199 1199 de

231 1212 339 1242 multis
363 1213 508 1252 partibus
532 1213 702 1243 doctrinae
728 1214 760 1242 in
778 1211 930 1243 Ecclesia
958 1212 1098 1242 omnium
1121 1218 1200 1241 tem-

231 1264 345 1294 porum
361 1256 403 1286 ⁷⁵)
428 1254 564 1284 maxime
587 1255 734 1295 insignes
758 1261 787 1284 et
803 1253 949 1284 illustres
962 1254 1199 1283 admonitiones

231 1296 261 1326 in
281 1294 415 1325 historia
436 1295 530 1325 Adae
552 1297 690 1335 proponi
710 1297 863 1326 sciamus.

315 1336 389 1366 Non
416 1337 513 1377 igitur
540 1338 635 1367 nobis
660 1338 740 1377 ipsis
764 1336 980 1373 blandiamur,
1015 1347 1077 1367 nec
1111 1343 1199 1367 exte-

230 1387 368 1408 nuemus
390 1376 521 1418 lapsus,
545 1379 604 1408 sed
627 1389 848 1420 agnoscamus
872 1379 977 1409 Deum
1001 1389 1079 1409 vere
1101 1379 1199 1409 irasci

229 1425 384 1459 peccato,
419 1426 451 1449 et
474 1430 696 1459 proponamus
720 1421 814 1451 nobis
843 1421 946 1457 dicta,
982 1431 1066 1461 quae
1089 1421 1198 1457 citavi,

229 1470 313 1500 quae
335 1461 376 1491 de
397 1461 455 1496 ira,
475 1461 516 1491 de
528 1461 648 1492 Iudicio
661 1462 723 1492 Dei
747 1468 776 1492 et
799 1463 840 1492 de
863 1463 977 1502 poenis
1002 1463 1198 1492 concionan-

230 1508 292 1538 tur,
316 1508 351 1532 ut
374 1503 494 1532 dictum
517 1509 582 1533 est:
611 1503 750 1544 Propter
772 1503 854 1534 haec
878 1504 964 1534 venit
987 1505 1035 1534 ira
1057 1503 1121 1534 Dei
1143 1504 1198 1534 ad-

229 1553 345 1574 versus
357 1544 592 1575 inobedientes.
626 1545 858 1586 Expavescant
881 1546 977 1576 animi
997 1552 1027 1576 et
1046 1546 1198 1576 abiiciant

228 1586 431 1625 propositum
453 1587 613 1625 peccandi
636 1594 666 1617 et
690 1588 731 1618 ad
750 1588 856 1618 Deum
879 1588 1015 1618 redeant
1038 1588 1197 1618 iusiuran-

229 1626 304 1658 dum
333 1625 411 1658 illud
435 1629 617 1671 cogitantes
647 1629 783 1670 [Ezeeh.
813 1628 865 1668 33,
898 1630 975 1667 114:
1004 1629 1090 1661 Vivo
1121 1639 1196 1671 ego,

229 1672 305 1703 nolo
329 1679 462 1703 mortem
480 1674 681 1713 peccatoris,
712 1674 772 1703 sed
794 1679 829 1704 ut
854 1678 1064 1702 convertatur
1091 1677 1122 1702 et
1151 1673 1196 1703 vi-

229 1721 293 1745 vat.
317 1715 505 1755 Cogitemus
528 1714 637 1752 Adae,
662 1715 816 1752 Aaronis,
833 1716 874 1747 ⁷⁶)
901 1713 1038 1744 Daw'dis
1068 1720 1100 1744 et
1127 1713 1196 1744 Ma·

228 1766 346 1786 nassae
369 1756 493 1796 lapsus,
516 1767 640 1796 poenas
665 1763 695 1786 et
721 1756 968 1792 conversiones,
987 1754 1196 1796 deploremus

227 1798 389 1837 ingentem
412 1797 664 1829 imbecillitatem
687 1798 846 1828 humanae
870 1807 1016 1834 naurae,
1040 1804 1071 1828 et
1095 1798 1196 1827 simus

227 1838 449 1880 w'gilantiores
473 1841 632 1871 adversus
655 1838 830 1870 illecebras
854 1845 885 1869 et
896 1838 1028 1869 Diaboli
1050 1839 1196 1874 insidias,

227 1881 465 1912 meminerimus
485 1881 614 1922 singula
636 1889 774 1922 peccata
802 1882 919 1911 mereri
947 1881 1088 1911 subitam
1112 1890 1196 1910 mor-

227 1930 301 1960 tem,
325 1924 408 1954 sicut
432 1934 532 1964 saepe
553 1922 690 1954 adulteri
711 1930 741 1953 et
765 1922 948 1953 homicidae
970 1924 1002 1953 in
1020 1923 1094 1962 ipso
1107 1921 1195 1952 facto

226 1965 333 1995 subito
357 1965 609 2001 interficiuntur,
639 1972 668 1995 et
702 1972 809 1995 tamen
832 1966 991 1995 immensa
1013 1965 1196 1994 misericor-

225 2006 276 2037 dia
290 2006 351 2038 Dei
371 2008 466 2037 nobis
491 2017 685 2037 concessum
710 2016 786 2037 esse
809 2008 960 2046 spatium,
982 2012 1017 2037 ut
1034 2007 1078 2036 ad
1089 2005 1195 2036 Deum

223 2052 329 2083 redire
362 2050 529 2092 possimus
543 2072 552 2086 ,
592 2054 625 2078 ut
666 2047 853 2078 dulcissime
894 2049 1012 2078 dicitur
1052 2048 1113 2077 les.
1143 2046 1194 2076 30.

224 2096 285 2135 [vs.
313 2094 377 2131 Is]
419 2090 599 2131 Propterea
623 2096 771 2130 expectat
790 2089 963 2127 Dominus,
986 2096 1021 2120 ut
1040 2090 1195 2119 miserea-

224 2145 274 2169 tur
296 2135 408 2166 vestri.
455 2132 495 2163 Et
519 2134 549 2163 in
574 2133 665 2163 Luca
687 2133 772 2162 idem
796 2132 957 2172 significat
975 2130 1135 2171 parabola
1155 2131 1195 2161 de

224 2180 314 2210 ficu.

309 2221 384 2252 Non
403 2221 574 2250 abutamur
594 2216 657 2246 hac
669 2222 759 2246 tanta
770 2216 927 2252 bonitate,
951 2215 1011 2245 sed
1034 2214 1118 2254 lapsi
1140 2223 1194 2244 ac·

227 2273 379 2296 cusemus
407 2271 469 2291 nos
498 2270 576 2290 vero
600 2258 739 2299 gemitu,
773 2263 807 2288 ut
829 2256 937 2287 David
960 2257 1079 2297 inquit:
1114 2255 1194 2286 Pec-

228 2306 299 2337 caw·
322 2304 475 2339 Domino,
498 2308 528 2332 et
545 2302 724 2331 intueamur
748 2299 959 2329 Mediatorem
981 2297 1097 2329 Filium
1119 2297 1193 2334 Dei,

230 2423 274 2451 74)
294 2420 375 2451 vobis]
397 2420 466 2444 Editt.
486 2418 527 2440 26.
548 2418 599 2446 27.,
619 2418 688 2447 corp.
708 2418 781 2442 1-8,
799 2418 870 2442 nobis

231 2472 275 2500 75)
295 2474 435 2499 temporum
455 2469 531 2493 abest
550 2468 584 2492 ab
603 2468 675 2491 Editt.
699 2469 718 2489 ι,
739 2468 760 2491 3.

231 2520 276 2551 76)
295 2520 406 2544 Aaronis.
425 2518 503 2543 abest
521 2517 556 2541 ab
574 2517 644 2542 Editt.
666 2518 686 2541 1.
705 2519 728 2540 3.

1222 303 1223 306 ’
1245 293 1315 323 nari
1348 298 1410 323 etc.

980 460 1075 494 Quod
1104 461 1202 501 igitur
1224 459 1225 462 ’

231 221 347 260 inquit:
372 218 546 248 Peccatum
571 215 665 243 vohis
682 215 726 250 ⁷⁴)
759 222 823 241 non
855 211 1082 240 dominabitur.
1130 208 1199 239 Etsi
1220 214 1223 248 ζ
1245 214 1277 239 et
1300 208 1417 239 fiducia
1436 208 1625 238 Mediatoris
1649 209 1819 239 redeamus
1837 209 1879 239 ad
1892 208 2008 244 Deum,
2032 218 2145 239 rursus
2168 211 2213 239 in-

1246 259 1412 286 vocemus,
1436 257 1582 290 petamus
1607 251 1703 280 nobis
1726 251 1870 290 ignosci,
1893 260 1954 280 nos
1978 251 2078 290 recipi
2102 257 2133 280 et
2160 260 2212 280 sa·

1475 291 1665 333 Cogitemus
1703 290 1793 322 illam
1837 291 2058 323 dulcissimam
2100 301 2214 323 vocem

1247 334 1339 371 [Luc.
1366 334 1415 371 15,
1439 335 1500 371 7.Ιε
1537 334 1697 365 Gaudium
1727 340 1775 364 est
1807 335 1838 364 in
1862 333 1963 364 coelis
1988 335 2028 364 de
2051 344 2116 364 uno
2138 344 2213 374 pec-

1246 382 1357 406 catore
1385 377 1609 416 resipiscente.
1656 375 1834 406 Audiamus
1864 382 1893 405 et
1925 385 2041 406 vocem
2063 375 2213 416 Evange-

1245 417 1295 455 lii,
1325 428 1389 458 qua
1413 429 1486 449 cum
1508 417 1614 457 palam
1643 419 1674 447 in
1699 417 1848 447 Ecclesia
1872 417 2063 457 recipimur,
2096 419 2213 448 contir—

1246 470 1370 490 mamur
1392 459 1455 490 hoc
1478 461 1550 500 ipso
1575 460 1777 495 testimonio,
1812 465 1845 489 ut
1876 459 2000 489 firmius
2033 465 2214 492 statuamus

1247 502 1347 541 recipi
1370 501 1502 541 lapsos:
1526 512 1565 532 ac
1578 503 1684 532 veniat
1699 501 1731 530 in
1751 507 1891 531 mentem
1906 502 2125 533 testimonium
2147 503 2216 533 uni-

1245 553 1364 574 versae
1387 543 1578 580 Ecclesiae,
1605 552 1689 584 quae
1719 552 1850 582 semper
1873 543 1994 582 recepit
2010 545 2057 583 ’77)
2088 543 2214 584 lapsoS‚

1245 591 1278 615 ut
1302 585 1366 615 hoc
1390 586 1606 616 testimonium
1628 585 1788 615 adversus
1801 583 1965 615 Catharos
1988 584 2144 627 allegavit
2156 585 2215 617 Pe-

1246 633 1316 657 trus
1339 626 1582 657 Alexandrinus
1608 627 1801 666 Episcopus,
1852 625 2002 667 Denique
2030 628 2216 659 universam

1246 668 1428 699 doctrinam
1455 669 1494 698 de
1517 669 1715 707 poenitentia
1748 669 1860 698 intenti
1896 669 2096 710 cogitemus,
2131 678 2216 709 quae

1247 710 1287 739 de
1318 711 1418 741 rebus
1446 710 1593 740 maximis
1617 711 1689 749 pios
1713 710 1886 747 admonet,
1921 717 1951 740 et
1978 710 2214 750 disputationes

1246 751 1287 781 de
1311 751 1470 782 electione
1493 761 1701 791 seponamus.

1331 793 1504 823 Postremo
1525 800 1556 824 et.
1570 792 1634 824 hoc
1651 794 1863 825 adiiciendum
1878 801 1945 825 est:
1969 804 2041 825 cum
2065 795 2213 831 dicimus,

1246 840 1380 874 peccata
1404 834 1553 866 mortalia
1584 845 1659 866 esse
1683 835 1797 875 lapsus
1828 842 1940 866 contra
1972 836 2215 871 conscientiam,

1245 876 1491 916 complectimur
1520 878 1614 907 ctiam
1641 884 1780 917 peccata
1807 878 2012 918 ignorantiae
2041 876 2215 908 affectatae

1245 925 1275 949 et
1300 919 1488 949 omissionis
1512 919 1694 956 affectatae,
1717 925 1751 949 ut
1772 921 1891 950 usitate
1910 918 2080 959 loquimur.
2123 918 2216 949 Hanc

1244 961 1329 991 enim
1353 959 1504 991 volentes
1527 962 1729 991 accersimus
1752 970 1813 991 seu
1836 960 2082 997 confirmamus,
2103 966 2140 992 ut
2162 961 2218 1003 qui

1245 1001 1358 1032 nolunt
1381 1003 1510 1033 discere
1533 1002 1624 1032 Evan
1652 1002 1766 1039 elium,
1800 1013 1873 1033 cum
1902 1001 2091 1040 hac⁴voce,
2108 1003 2215 1042 ,Hunc

1244 1045 1370 1080 audite,
1404 1045 1462 1074 toti
1492 1045 1604 1084 generi
1658 1054 1776 1074 umano
1806 1044 1898 1076 Deus
1927 1046 2149 1085 praeceperit,
2182 1052 2215 1075 ut

1243 1085 1409 1116 Christum
1431 1087 1615 1123 audiamus.
1638 1092 1670 1116 et
1690 1087 1819 1126 quidem
1832 1087 1989 1127 sparserit
2000 1086 2215 1128 Evangelium

1220 1131 1222 1137 ’
1243 1129 1326 1158 inter
1349 1137 1462 1158 omnes
1479 1127 1604 1158 Gentes
1628 1134 1658 1158 et
1678 1128 1836 1158 addiderit
1862 1129 2046 1159 testimonia
2068 1138 2133 1158 non
2155 1127 2215 1159 fal-

1243 1169 1355 1200 lentia.
1667 1190 1672 1195 .

1328 1211 1457 1241 Habent
1492 1212 1592 1252 igitur
1618 1218 1789 1251 peccatum
1818 1211 1956 1242 mortale
1979 1222 2093 1243 omnes
2116 1212 2214 1251 ἄθεοι,

1242 1253 1351 1290 Turci,
1375 1253 1484 1283 ludaei
1508 1259 1539 1282 et
1563 1252 1616 1282 alii
1640 1254 1831 1284 damnantes
1844 1254 2069 1294 Evangelium,
2092 1255 2215 1284 etiamsi

1243 1294 1387 1325 fatentur
1409 1304 1445 1324 se
1468 1304 1529 1324 nec
1552 1295 1705 1325 didicisse
1727 1305 1789 1325 nec
1808 1294 2000 1336 intelligere.
2033 1294 2122 1325 Talis
2145 1302 2213 1326 erat

1242 1338 1370 1368 inscitia
1383 1336 1645 1374 Pharisaeorum,
1669 1338 1786 1378 quibus
1809 1338 1910 1378 inquit
1924 1336 2075 1368 Christus
2089 1336 2170 1374 [loh.
2182 1336 2213 1373 9,

1242 1379 1329 1417 41.]:
1364 1378 1399 1409 Si
1434 1380 1522 1409 caeci
1557 1379 1693 1416 essetis,
1726 1385 1899 1419 peccatum
1932 1388 1998 1409 non
2031 1378 2213 1412 haberetis3

1242 1421 1336 1451 Nunc
1361 1420 1465 1450 dicitis
1490 1430 1551 1450 vos
1574 1421 1701 1456 videre,
1733 1421 1806 1450 ideo
1835 1426 1944 1450 manet
1966 1425 2138 1460 peccatum
2159 1429 2213 1449 ve-

1242 1469 1358 1493 strum.

1325 1504 1427 1535 Erant
1456 1511 1487 1536 et.
1510 1502 1618 1534 cultus
1647 1502 1807 1533 idolorum
1836 1504 1922 1543 apud
1950 1503 2108 1534 Ethnicos
2137 1502 2212 1533 affe-

1240 1552 1326 1576 ctata
1345 1546 1538 1587 ignorantia,
1562 1545 1637 1586 quia
1661 1544 1810 1576 volentes
1835 1546 2010 1576 amiserant
2032 1550 2064 1576 et
2085 1545 2213 1575 abiece-

1240 1595 1311 1618 rant
1335 1589 1533 1624 doctrinam,
1567 1592 1599 1617 et
1627 1598 1692 1618 non
1717 1588 1918 1628 quaerebant
1947 1597 2018 1618 eam
2041 1596 2157 1618 rursus
2180 1587 2212 1617 in

1239 1629 1407 1666 Ecclesia,
1442 1636 1475 1660 et
1505 1636 1699 1669 receperant
1715 1631 1757 1660 ⁷²³)
1792 1627 1922 1661 furores
1955 1627 2128 1661 manifeste
2155 1638 2213 1669 pu—

1241 1678 1380 1713 gnantes
1406 1681 1479 1702 cum
1504 1670 1643 1701 naturali
1665 1672 1795 1708 notitia,
1825 1681 1910 1711 quae
1932 1676 2092 1702 monstrat
2113 1681 2212 1702 unum

1240 1723 1316 1744 esse
1338 1713 1458 1749 Deum,
1480 1722 1543 1742 nec
1567 1712 1740 1743 colendum
1759 1723 1834 1743 esse
1845 1712 1952 1743 Deum
1976 1713 2212 1751 obscoenitate,

1239 1762 1275 1785 ut.
1303 1756 1389 1795 apud
1418 1754 1494 1785 illos
1518 1761 1611 1785 erant
1633 1754 1854 1785 Bacchanalia
1871 1757 1912 1788 ⁷⁹)
1948 1761 1980 1785 et
2008 1754 2073 1785 alia
2105 1756 2210 1794 turpia

1240 1807 1347 1827 sacra.

1326 1838 1378 1868 De
1403 1837 1557 1868 affectata
1570 1838 1747 1868 omissione
1759 1838 1861 1878 inquit
1873 1836 2013 1868 Paulus:
2029 1837 2099 1868 Vae
2122 1837 2209 1875 mihi,

1239 1881 1267 1909 si
1297 1889 1363 1910 non
1387 1878 1622 1921 evangelizem.
1677 1879 1718 1909 Et
1750 1879 1865 1909 Matth.
1894 1879 1945 1909 25.
1975 1883 2038 1916 [vs.
2061 1879 2127 1918 30.]
2162 1879 2210 1910 ln-

1238 1921 1349 1952 utilem
1378 1931 1510 1952 servum
1535 1922 1640 1952 eiicite
1662 1922 1693 1951 in
1717 1922 1889 1958 tenebras,
1913 1930 1997 1960 quae
2018 1919 2099 1950 soris
2122 1928 2208 1952 sunt.

1239 1963 1333 1993 Hanc
1363 1963 1583 1993 tristissimam
1615 1963 1892 1992 comminationem
1923 1963 1955 1992 in
1983 1972 2043 1992 sua
2071 1963 2210 2003 quisque

1238 2006 1413 2035 vocatione
1435 2005 1629 2035 consideret.
1675 2003 1746 2034 Etsi
1762 2005 1845 2034 enim
1860 2009 1992 2034 manent
2003 2003 2105 2035 multa
2117 2004 2209 2045 igno—

1239 2047 1364 2077 rantiae
1387 2053 1419 2076 et
1443 2046 1629 2076 omissionis
1652 2056 1717 2076 non
1731 2045 1934 2076 voluntariae
1945 2052 2082 2086 peccata
2103 2046 2137 2076 in
2158 2055 2208 2076 re-

1238 2089 1334 2125 natis,
1357 2094 1392 2118 ut
1414 2089 1446 2118 in
1458 2086 1630 2128 Apostolis
1653 2094 1728 2118 ante
1740 2087 1958 2118 Pentecosten
1982 2086 2081 2118 multa
2098 2093 2208 2123 erant;

1238 2130 1361 2160 Tamen
1384 2130 1427 2160 sit
1448 2131 1480 2160 in
1504 2129 1676 2161 vocatione
1698 2128 1850 2160 voluntas
1874 2139 1933 2159 seu
1955 2129 2097 2160 studium
2117 2134 2209 2160 recte

1238 2171 1387 2208 faciendi,
1410 2178 1440 2201 et
1464 2170 1619 2212 pleraque
1637 2177 1728 2202 recte
1742 2171 1909 2202 faciamus.
1955 2171 2050 2202 Hunc
2071 2171 2208 2212 gradum

1238 2214 1407 2244 constituit
1429 2212 1565 2244 Paulus:
1589 2213 1730 2244 Primum
1754 2213 1873 2244 fatetur
1894 2213 1925 2243 2.
1938 2213 2015 2243 Cor.
2027 2212 2058 2244 3.
2084 2212 2205 2250 [vs-5]

1237 2256 1396 2285 humanas
1424 2256 1511 2285 vires
1540 2265 1606 2285 non
1637 2265 1712 2286 esse
1733 2265 1831 2295 pares
1855 2255 2033 2285 ministerio
2055 2254 2207 2295 Evange-

1237 2297 1280 2328 lii.
1325 2297 1400 2327 Non
1422 2307 1548 2335 sumus,
1570 2298 1683 2338 inquit,
1706 2298 1814 2328 idonei
1836 2307 1896 2337 per
1917 2306 1979 2327 nos
2002 2298 2094 2337 ipsos
2118 2296 2207 2338 cogi-

1238 2415 1283 2445 77)
1301 2416 1408 2446 recepit]
1426 2416 1498 2440 Editt.
1520 2417 1556 2438 ll.
1579 2416 1684 2440 13-20.
1704 2415 1744 2438 23.
1764 2415 1880 2443 25-27.,
1899 2415 1969 2444 Corp.
1991 2416 2065 2438 1—8.
2083 2414 2171 2444 recipit

1239 2466 1284 2496 78)
1304 2466 1462 2497 receperant]
1484 2466 1556 2490 Editt.
1579 2465 1649 2488 1-4.
1669 2465 1692 2490 6.
1710 2465 1732 2490 7.
1751 2465 1774 2490 9.
1796 2466 1831 2487 12.
1852 2467 2002 2495 receperunt

1238 2516 1284 2543 79)
1302 2516 1477 2545 Bacchanalia]
1497 2515 1567 2540 Editt.
1588 2516 1611 2537 1.
1632 2515 1654 2538 3.
1674 2515 1865 2539 Bacchanalium
