2358 2933
132 109 191 142 141

286 211 399 233 semen
421 207 521 239 tuum,
545 208 576 232 et
599 211 711 232 semen
734 200 831 232 illius.
868 201 910 231 Et
933 202 1041 232 statim
1058 203 1105 232 vi-

287 244 390 275 ctoria
418 244 622 283 promittitur.
676 244 786 284 Ipsum
814 253 926 274 semen
960 242 1105 274 mulieris

286 284 493 317 conculcabit
516 292 614 326 caput
637 292 734 317 tuum.
764 284 900 315 Rectius
925 286 1010 316 enim
1030 296 1104 316 meo

284 328 404 359 iudicio
425 326 566 358 refertur
588 337 779 368 pronomen,
803 337 842 358 eo
865 327 961 364 loco,
990 328 1105 358 ad¹se-

284 380 369 406 men,
393 380 490 410 quam
512 371 554 400 ad
577 369 745 400 mulierem
766 375 802 399 ut
824 370 855 399 in
870 370 993 399 nostris
1017 371 1105 400 codi-

286 413 378 443 cibus
401 411 530 452 legitur.
575 411 625 442 Ea
646 412 749 452 prima
765 411 940 451 promissio
966 418 1026 442 est.
1040 413 1104 452 pri-

283 464 371 485 mmn
399 453 633 494 Evangelium,
667 463 732 494 quo
761 452 954 484 sublevatus
986 454 1106 491 Adam,

284 497 434 537 concepit
447 502 569 526 certam
592 505 673 527 suae
696 494 811 525 salutis
829 505 932 535 spem,
956 497 1105 536 adeoque

284 545 316 570 et
344 539 537 569 iustificatus
567 543 627 568 est.
678 537 807 567 Deinde
836 537 924 568 facta
952 544 1002 568 est
1029 548 1104 579 pro-

281 581 394 612 missio
410 580 640 617 Abrahae⁵⁵b›,
655 578 804 610 futu¹rmn
824 586 858 610 ut
873 581 905 610 in
928 581 1030 620 ipsius
1054 590 1105 611 se-

281 623 378 660 mine,
408 623 679 653 benedicerentur
704 632 817 652 omnes
845 628 978 662 gentes,
1020 633 1105 663 quae

282 671 371 696 certe
404 666 466 695 nisi
499 665 540 695 de
568 663 699 694 Christo
730 663 867 704 intelligi
894 675 960 695 non
990 665 1104 705 potuit,

281 713 397 748 estque
423 707 476 737 hic
504 705 660 737 Abrahae
683 707 793 744 sinus,
816 707 849 736 in
872 717 968 748 quem
991 708 1045 748 qui
1057 709 1103 748 ⁵⁶)

279 750 403 790 recepti
434 756 526 787 sunt,
555 750 678 779 servati
707 755 799 785 sunt,
835 749 868 779 id
893 756 959 787 est,
982 751 1104 780 servati

280 798 373 830 sunt,
419 793 472 833 qui
507 792 718 832 promissioni
747 791 813 828 illi,
849 802 934 832 quae
947 792 1104 823 Abrahae

279 834 368 865 facta
391 841 441 865 est
465 834 812 875 crediderunt¹Atque
835 833 917 864 haec
926 836 1102 874 promissio

279 882 348 914 est,
377 887 475 917 quam
502 877 623 917 ubique
652 878 749 907 iactat
773 882 935 916 scriptura
957 878 1034 908 novi
1057 884 1102 908 te-

279 919 441 949 stamenti.
503 918 627 949 Poterit
668 918 808 960 diligens
849 918 955 949 lector
988 930 1102 950 omnes

277 962 515 1002 promissiones
539 962 579 991 de
591 960 722 991 Christo
746 963 779 992 in
795 961 882 992 hunc
900 960 1009 992 locum
1024 973 1101 992 con-

191 1004 204 1023 5
277 1013 404 1044 gerere.
451 1003 543 1038 Quae
572 1003 669 1043 plane
699 1002 886 1034 non'aliud
913 1010 1005 1042 sunt,
1038 1005 1101 1035 nisi

275 1044 501 1086 Evangelium.
525 1045 683 1075 Deutero.
707 1045 825 1075 XVIII.
841 1049 902 1083 [vs.
918 1046 968 1077 18.
977 1050 997 1085 τ]
1019 1047 1100 1077 Pro-

275 1087 407 1128 phetam
425 1087 593 1118 suscitabo
618 1088 664 1117 eis
689 1088 729 1118 de
740 1088 846 1118 medio
868 1088 1005 1120 fratrum
1024 1099 1100 1119 suo·

276 1141 348 1161 rum
377 1129 514 1161 similem
540 1130 603 1167 tui,
632 1135 664 1160 et
693 1140 814 1170 ponam
842 1132 945 1162 verba
973 1142 1046 1162 mea
1068 1134 1100 1162 in

277 1183 335 1204 ore
365 1173 451 1211 eius,
479 1171 697 1213 loqueturque
731 1173 773 1203 ad
802 1183 860 1203 eos
885 1175 993 1204 omnia
1016 1184 1101 1215 quae

275 1225 476 1257 praecepero
500 1214 555 1246 illi.
581 1214 643 1249 Qui
667 1220 774 1245 autem
796 1217 899 1246 verba
912 1217 993 1254 eius,
1016 1226 1101 1257 quae

275 1258 428 1299 loquetur
441 1269 443 1280 ¹
454 1259 485 1288 in
500 1259 632 1289 nomine
644 1268 718 1287 meo
742 1259 855 1288 audire
869 1257 1020 1296 noluerit,
1037 1269 1099 1300 ego

275 1301 363 1332 ultor
386 1301 533 1331 existam.
578 1301 614 1331 In
638 1300 784 1330 secundo
807 1299 971 1331 volumine
998 1301 1100 1331 histo-

193 340 222 359 15

188 582 219 601 2⁰

159 844 200 873 56,
218 843 243 868 b.

191 1269 218 1287 10

274 1345 342 1374 riae
364 1353 479 1384 regum
503 1353 574 1382 cap.
598 1343 668 1372 VII.
693 1343 736 1380 [2.
761 1342 850 1374 Sam.
876 1343 912 1381 7,
938 1344 1000 1382 12]
1023 1354 1099 1383 pro-

273 1386 407 1417 mittitur
429 1385 548 1415 Davidj
572 1384 732 1416 Christus,
780 1385 957 1416 suscitabo
986 1396 1099 1417 semen

275 1434 365 1459 tuum
386 1434 463 1468 post
485 1434 529 1465 te,
541 1428 629 1468 quod
649 1428 835 1469 egredietur
858 1429 899 1458 de
922 1434 1017 1459 utero
1031 1434 1098 1465 tuo,

276 1476 308 1501 et
330 1471 467 1501 firmabo
492 1481 627 1511 regnum
641 1471 720 1500 eius.
735 1471 738 1482 ¹
752 1470 827 1510 Ipse
838 1471 1026 1502 aedificabit
1041 1472 1098 1502 do-

274 1524 361 1544 mum
383 1513 505 1543 nomini
528 1523 613 1551 11160,
636 1518 667 1543 et
690 1512 854 1544 stabiliam
876 1513 1029 1544 thronum
1048 1524 1098 1544 re-

275 1556 331 1596 gni
354 1556 423 1585 eius
445 1564 551 1594 usque
570 1556 602 1584 in
625 1556 868 1594 sempiternum.
899 1555 940 1586 Et
955 1557 997 1586 ob
1012 1555 1099 1588 hanc

274 1597 526 1637 promissionem
553 1596 638 1626 filius
666 1596 776 1627 David
804 1597 957 1628 Christus
987 1597 1097 1638 adpel-

274 1638 360 1670 latur
370 1641 427 1673 ⁵⁶²)
451 1649 470 1669 a
492 1638 672 1679 prophetis·
702 1639 801 1670 Immo
820 1639 980 1670 Davidem
1004 1642 1098 1671 etiam

274 1680 430 1712 Ezechiel
440 1681 594 1711 nominat.
619 1681 806 1720 Prophetae
827 1682 983 1713 in'totum
1006 1689 1037 1713 et
1052 1682 1098 1713 le-

274 1733 349 1765 gem
372 1728 534 1763 repetunt,
558 1729 590 1753 et
614 1722 780 1753 Christum
793 1725 995 1764 promittunt.
1016 1724 1097 1755 Pro-

275 1766 423 1806 deritque
435 1766 509 1805 piae
521 1767 618 1796 menti
642 1767 832 1804 subnotare,
856 1768 933 1797 etin
946 1773 1098 1808 promptu

272 1806 397 1839 habere
421 1809 658 1848 promissiones
682 1808 820 1845 divinas,
845 1810 932 1849 quod
961 1810 1003 1840 ad
1021 1820 1097 1840 con-

273 1849 464 1888 firmandas,
495 1851 736 1891 erigendasque
768 1852 988 1882 conscientias
1017 1853 1098 1882 mire

274 1891 429 1924 efficaces
453 1898 551 1923 sunt.·

190 1471 218 1490 15

182 1691 213 1710 20

153 1953 194 1983 57,
213 1958 235 1978 a·
313 1952 355 1983 Et
373 1953 405 1983 in
428 1951 516 1982 hunc
528 1952 660 1982 modum
672 1951 833 1983 revelaw‘t
849 1954 931 1984 deus
943 1953 1096 1994 Evange-

136 1987 197 2018 (31,
215 1988 252 2018 fb)
271 1994 349 2026 lium
380 1995 488 2025 statim
516 2000 593 2034 post
615 1994 710 2025 Adae
731 1994 875 2035 lapsum,
904 2002 935 2026 et
958 1997 1097 2026 subinde

274 2037 395 2069 clarius
418 2039 555 2077 aperuit,
579 2037 686 2068 donec
700 2037 843 2068 exhibuit
860 2037 1036 2069 Christum.
1061 2039 1097 2069 Id

274 2085 326 2111 est
348 2080 436 2120 quod
460 2080 573 2110 scribit
585 2079 707 2110 Paulus
731 2081 771 2110 ad
802 2080 918 2111 Roma.
942 2081 963 2112 I.
980 2083 1061 2118 [vss.
1079 2081 1094 2110 1

189 2132 203 2151 ⁵
278 2122 348 2152 -3.
357 2125 390 2160 :].
414 2121 450 2152 ln
462 2121 687 2162 Evan'geliuin
700 2121 755 2153 filii
770 2123 831 2160 sui,
847 2124 1007 2163 quodiam
1020 2129 1096 2153 ante

274 2164 423 2205 promisit
445 2174 504 2203 per
514 2163 706 2205 prophetas,
728 2166 761 2195 in
774 2166 945 2205 scripturis
961 2167 1097 2203 sanctis,

275 2207 316 2238 de
338 2205 405 2236 filio
429 2216 501 2236 suo.
546 2205 588 2236 Et
609 2205 724 2238 literae
746 2208 1097 2249 nostrorumEvange-

274 2247 439 2286 listarum,
462 2258 530 2278 non
553 2247 640 2279 aliud
664 2256 766 2290 agunt
787 2251 850 2280 nisi
879 2256 914 2281 ut
936 2256 1097 2281 testentur

276 2290 436 2322 exhibitas
461 2300 537 2321 esse
559 2293 806 2330 promissiones.
852 2293 962 2334 Atque
985 2294 1018 2324 id
1036 2299 1097 2331 est,

123 2434 183 2465 55¹³)
203 2435 230 2459 In
249 2435 366 2465 Genesin7
385 2436 410 2459 in
428 2440 523 2464 marg:
547 2435 686 2460 Promissis)
700 2436 822 2461 Abrahae.

122 2485 168 2514 56)
203 2485 255 2515 qui]
275 2483 357 2509 abest
375 2486 402 2510 In
421 2485 531 2510 Genesin
549 2485 592 2510 Ed.
612 2487 634 2510 3.
653 2485 696 2510 sol.
717 2487 758 2513 30,
778 2494 803 2511 a.

123 2535 182 2566 56⁸)
202 2535 230 2560 ln
248 2536 366 2566 Genesin,
384 2537 409 2561 in
428 2541 523 2565 marg:
544 2536 657 2561 Christus
676 2536 742 2561 filius
760 2536 845 2562 David.

606 109 629 139 1.
652 108 754 140 LOCI
776 108 1052 141 THEOLOGICI:
1074 110 1115 141 B.

1139 110 1280 142 PRIMA
1303 111 1458 143 EORUM
1480 112 1636 144 AETAS.
2067 121 2128 153 142

1151 214 1209 234 cur
1231 205 1280 235 sic
1304 205 1450 235 ordiatur
1472 205 1676 243 Matthaeus,
1701 207 1746 245 [1,
1771 208 1827 247 l.],
1857 209 1972 242 Liber¹

1150 248 1370 286 generationis
1398 248 1472 278 Iesu
1502 247 1641 287 Christi,
1676 248 1731 280 filii
1761 250 1887 289 David,
1918 252 1973 284 filii

1149 288 1328 319 Abraham.
1360 289 1523 331 Vocoque
1545 290 1760 332 Evangelium
1782 295 1973 333 promissio-

1149 340 1223 360 nem
1233 332 1358 371 gratiae
1368 333 1439 369 ⁵⁶¹²),
1461 334 1710 371 benedictioniS,
1722 335 1973 368 benevolentiae

1149 372 1201 402 dei
1224 383 1283 412 per
1306 373 1481 405 Christum.
1507 376 1589 405 Sunt
1612 377 1643 406 in
1667 378 1855 417 scripturis,
1878 389 1971 418 prae-

1149 419 1199 444 ter
1220 414 1306 445 hanc
1329 414 1579 456 promissionem
1603 424 1756 450 aeternae
1776 421 1971 453 benedictio-

1149 456 1221 493 nis,
1257 458 1352 487 etiam
1385 458 1631 497 promissiones
1673 471 1780 492 rerum
1810 468 1972 503 tempora-

1148 496 1234 528 lium.
1259 498 1365 539 qualis
1385 506 1434 530 est
1458 511 1512 538 ea,
1544 512 1628 541 quae
1656 502 1744 533 facta
1773 510 1823 534 est
1845 505 1971 544 Nohae,

1150 539 1265 580 quales
1285 539 1463 582 pleraeque
1475 549 1550 572 sunt
1574 545 1604 573 in
1628 543 1712 585 lege,
1736 546 1776 576 de
1795 552 1900 585 terra,
1929 549 1970 579 de

1149 581 1317 621 opulentia
1341 590 1403 614 etc.
1428 594 1512 624 quae
1534 595 1600 615 non
1623 588 1720 617 modo
1745 587 1871 628 figurae
1893 596 1969 621 sunt

1147 623 1361 663 spiritualium
1373 627 1638 665 promissionum,
1662 630 1721 659 sed
1735 640 1794 669 per
1804 641 1879 661 sese
1894 637 1970 663 sunt

1147 667 1332 697 testimonia
1355 669 1479 708 gratiae
1503 675 1534 699 et
1556 671 1813 702 misericordiae*
1829 674 1891 710 dei,
1915 675 1968 714 ita,

1146 715 1181 739 ut
1205 708 1432 748 consolentur,
1462 717 1495 741 et
1518 712 1642 752 erigant
1668 715 1888 745 conscientias
1911 726 1969 746 no-

1147 757 1246 789 stras,
1269 757 1303 782 ut
1327 753 1422 783 deum
1446 752 1638 793 glorificent.
1685 755 1725 785 Et
1755 757 1796 786 (16
1826 756 1877 787 his
1901 759 1969 798 qui-

1147 794 1221 824 dem
1232 795 1505 834 promissionibus
1529 795 1615 827 infra
1627 804 1753 837 agetur,
1777 799 1832 829 ubi
1850 800 1890 829 de
1905 800 1969 831 fide

1147 836 1309 874 dicemus,
1333 848 1418 877 quae
1442 838 1541 875 fides,
1565 844 1595 869 et
1619 841 1783 879 quomodo
1806 841 1968 872 iustificet.

1189 887 1291 917 Vides
1312 887 1482 918 consilium
1496 889 1593 919 dixini
1617 891 1749 929 spiritus
1768 891 1800 921 in
1821 893 1966 931 se1·iptu-'

1145 930 1203 966 ris,
1221 940 1318 969 quam
1334 931 1489 967 suaviter,
1503 942 1599 971 quam
1614 931 1733 963 blande
1747 934 1873 964 erudiat
1885 935 1969 974 pios,

1144 977 1179 1001 ut
1192 970 1270 1001 nihil
1286 971 1373 1002 aliud
1397 978 1484 1013 agat,
1501 984 1609 1013 quam,
1624 979 1659 1004 ut
1674 974 1849 1006 salvemur.
1884 976 1969 1007 Tota

1144 1014 1308 1053 scriptura
1330 1013 1411 1044 alias
1442 1013 1494 1044 lex
1524 1021 1591 1052 est,
1626 1015 1707 1046 alias
1741 1015 1968 1058 Evangelium,

1143 1055 1235 1085 Libri
1257 1055 1345 1086 Mosi
1370 1052 1451 1087 alias
1474 1055 1580 1097 legem
1603 1059 1745 1096 tradunt,
1765 1057 1846 1090 alias
1859 1059 1966 1091 Evan-

1144 1096 1281 1138 gelium,
1302 1097 1307 1118 ¹
1327 1099 1476 1139 adeoque
1504 1099 1719 1141 Evangelium
1747 1101 1833 1131 intra
1862 1102 1967 1141 ipsam
2039 1111 2052 1128 ⁵

1145 1141 1246 1170 etiam
1276 1139 1384 1181 legem
1412 1142 1555 1172 abditum
1584 1145 1711 1177 est.⁵⁷).
1770 1143 1855 1178 Quid
1884 1145 1968 1175 enim

1143 1184 1247 1223 magis
1260 1182 1497 1224 Evangelicum
1509 1185 1656 1223 reperias
1677 1195 1774 1225 quam
1792 1187 1966 1226 promissio

1143 1224 1198 1255 illa
1222 1227 1338 1263 65155),
1362 1236 1458 1266 quam
1481 1227 1614 1267 spiritus
1639 1228 1701 1264 dei,
1719 1237 1779 1267 pro
1805 1229 1967 1272 αἰτιολογίᾳ

1143 1268 1237 1307 primi
1259 1269 1427 1307 praecepti
1451 1270 1599 1299 subiecit.
1623 1269 1763 1299 Faciens
1782 1270 1966 1300 misericor-

1144 1310 1230 1340 diam
1258 1311 1292 1340 in
1320 1309 1419 1341 millia
1440 1309 1491 1341 his
1523 1313 1578 1352 qui
1601 1310 1737 1352 diligunt
1765 1322 1827 1349 me,
1855 1318 1886 1343 et
1910 1323 1964 1343 cu-

1144 1353 1290 1382 stodiunt
1312 1359 1491 1392 praecepta
1512 1364 1596 1384 mea.
1641 1354 1683 1384 Et
1705 1354 1780 1384 vide
1803 1364 1843 1385 ex
1866 1353 1964 1395 legis-

1143 1393 1248 1425 latore
1270 1394 1379 1433 Mose,
1403 1396 1567 1436 quomodo
1583 1395 1808 1437 Evangelista,
1822 1396 1888 1427 hoc
1903 1403 1964 1435 est,

1143 1438 1269 1478 gratiae
1300 1443 1331 1467 et
1359 1438 1605 1469 misericordiae
1634 1449 1755 1479 praeco
1787 1439 1894 1469 subito
1919 1440 1965 1470 13-

1143 1485 1215 1510 ctus
1239 1479 1305 1509 sit?
1329 1490 1402 1510 cum
1414 1481 1517 1520 inquit
1534 1481 1565 1511 in
1578 1481 1694 1511 Exodo
1712 1491 1783 1521 cap.
1796 1480 1963 1511 XXXIIII.

1144 1525 1208 1560 [vs.
1233 1521 1263 1552 6.
1274 1524 1297 1559 z]
1343 1521 1538 1553 Dominator
1561 1524 1690 1553 domine
1714 1524 1808 1561 deus,
1831 1524 1964 1554 misera-

1142 1570 1194 1594 tor
1223 1570 1255 1595 et
1279 1562 1452 1602 cleimenS,
1479 1566 1608 1605 patiens
1633 1571 1665 1596 et
1687 1564 1808 1596 multae
1830 1568 1963 1596 misera·

1142 1607 1239 1637 tionis
1253 1629 1261 1643 ‚
1285 1616 1325 1636 ac
1338 1617 1450 1645 verax,
1474 1608 1528 1647 qui
1543 1609 1690 1638 custodis
1706 1608 1965 1639 misericordiam

1141 1650 1174 1679 in
1196 1647 1306 1685 millia,
1330 1650 1385 1689 qui
1408 1648 1518 1679 aufers
1541 1650 1753 1690 iniquitatem,
1777 1656 1808 1680 et
1824 1649 1963 1687 scelera,

1142 1697 1240 1731 atque
1262 1696 1411 1731 peccata,
1434 1690 1609 1732 nullusque
1632 1693 1719 1731 apud
1742 1697 1774 1722 te
1796 1703 1855 1732 per
1867 1702 1905 1723 se
1918 1693 1964 1722 in-

1142 1742 1268 1763 nocens
1292 1739 1353 1763 est.
1398 1733 1451 1764 Da
1474 1734 1505 1764 in
1524 1735 1674 1764 omnibus
1687 1735 1765 1765 novi
1779 1734 1964 1765 testamenti

1142 1775 1260 1812 literis,
1296 1776 1400 1816 magis
1433 1775 1675 1816 Evange‘licam
1712 1777 1898 1806 contionem
1908 1778 1964 1813 ⁵⁹).

1142 1817 1183 1848 Et
1206 1818 1248 1848 ad
1271 1817 1359 1847 hunc
1374 1818 1503 1848 modum
1518 1817 1599 1848 alias
1622 1817 1741 1859 legem,
1764 1817 1845 1848 alias
1857 1817 1965 1848 Evan-

1143 1858 1263 1900 gelium
1284 1859 1424 1890 Mosaici
1457 1859 1530 1890 libri
1553 1861 1683 1891 docent.
1736 1859 1824 1890 Nihil
1837 1861 1901 1890 iam
1923 1861 1965 1891 (16

1142 1903 1265 1944 figuris
1281 1900 1411 1942 loquor,
1434 1903 1493 1933 sed
1509 1902 1549 1933 de
1573 1903 1622 1940 iis,
1647 1913 1731 1943 quae
1748 1902 1857 1942 palam
1868 1901 1963 1933 litera
1982 1911 2041 1940 (31,
2060 1911 2099 1940 b.)

1142 1955 1222 1984 prae
1245 1954 1283 1975 se
1298 1942 1372 1974 fert.
1396 1945 1479 1975 Nam
1492 1943 1547 1975 illa
1561 1946 1765 1985 potissimum
1783 1945 1965 1985 spectanda

1142 1993 1228 2018 sunt.
1274 1986 1440 2017 Historiae
1463 1997 1596 2025 sacrae,
1620 1986 1701 2018 alias
1724 1986 1851 2027 legum,
1881 1986 1963 2017 alias

1142 2027 1310 2070 evangelii
1327 2029 1476 2070 exempla
1490 2035 1576 2060 sunt.
1611 2030 1693 2060 Nam
1712 2030 1753 2059 ad
1766 2029 1859 2070 leges
1874 2028 1964 2059 haud
1999 2037 2039 2066 58,
2058 2042 2080 2061 a.

1142 2072 1239 2102 dubie
1263 2072 1402 2111 pertinet
1424 2072 1611 2102 horrendus
1636 2071 1744 2102 Saulis
1769 2081 1878 2102 casus.
1909 2070 1963 2101 Ad

1140 2112 1357 2154 Evangelium
1385 2113 1513 2151 David,
1549 2115 1604 2155 qui
1633 2124 1706 2144 cum
1740 2113 1964 2153 oppressisset

1142 2156 1336 2193 311611311160)
1360 2162 1638 2194 uxorenntamen
1662 2157 1800 2197 gratiam
1814 2156 1964 2196 impetra-

2041 259 2066 276 10

2033 471 2061 489 15

2037 680 2067 698 20

2003 941 2043 970 57,
2062 941 2085 965 b.

2031 1321 2057 1339 10

2025 1583 2054 1602 15

2031 1793 2061 1811 2¹0

1142 2268 1202 2297 5ssh)
1215 2268 1242 2292 In
1261 2267 1379 2297 Genesin,
1399 2268 1424 2292 in
1442 2272 1537 2296 marg.:
1557 2267 1720 2296 Evangelium
1740 2266 1873 2297 promissio
1892 2265 1998 2295 gratiae.

1142 2319 1188 2347 57)
1212 2318 1239 2342 In
1258 2323 1338 2347 marg.
1357 2317 1431 2342 Editt.
1451 2318 1508 2342 2.7.
1529 2320 1554 2341 et
1572 2318 1599 2341 In
1617 2318 1739 2342 Genesin:
1758 2317 1895 2342 Discrimen
1904 2316 2025 2341 librorum
2039 2315 2115 2340 totius

1234 2353 1382 2381 scripturae.
1403 2352 1474 2381 (om.
1494 2351 1536 2376 Ed.
1559 2352 1604 2381 l.).

1143 2403 1188 2433 58)
1216 2402 1266 2432 est]
1286 2400 1369 2425 abest
1386 2402 1413 2426 In
1432 2402 1543 2426 Genesin
1561 2401 1603 2426 Ed.
1622 2403 1644 2426 3.
1666 2401 1708 2426 fol.
1728 2402 1768 2431 31,
1788 2408 1814 2424 a.

1143 2454 1189 2484 59)
1209 2454 1351 2477 contionem
1377 2453 1404 2482 (i.
1427 2458 1448 2476 e.
1468 2452 1656 2482 concionem‘ffl
1684 2451 1725 2476 Ed.
1746 2451 1767 2476 7'.
1796 2453 1821 2475 et
1845 2451 1872 2475 In
1891 2450 2006 2475 Genesin.
2024 2449 2067 2474 Ed.
2087 2450 2110 2474 3.

1212 2487 1257 2511 fol.
1276 2488 1316 2516 31,
1337 2484 1374 2510 b.:
1393 2486 1589 2511 contentionem.

1119 2535 1122 2562 Ι
1143 2538 1189 2568 60)
1215 2537 1337 2566 alienam]
1355 2536 1397 2561 Ed.
1418 2537 1438 2561 7.
1458 2538 1483 2560 et
1501 2536 1529 2560 In
1548 2536 1658 2561 Genesin
1675 2535 1716 2560 Ed.
1736 2536 1758 2560 3.
1777 2534 1822 2559 foi.
1843 2535 1883 2563 31,
1903 2532 1940 2558 b.:
1960 2534 2039 2559 Uriae.
