2358 2933
96 109 167 143 -801

106 202 187 232 iram
215 200 379 232 adversus
403 205 541 239 peccata
563 204 596 230 et
620 198 876 229 misericordiam
901 207 981 238 erga
1005 207 1082 227 con-

100 251 225 275 versos
249 240 438 273 declaravit.
468 241 554 272 Nam
575 246 610 272 ut
633 241 794 270 sciremus
817 239 1001 269 doctrinam
1020 240 1081 270 Ec-

107 283 229 318 clesiae
252 282 369 321 solam,
393 284 529 324 primam
553 289 585 313 et
607 293 719 313 veram
743 292 830 318 esse,
853 281 947 311 Deus
971 282 1081 321 singu-

105 326 166 358 lari
193 326 353 357 beneficio
381 326 479 356 scribi
504 331 693 366 perpetuam
722 323 893 354 historiam
921 324 961 354 ab
990 324 1079 354 initio

104 369 220 405 voluit,
243 374 276 399 et
292 369 455 405 servavit,
478 374 509 398 et
531 367 608 398 huic
629 366 714 397 libro
737 367 860 405 scripto
884 375 944 405 per
963 365 1079 396 Patres

105 418 135 442 et
166 410 354 451 Prophetas
387 411 509 441 addidit
542 410 729 440 testimonia
762 408 858 438 editis
891 408 1079 449 ingentibus

102 452 286 492 miraculis,
309 458 345 484 ut
368 453 547 490 sciremus,
569 451 657 483 unde
680 457 712 482 et
735 450 899 491 quomodo
924 451 965 480 ab
988 451 1078 480 initio

101 496 353 536 propagatasit
365 494 540 526 Ecclesiae
563 494 724 525 doctrina.
754 492 876 523 Postea
899 502 977 523 vero
992 492 1079 523 Gen-

101 539 181 569 tium
203 537 382 579 religiones
406 544 540 568 exortae
563 542 651 573 sunt,
677 534 755 566 alibi
778 533 850 565 aliis
874 541 998 565 temere
1020 534 1079 565 fin-

101 581 254 621 gentibus
277 590 385 611 novos
407 579 501 610 Deos
522 585 554 609 et
571 587 679 609 novos
699 576 818 614 cultus,
841 576 957 607 relicta
975 577 1077 616 prima

102 624 261 654 doctrina.
305 623 376 653 Nec
404 627 524 653 norunt
547 620 666 651 Graeci
690 626 745 650 aut
768 619 823 649 alii
846 629 980 650 suarum
1004 618 1077 649 reli-

102 665 235 706 gionum
264 670 436 701 auctores,
468 670 499 694 et
522 663 667 704 quotidie
690 661 840 693 horribili
861 661 995 692 licentia
1018 662 1076 691 fin-

101 708 222 748 gebant
244 716 361 743 novas,
384 716 472 736 nunc
496 716 592 736 sacra
616 704 732 741 Bachi,
756 714 843 734 nunc
866 703 1004 734 Dianae.

187 748 298 783 Quare
328 749 510 789 cogitemus
539 748 656 788 ingens
678 746 741 777 Dei
768 746 962 776 beneficium
989 756 1077 783 esse,

100 791 189 832 quod
207 796 332 822 certum
355 790 474 821 librum
494 790 666 821 Ecclesiae
689 789 822 819 tradidit
845 794 877 818 et
900 794 1022 825 servat,
1046 794 1077 818 et

99 832 142 864 ad
173 832 263 863 hunc
297 832 409 874 alligat
437 831 633 863 Ecclesiam.
684 831 824 862 Tantum
852 830 905 861 hic
934 829 1077 871 populus

100 880 152 905 est
173 873 342 912 Ecclesia,
376 876 431 916 qui
463 874 551 905 hunc
578 873 697 905 librum
721 872 942 913 amplectitur,
976 873 1076 910 audit,

99 917 208 955 discit,
233 923 265 947 et
287 918 404 948 retinet
428 917 595 958 propriam
619 919 689 948 eius
712 916 907 946 sententiam
931 916 963 945 in
986 916 1077 945 invo-

99 959 229 989 catione
247 959 312 989 Dei
337 965 367 990 et
391 960 423 989 in
442 960 597 1001 regendis
616 959 774 989 moribus.
815 957 891 988 Non
908 957 1008 998 igitur
1028 962 1078 987 est

97 999 251 1032 Ecclesia
274 1001 355 1039 Dei,
384 1002 438 1031 ubi
468 1002 613 1032 reiicitur
635 1000 689 1031 hic
713 1000 812 1037 liber,
842 1005 877 1030 ut
899 1000 986 1039 apud
1008 999 1077 1029 Ma-

97 1041 308 1079 hometistas;
346 1043 414 1074 Aut
448 1045 520 1081 ubi,
560 1044 701 1074 extincta
735 1043 867 1082 propria
901 1043 1075 1078 sententia,

98 1086 292 1125 proponitur
315 1087 553 1123 commenticia,
575 1092 608 1116 ut
634 1085 720 1125 apud
737 1084 934 1115 haereticos.
966 1083 1077 1118 Quare

97 1126 240 1158 lectione
263 1133 294 1158 et
307 1128 518 1159 meditatione
542 1138 626 1168 opus
650 1133 712 1164 est,
735 1132 769 1157 ut
791 1127 923 1167 propria
948 1132 1076 1157 senten-

94 1169 141 1201 ‘tia
171 1168 372 1208 retineatur,
406 1171 491 1201 sicut
522 1171 563 1200 de
595 1169 703 1200 studio
738 1179 839 1208 saepe
867 1169 1075 1209 praecipitur.

99 1211 128 1241 1.
153 1211 235 1243 Tim.
266 1212 297 1242 4.
333 1216 397 1250 [vs.
425 1212 490 1250 16.]
524 1212 658 1242 Intende
688 1211 839 1247 le‹-tioni;
876 1216 906 1240 et
938 1210 1008 1241 Col.
1044 1210 1075 1241 3.

99 1257 164 1292 [vs.
185 1254 247 1292 16.]
268 1254 416 1284 Verbum
439 1253 563 1284 Christi
585 1254 727 1283 abundet
752 1254 837 1283 inter
857 1262 929 1282 vos.
976 1253 1076 1292 Spiri-

97 1302 151 1327 tus
180 1301 314 1326 sanctus
342 1301 484 1327 testatur
513 1306 551 1326 se
580 1294 667 1326 velle
698 1296 798 1326 scribi
829 1295 1012 1325 doctrinam
1045 1301 1075 1325 et

96 1338 283 1369 testimonia
311 1338 430 1368 dixina.
476 1336 565 1368 Psal.
594 1338 666 1368 101.
692 1341 755 1375 [vs.
781 1337 844 1375 19.]
881 1336 1076 1368 Scribentur

95 1379 180 1411 haec
196 1381 229 1411 in
246 1381 459 1420 generatione
471 1379 586 1417 altera,
610 1386 641 1411 et
652 1379 807 1421 populus,
831 1380 886 1420 qui
899 1380 1076 1417 creabitur,

95 1421 243 1453 laudabit
261 1422 448 1453 Dominum.

183 1464 341 1495 Amemus
365 1475 445 1505 ergo
470 1471 501 1495 et
524 1463 673 1495 colamus
696 1464 805 1495 studia
829 1463 903 1494 libri
922 1464 1075 1494 divinitus

96 1507 224 1544 traditi,
253 1517 293 1537 ac
317 1508 456 1547 primum
479 1508 621 1538 sciamus
646 1508 679 1537 in
697 1516 838 1543 summa,
863 1506 927 1536 duo
951 1516 1075 1547 genera

96 1549 267 1580 doctrinae
290 1549 323 1579 in
345 1555 413 1580 toto
437 1548 493 1579 illo
517 1548 602 1579 libro
617 1550 786 1586 contineri,
809 1548 932 1589 Legem
951 1555 981 1579 et
1000 1559 1076 1588 pro-

95 1592 284 1622 missionem
314 1591 468 1628 Gratiae,
494 1602 579 1632 quae
602 1592 733 1632 proprie
757 1598 896 1621 vocatur
922 1590 1075 1631 Evange-

95 1632 184 1666 lium.
230 1633 321 1664 Haec
345 1633 511 1664 distinctio
535 1633 644 1664 lumen
665 1640 715 1664 est
738 1635 913 1664 universae
936 1634 1075 1673 scriptu-

96 1686 165 1713 rae,
189 1686 229 1706 ac
243 1674 302 1706 fuit
321 1682 492 1717 utrumque
511 1687 615 1717 genus
635 1677 804 1707 doctrinae
826 1682 901 1706 ante
919 1675 1074 1716 Moysen.

181 1717 252 1748 Lex
265 1724 316 1748 est
328 1719 442 1749 notitia
462 1719 492 1748 in
514 1720 680 1749 creatione
692 1718 832 1748 hominis
852 1718 952 1748 indita
965 1719 1074 1755 menti,

96 1761 221 1791 docens
246 1771 345 1792 unum
370 1770 446 1791 esse
464 1761 584 1799 Deum,
609 1761 812 1791 conditorem
836 1771 955 1797 rerum,
979 1761 1075 1800 eique

96 1803 209 1845 deberi
231 1804 474 1834 invocationem
497 1810 526 1834 et
553 1804 770 1834 obedientiam
788 1804 876 1833 itfflta
900 1803 1074 1833 discrimen

94 1845 312 1881 honestorum
336 1852 366 1876 et
393 1846 553 1886 turpium,
579 1846 667 1886 quod
690 1847 760 1886 ipse
783 1845 875 1876 Deus
899 1845 1075 1885 impresse-

95 1894 147 1927 rat
163 1888 274 1925 menti,
297 1893 329 1918 et
350 1888 457 1928 puniri
481 1889 732 1919 contumaciam.
776 1887 861 1918 Nam
883 1888 992 1928 imago
1012 1887 1075 1918 Dei

94 1931 128 1961 iu
144 1929 278 1961 homine
301 1936 371 1962 erat
389 1931 422 1960 in
441 1937 549 1961 mente
572 1929 629 1961 illa
649 1930 741 1960 firma
759 1931 873 1960 notitia
893 1930 932 1960 de
946 1929 1020 1960 Deo
1045 1936 1076 1960 et

95 1973 218 2013 agnitio
231 1972 331 2013 Legis
345 1979 377 2003 et
389 1974 421 2003 in
433 1971 603 2004 voluntate
615 1973 790 2003 conversio
804 1973 846 2003 ad
857 1972 975 2002 Deum.
1004 1972 1076 2003 Etsi

95 2021 205 2045 autem
223 2021 299 2055 post
316 2014 447 2055 lapsum
466 2015 621 2046 voluntas
640 2025 759 2045 aversa
779 2021 841 2053 est,
868 2022 900 2045 et
918 2015 950 2044 in
968 2020 1076 2045 mente

96 2057 210 2088 notitia
234 2057 408 2088 obscurior
431 2056 518 2088 facta
548 2064 610 2095 est,
633 2065 741 2088 tamen
760 2064 869 2088 manet
893 2058 1018 2095 notitia,
1042 2064 1074 2088 ut

96 2105 184 2130 extet
216 2105 385 2129 aeternum
416 2105 447 2129 et
470 2099 670 2130 immutabile
693 2100 847 2131 iudicium
870 2099 935 2131 Dei
961 2106 1077 2130 contra

95 2147 280 2182 peccatum,
305 2141 486 2172 testificans
510 2141 618 2173 Deum
641 2143 738 2172 irasci
760 2149 911 2183 peccato.

180 2183 248 2215 Sed
269 2185 444 2224 promissio
468 2183 741 2215 reconciliationis
764 2192 841 2226 post
866 2184 994 2225 lapsum
1010 2195 1077 2215 non

95 2232 147 2257 est
168 2227 281 2257 notitia
303 2227 400 2256 insita
423 2232 576 2267 naturae,
609 2227 670 2257 scd
703 2233 754 2257 est
781 2239 845 2259 vox
873 2227 1003 2268 prolata
1037 2238 1077 2258 ex

95 2279 218 2300 arcano
241 2269 316 2298 sinu
333 2268 451 2306 Patris,
477 2279 561 2309 quae
583 2270 673 2309 prius
698 2270 812 2311 ignota
826 2272 869 2307 3⁴)
895 2269 953 2301 fuit
977 2271 1077 2300 omni-

96 2312 158 2342 bus
181 2312 361 2348 creaturis,
387 2322 452 2351 qua
474 2322 559 2342 voce
583 2311 676 2342 Deus
700 2318 840 2343 testatus
860 2318 927 2350 est,
958 2322 995 2343 se
1019 2312 1077 2342 ho-

95 2354 200 2384 mines
223 2354 370 2394 recipere
393 2355 425 2384 in
445 2354 584 2395 gratiam
607 2361 639 2384 et
653 2353 835 2386 deleturum
859 2365 935 2386 esse
958 2365 1077 2396 pecca—

94 2402 162 2427 tum
181 2402 211 2426 et
232 2402 370 2426 mortem
394 2406 433 2426 ac
456 2397 712 2427 instauraturum
735 2398 888 2428 iustitiam
918 2403 949 2428 et
977 2398 1076 2428 vitam

95 2530 141 2561 34)
161 2531 258 2562 ignota]
279 2531 352 2556 Editt.
374 2533 464 2555 1-17,
486 2533 526 2556 21.
546 2533 648 2557 omnino
667 2533 752 2562 ignota

252 2589 370 2609 uaissru.
386 2590 452 2610 ortu.
466 2590 516 2610 vot.
531 2590 579 2610 xxi.

563 107 587 137 1.
613 105 714 136 LOCI
736 104 1010 139 THEOLOGICI:
1032 105 1076 137 D.
1096 104 1260 136 TERTIA
1281 103 1439 136 EORUM
1459 104 1618 137 AETAS.

2041 104 2104 135 802

1126 204 1260 238 propter
1290 198 1454 238 quoddam
1484 203 1656 228 ventulum
1685 205 1798 226 semen
1824 194 1979 226 mulieris.
2032 196 2105 226 Est-

1126 251 1190 280 que
1218 239 1372 271 inchoata
1402 240 1605 280 praedicatio
1628 239 1799 279 utriusque
1828 239 1959 278 generis
1988 238 2020 267 in
2044 238 2105 268 Pa-

1125 283 1248 313 radiso.
1294 281 1398 323 Legis
1420 292 1485 312 vox
1509 288 1559 312 est
1582 282 1750 312 accusatio
1763 281 2012 317 inobedientiae,
2026 280 2104 310 Pro-

1125 325 1238 355 missio
1262 334 1342 354 vero
1363 330 1453 354 erat:
1477 324 1594 354 Semen
1619 323 1763 353 mulieris
1788 322 1995 353 conculcabit
2009 329 2104 362 caput

1124 367 1300 406 serpentiS.
1345 366 1386 396 Et
1410 372 1502 396 erant
1523 372 1640 406 postea
1664 366 1792 402 Patres,
1817 371 1852 395 ut
1870 365 1988 402 Adam,
2011 364 2104 401 Seth,

1124 408 1241 439 Enoch
1265 414 1296 439 et
1319 407 1390 445 alii,
1425 409 1479 449 qui
1508 407 1651 448 legitima
1681 408 1854 438 vocatione
1882 406 2105 447 fungebantur

1125 451 1321 482 sacerdotio
1346 457 1376 480 et
1400 452 1627 491 propagabant
1651 456 1824 490 utramque
1848 450 2039 480 doctrinam.

1209 493 1290 530 Lex,
1314 503 1398 533 quae
1419 493 1570 532 prohibet
1589 491 1807 528 homicidium,
1832 501 1987 531 expresse
2010 501 2104 532 prae-

1124 536 1250 566 dicatur
1272 536 1305 565 in
1329 536 1489 566 concione
1512 536 1554 565 ad
1578 534 1672 571 Cain,
1697 540 1727 564 et
1752 535 1869 564 deinde
1891 535 1924 563 in
1943 535 2104 564 concione

1122 578 1165 608 ad
1187 577 1258 608 Noe·
1283 579 1449 618 repetitur.
1496 576 1585 613 Lex,
1614 587 1698 616 quae
1728 575 1877 615 prohibet
1907 586 2010 616 vagas
2033 575 2104 606 libi-

1123 620 1227 657 dines,
1253 620 1381 650 sancita
1405 619 1499 649 estin
1511 618 1684 656 Paradiso,
1708 625 1739 649 et
1762 624 1878 658 postea
1901 619 2103 658 propositum

1123 662 1344 692 testimonium
1368 662 1408 691 de
1430 661 1550 692 iudicio
1565 662 1611 702 3⁵)
1636 661 1699 691 Dei
1724 662 1754 691 in
1778 659 1900 690 diluvio
1924 666 1955 690 et
1979 661 2103 691 confla-

1122 705 1274 746 gratione
1297 703 1473 734 Sodomae.
1519 703 1575 733 Sic
1604 709 1635 733 et
1664 703 1839 743 promissio
1870 702 2009 732 subinde
2038 713 2103 732 ma-

1122 747 1173 788 gis
1197 745 1359 776 illustrata
1382 752 1445 782 est,
1469 756 1544 776 cum
1566 746 1608 776 ad
1630 744 1799 775 Abraham
1823 745 1954 775 dicitur:
1986 745 2022 774 In
2051 755 2103 775 se-

1121 790 1207 819 mine
1230 796 1285 819 tuo
1311 788 1546 819 benedicentur
1569 798 1683 818 omnes
1709 787 1844 817 Gentes.

1209 831 1295 866 Quid
1317 831 1416 872 igitur
1438 831 1571 871 proprie
1590 831 1775 860 nominatur
1798 836 1892 860 vetus
1916 828 2103 860 Testamen-

1122 873 1210 904 tum?
1233 873 1311 914 quid
1334 873 1478 903 novum?
1502 882 1574 903 cuin
1585 872 1711 913 Legem
1735 877 1767 902 et
1779 871 1997 912 Evangelium
2020 882 2103 902 sem-

1121 926 1180 956 per
1209 916 1404 956 praedicare
1419 917 1463 951 36)
1498 925 1640 945 necesse
1670 914 1769 945 suerit
1800 920 1831 944 et
1856 924 1928 944 cum
1958 915 2103 944 eiusdem

1122 958 1215 989 vocis
1250 958 1464 988 ministerium
1497 963 1657 998 perpetuo
1686 958 1728 987 sit
1758 957 1791 986 in
1820 956 1996 987 Ecclesia?
2040 956 2102 987 Re-

1122 1000 1287 1040 spondeo:
1317 1000 1424 1030 Vetus
1438 999 1682 1030 Testamentum
1706 999 1932 1039 propriissime
1955 1005 2004 1028 est
2027 1009 2102 1039 pro-

1122 1042 1279 1083 mulgatio
1304 1042 1403 1083 Legis
1428 1051 1489 1072 seu
1511 1049 1654 1081 pactum,
1680 1052 1744 1081 quo
1768 1040 1911 1081 populus
1934 1041 2037 1071 Israel
2060 1042 2102 1071 ad

1122 1084 1246 1126 Legem
1280 1090 1311 1115 et
1344 1084 1431 1114 hanc
1462 1082 1600 1114 formam
1630 1082 1763 1123 politiae
1788 1082 1954 1124 obligatus
1985 1089 2035 1113 est
2059 1083 2102 1113 ad

1120 1126 1208 1157 1111110
1231 1126 1339 1164 finem,
1365 1132 1397 1157 ut
1421 1127 1454 1156 in
1476 1125 1539 1156 hac
1563 1125 1675 1166 politia
1694 1132 1950 1155 conservaretur
1973 1131 2003 1155 et
2026 1135 2102 1165 pro-

1120 1176 1298 1210 pagaretur
1331 1168 1507 1208 promissio
1542 1169 1583 1199 de
1617 1174 1755 1199 venturo
1790 1166 1934 1205 mesaia,
1968 1173 2103 1207 prepter

1121 1222 1218 1251 quam
1253 1217 1282 1241 et
1316 1211 1349 1240 in
1382 1210 1446 1241 hoc
1474 1209 1595 1251 populo
1625 1217 1693 1240 erat
1721 1220 1800 1241 vera
1833 1209 2011 1240 electorum
2040 1209 2102 1241 Ec-

1121 1252 1234 1284 clesia.

1206 1295 1268 1326 Hic
1302 1294 1376 1325 finis
1407 1294 1579 1335 diligenter
1608 1295 1868 1325 considerandus
1904 1300 1972 1330 est,
2007 1304 2103 1334 quem

1119 1338 1235 1378 ignara
1258 1336 1429 1368 multitudo
1458 1338 1491 1367 iu
1518 1336 1641 1377 populo
1665 1335 1768 1367 Israel
1797 1347 1863 1367 non
1886 1334 2101 1377 intelligebat,

1120 1381 1182 1410 sed
1204 1386 1273 1410 tres
1293 1389 1422 1410 errores
1448 1377 1710 1410 circumferebat.
1749 1378 1878 1409 Primus
1903 1384 1991 1409 erat:
2016 1379 2101 1408 sicut

1119 1423 1370 1462 promissionem
1394 1428 1514 1459 terrae,
1536 1421 1601 1451 hoc
1625 1428 1693 1459 est,
1723 1422 1803 1451 certi
1826 1420 1892 1452 loci
1914 1421 2100 1461 possessio-

1119 1475 1193 1495 nem
1217 1471 1247 1495 et
1272 1463 1506 1504 rempublicam
1529 1464 1683 1494 videbant
1707 1473 1785 1494 esse
1797 1473 1866 1493 rem
1885 1461 2100 1503 corporalem.

1121 1507 1177 1538 Sic
1199 1507 1357 1537 Messiam
1382 1507 1580 1546 promissum
1603 1506 1834 1537 existimabant
1851 1505 1937 1536 hanc
1957 1504 2101 1544 politiam

1119 1555 1291 1580 aucturum
1314 1555 1345 1580 et
1369 1548 1635 1579 confirmaturum
1659 1558 1751 1585 esse,
1781 1558 1847 1578 non
1875 1546 2102 1588 intelligebant

1120 1592 1200 1622 mitti
1224 1602 1315 1629 eum,
1349 1597 1383 1622 ut
1407 1591 1499 1621 fieret
1522 1591 1670 1628 victima,
1704 1597 1739 1621 ut
1761 1589 1908 1621 aboleret
1930 1595 2100 1629 peccatum

1120 1640 1150 1664 et
1172 1640 1327 1671 mortem,
1358 1640 1390 1664 et
1412 1632 1475 1664 hac
1497 1632 1610 1673 politia
1634 1643 1751 1665 eversa
1774 1633 1865 1663 daret
1891 1632 2045 1663 iustitiam
2069 1638 2099 1661 et

1119 1677 1219 1707 vitam
1242 1683 1410 1706 aeternam
1435 1677 1656 1706 credentibus.

1207 1719 1380 1749 Secundus
1412 1728 1503 1748 error
1538 1725 1623 1748 erat:
1662 1718 1738 1748 Non
1764 1716 2006 1758 intelligebant,
2043 1726 2100 1747 cur

1118 1762 1294 1802 praecipue
1317 1760 1388 1791 Lex
1416 1759 1625 1802 promulgata
1658 1766 1757 1790 esset.
1803 1760 1878 1790 Non
1913 1761 1998 1790 enim
2031 1765 2100 1789 tan-

1119 1810 1186 1834 tum
1208 1802 1414 1844 promulgata
1438 1810 1500 1840 cst,
1524 1809 1558 1833 ut
1582 1802 1718 1842 politica
1741 1801 1914 1842 disciplina
1925 1801 1979 1832 hic
1997 1811 2101 1841 popu-

1118 1846 1172 1877 lus
1196 1852 1379 1886 regeretur,
1405 1846 1465 1876 sed
1488 1851 1521 1876 ut
1547 1851 1672 1875 extaret
1698 1856 1763 1875 vox
1781 1844 1845 1874 Dei
1869 1850 1958 1875 certo
1982 1850 2015 1874 et
2029 1842 2101 1873 illu-

1120 1890 1180 1919 stri
1208 1889 1395 1919 testimonio
1423 1888 1558 1925 tradita,
1590 1897 1653 1928 qua
1685 1886 1884 1927 patefactum
1907 1891 1998 1917 esset
2021 1886 2101 1916 iudi-

1121 1932 1206 1962 cium
1228 1931 1291 1961 Dei
1314 1937 1483 1961 aeternum
1512 1936 1543 1960 et
1572 1928 1771 1960 immutabile
1802 1929 1961 1959 adversus
1984 1938 2101 1968 pecca·

1120 1980 1199 2010 tum,
1222 1979 1256 2003 ut
1280 1974 1328 2004 ira
1350 1973 1415 2004 Dei
1437 1973 1549 2014 agnita
1573 1977 1788 2012 quaereretur
1810 1972 1986 2012 promissio
2013 1970 2101 2000 Mes-

1121 2017 1201 2046 siae.
1248 2016 1314 2046 Sed
1338 2014 1509 2046 multitudo
1533 2015 1649 2055 ignara
1678 2020 1789 2044 tantae
1817 2015 1865 2044 rei
1893 2013 2100 2044 existimabat

1121 2058 1246 2099 Legem
1269 2064 1393 2089 tantum
1417 2067 1494 2087 esse
1517 2055 1684 2096 politicam
1705 2055 1910 2096 disciplinam
1924 2061 1956 2086 et
1968 2061 2102 2085 externa

1122 2101 1308 2131 obedientia
1330 2099 1482 2131 satisfieri
1505 2099 1588 2140 Legi
1610 2099 1686 2136 Dei,
1710 2109 1772 2129 nec
1795 2097 1999 2139 intelligebat
2026 2106 2101 2137 pec-

1122 2150 1196 2174 cata
1219 2143 1390 2180 interiora,
1419 2143 1643 2172 dubitationes
1667 2142 1708 2172 de
1731 2141 1779 2171 ira
1803 2147 1834 2171 et
1859 2141 1898 2170 de
1917 2140 2101 2170 misericor-

1122 2187 1174 2216 dia
1196 2185 1271 2223 Dei,
1294 2195 1361 2216 non
1384 2195 1463 2215 vere
1487 2194 1726 2224 expavescere,
1750 2192 1817 2212 non
1841 2183 1959 2213 ardere
1982 2181 2047 2212 fide
2070 2187 2101 2210 et

1122 2227 1313 2265 dilectione,
1347 2238 1414 2258 non
1447 2227 1663 2267 acquiescere
1690 2227 1722 2256 in
1744 2224 1818 2256 Deo
1849 2224 1970 2255 fiducia
1992 2221 2102 2254 auxilii

1122 2271 1235 2308 divini,
1270 2271 1302 2300 in
1335 2270 1545 2300 invocatione
1569 2269 1735 2305 dubitare,
1771 2278 1813 2298 an
1836 2267 1929 2298 Deus
1960 2266 2100 2305 accipiat

1120 2323 1258 2354 preces3
1279 2312 1431 2353 Denique
1452 2311 1577 2342 habere
1600 2309 1855 2341 innumerabiles
1873 2314 2022 2340 errantes
2034 2317 2100 2338 ino-

1121 2449 1167 2478 35)
1188 2449 1219 2507 (ἐς
1233 2448 1341 2487 judicio]
1370 2448 1443 2474 Editt.
1465 2449 1486 2470 1.
1507 2447 1530 2470 3.
1551 2437 1577 2470 εξ
1598 2447 1621 2468 τ.
1645 2447 1682 2469 12.
1711 2447 1809 2477 iudicia
1840 2446 1913 2471 Editt.
1933 2445 1955 2468 2.
1977 2445 2001 2467 4.
2021 2445 2045 2468 9.
2065 2444 2101 2468 iu-

1209 2489 1254 2507 lClO

1121 2534 1167 2564 36)
1188 2533 1349 2564 praedicare]
1368 2532 1440 2558 Editt.
1461 2533 1482 2555 l.
1504 2532 1527 2555 3.
1548 2531 1571 2554 6.
1593 2533 1615 2556 7.
1638 2532 1677 2554 12.
1696 2530 1836 2561 praedicari

1910 2581 1942 2604 51
