2358 2933
112 129 174 159 417

113 228 212 250 curae
225 227 310 254 esse,
330 226 367 246 se
379 215 522 246 exaudiri
540 224 559 244 a
571 214 657 250 Deo,
676 213 800 243 etiamsi
819 217 929 241 essent
948 211 1081 251 indigni.

112 254 190 292 Ideo
209 260 367 299 scriptum
390 263 441 287 est
461 256 598 294 [Genes.
613 255 663 292 15,
675 255 736 292 64:
760 252 927 284 Abraham
947 254 1082 283 credidit

112 303 202 339 Deo,
222 308 252 332 et
271 304 453 340 reputatum
473 304 522 328 est
543 298 571 327 ei
590 298 631 327 ad
649 297 813 327 iustitiam.
858 295 933 325 Una
953 301 1001 324 est
1013 294 1082 324 Lex

114 351 145 375 et
158 349 272 374 natura
283 346 361 372 nota
373 341 523 370 omnibus
537 340 689 379 gentibus
703 343 799 377 atque
818 338 991 367 aetatibus.
1022 336 1082 366 Est

113 393 143 417 et
163 395 261 416 unum
273 381 501 423 Evangelium,
525 381 584 410 sed
602 390 668 410 non
687 385 803 410 natura
820 384 944 414 notum,
968 388 1082 408 verum

110 426 288 457 revelatum
312 425 475 455 divinitus.
520 423 597 452 Ideo
616 420 739 452 Paulus
759 419 843 457 [Col.
859 420 964 457 l,⁴26.]
986 426 1082 450 vocat

109 469 297 504 mvsterium
328 465 568 497 absconditum.
614 464 653 493 Et
683 462 844 493 lohannes
875 462 917 499 [1,
938 461 1000 499 18.]
1021 462 1081 492 ait:

109 503 228 546 Filius,
259 509 313 549 qui
333 514 382 538 est
400 509 433 538 in
451 508 525 537 sinu
548 505 675 541 Patris,
698 505 769 545 ipse
788 505 952 534 enarravit
974 505 1079 534 nobis.

109 552 176 583 Sed
193 552 278 582 haec
291 551 397 580 omnia
417 555 510 579 erunt
523 546 712 583 illustriora,
732 557 805 577 cum
823 547 969 576 dicemus
980 544 1079 586 paulo

107 599 185 635 post
203 595 243 624 de
267 593 371 633 gratia
394 597 425 621 et
445 592 484 621 de
507 589 746 621 iustificatione.

189 635 273 669 Quia
302 639 409 663 autem
445 633 583 661 diximus
613 631 696 660 idem
726 628 942 670 Evangelium
977 628 1080 659 fuisse

106 676 257 713 Pan-um,
292 675 465 705 videndum
496 679 545 703 est
577 672 743 712 quomodo
774 673 882 701 statim
916 672 948 701 in
989 672 1078 701 initio

105 717 321 758 Evangelium
371 714 549 746 revelatum
596 715 647 744 sit.
714 713 765 743 Ac
803 714 910 744 citabo
953 723 1078 753 paucos

106 760 266 801 quosdam
302 758 416 794 10805,
450 758 493 787 ad
533 766 616 797 quos
654 757 685 786 in
728 755 868 786 lectione
898 755 1079 795 Propheta-

104 813 175 833 rum
194 800 308 832 referri
327 799 449 830 similes
474 800 609 833 debent3
632 808 707 828 nam
726 796 943 839 Evangelium
966 796 1078 837 paula-

104 845 161 874 tim
188 842 309 874 clarius
338 841 519 873 revelatum
544 847 611 877 est:
641 846 673 870 et
702 841 871 880 apparebit
896 839 1078 880 Prophetas

103 886 315 926 praedicasse
333 884 420 914 banc
439 884 613 925 gratuitam
637 881 952 913 reconciliationem.
998 881 1078 912 Pro-

102 928 216 957 missio
240 928 280 956 de
304 926 436 956 Christo
457 932 488 955 et
509 924 676 955 beneficiis
689 924 810 955 Christi
828 925 966 964 primum
985 934 1078 954 reve-

102 967 169 999 lata
192 973 243 998 est
265 967 359 998 Adae
383 967 489 997 statim
509 972 585 1007 post
608 965 753 1006 lapsum,
772 972 825 1002 111,
851 976 925 996 811111
947 966 1077 996 incidis-

102 1011 203 1041 setin
222 1010 301 1040 iram
324 1009 389 1039 Dei
415 1016 445 1039 et
468 1014 622 1045 mortem,
646 1008 780 1038 haberet
806 1006 1076 1045 consolationem,

102 1063 169 1094 qua
187 1053 287 1082 sciret
300 1057 330 1081 et
350 1050 457 1081 Deum
477 1061 607 1080 rursum
626 1050 799 1090 propitium
819 1060 912 1087 esse,
938 1057 968 1080 et
992 1049 1075 1086 fore,

100 1101 134 1126 ut
156 1104 247 1124 mors
265 1092 439 1134 aliquando
470 1091 667 1123 aboleretur.
712 1092 796 1122 Nam
822 1091 906 1122 haec
931 1093 995 1123 duo
1021 1093 1075 1122 be-

100 1136 216 1168 neficia
236 1136 325 1166 clare
336 1135 486 1175 proponit
502 1134 557 1165 illa
576 1134 681 1174 prima
698 1135 892 1173 promissi03
916 1144 1001 1174 quae
1014 1135 1075 1164 etsi

101 1179 312 1210 subobscura
334 1177 472 1214 videtur,
491 1183 601 1207 tamen
613 1175 707 1206 Adae
726 1176 757 1206 in
776 1186 811 1206 re
830 1177 996 1216 praesenti
1008 1187 1074 1206 non

100 1220 158 1252 fuit
191 1222 334 1251 obscura
362 1219 460 1257 [Gen.
473 1219 504 1255 3,
520 1218 602 1256 15.]:
632 1217 820 1249 Inimicitias
844 1228 965 1258 ponam
991 1220 1075 1249 inter

100 1270 131 1293 te
151 1270 181 1293 et
200 1261 377 1294 mulierem.
397 1268 426 1291 et
446 1262 528 1291 inter
547 1270 660 1291 semen
679 1266 767 1292 tuum
787 1266 817 1291 et
837 1259 923 1291 illius
943 1271 1074 1296 58111811;

100 1306 206 1346 ipsum
237 1309 383 1335 conteret
413 1309 510 1343 caput
533 1309 641 1340 tuum,
669 1309 698 1333 et
718 1310 753 1334 tu
776 1302 984 1333 insidiaberis
1010 1302 1074 1333 cal-

99 1357 203 1379 caneo
227 1348 308 1378 eius,
354 1344 513 1376 Mirabilis
532 1345 676 1375 narratio
700 1352 769 1382 851,
799 1351 830 1375 et
857 1355 941 1386 quae
968 1346 1074 1385 impiis

98 1389 235 1422 ridicula
262 1396 292 1420 et
320 1387 475 1419 fabulosa
504 1388 606 1419 videri
633 1388 749 1428 possit.
796 1386 863 1418 Sed
892 1388 934 1427 pii
962 1388 1073 1418 vident

98 1443 152 1463 res
172 1433 330 1462 maximas
351 1431 506 1462 brevibus
529 1431 641 1461 verbis
662 1430 864 1471 significatas
884 1440 970 1460 esse.
1008 1430 1074 1460 De-

98 1475 254 1506 scribitur
283 1475 367 1504 enim
392 1473 482 1503 initio
511 1482 619 1512 poena
636 1473 780 1512 peccati.
810 1471 955 1509 scilicet,
986 1474 1075 1513 quod

98 1522 233 1557 propter
269 1521 442 1556 peccattun
472 1513 635 1545 Diabolus
667 1513 789 1546 crudeli
820 1515 991 1555 tyrannide
1019 1525 1073 1545 ve-

98 1564 235 1589 xaturus
251 1560 294 1595 ⁷²)
333 1558 373 1588 sit
408 1567 513 1598 genus
537 1557 730 1594 humanum,
754 1556 906 1587 videlicet
928 1558 1073 1597 peccatis

99 1606 130 1631 et
153 1606 270 1631 morte.
315 1600 407 1630 Sicut
428 1600 499 1639 ipsa
522 1599 632 1629 mundi
652 1599 789 1629 historia
809 1605 964 1635 testatur,
989 1609 1073 1639 quae

97 1648 164 1674 tota
182 1643 214 1672 in
236 1642 300 1672 1188
319 1640 464 1672 horribili
490 1642 649 1671 concione
667 1641 760 1671 Adae
778 1642 866 1680 picta
883 1642 1072 1672 ostenditur.

97 1685 226 1716 Deinde
253 1684 382 1715 additur
406 1684 515 1714 brevis
542 1683 717 1723 descriptio
741 1684 833 1723 regni
859 1682 883 1713 C
885 1682 995 1713 111-15111
1026 1682 1074 1713 fu-

97 1734 204 1758 turum
226 1733 332 1757 tamen
359 1735 449 1765 esse,
475 1731 509 1755 ut
532 1734 645 1755 semen
668 1724 812 1755 mulieris
844 1732 991 1756 conterat
1023 1735 1075 1755 ca-

97 1775 170 1809 put,
193 1769 257 1799 hoc
283 1774 349 1807 est,
379 1778 516 1809 regnum
536 1768 715 1807 serpentiS‚
746 1767 810 1797 hoc
836 1774 906 1807 est,
941 1766 1071 1798 aboleat

96 1816 269 1852 peccatum
303 1816 334 1840 et
374 1816 520 1840 mortem.
577 1809 648 1839 Hac
678 1808 904 1839 consolatione
939 1810 1074 1849 erigitur

97 1854 218 1894 Adam,
237 1852 388 1894 agnoscit
407 1862 444 1882 se
467 1851 591 1881 habere
614 1850 722 1880 Deum
745 1851 920 1891 placatum,
941 1852 1001 1882 etsi
1027 1851 1073 1882 vi-

97 1896 150 1926 det
169 1906 206 1927 se
227 1895 396 1936 indignum
420 1899 451 1924 et
474 1893 673 1923 immundum
693 1903 786 1928 esse3
804 1893 891 1923 videt
905 1894 981 1934 quid
997 1893 1074 1923 ami-

97 1939 190 1978 serit,
210 1938 270 1968 sed
289 1942 437 1977 expectat
458 1945 571 1966 semen
595 1934 691 1974 illud,
717 1945 781 1975 quo
807 1936 929 1965 amissa
951 1936 1074 1966 iustitia

97 1986 129 2011 et
147 1981 212 2011 vita
225 1986 357 2011 aeterna
376 1978 596 2017 restituantur.
616 1977 679 2007 hac
692 1977 811 2008 fiducia
828 1978 1074 2008 misericordiae

96 2022 204 2063 placet
222 2022 308 2052 Deo.
354 2021 396 2050 Et
425 2020 514 2060 quod
544 2021 584 2050 de
608 2026 725 2049 sancto
753 2021 876 2050 semine
900 2020 1073 2050 antithesis

97 2071 163 2104 est,
188 2063 354 2095 diabolum
377 2063 603 2092 insidiaturum
624 2072 698 2092 esse
722 2061 898 2102 calcaneo,
922 2061 1072 2103 intelligit

96 2107 178 2146 fore,
197 2113 232 2137 nt
252 2112 282 2136 et
304 2105 456 2135 Christus
475 2110 505 2134 et
525 2105 630 2134 sancti
652 2103 844 2145 affligantur
862 2106 894 2135 in
914 2105 977 2135 hac
996 2106 1071 2144 vita,

97 2156 126 2180 et
150 2155 259 2180 tamen
278 2149 410 2179 vincant
427 2148 471 2186 ⁷3)
492 2156 629 2186 regnum
649 2145 780 2177 diaboli.

182 2191 304 2221 Postea
329 2193 507 2219 renovatur
531 2188 614 2218 haec
638 2189 814 2228 promissio
840 2189 881 2219 ad
905 2189 1074 2219 Abraham

99 2234 234 2270 [Genes.
248 2233 299 2264 22.
315 2231 398 2269 IS.]:
420 2231 454 2261 ln
478 2231 602 2260 semine
627 2236 684 2261 tuo
705 2232 940 2262 benedicentur
959 2242 1072 2262 omnes
1099 2239 1100 2244 ¹

105 2270 108 2271 ⁷
271 2273 440 2315 Significat
466 2273 551 2303 enim
578 2283 692 2302 omnes
718 2280 833 2314 gentes
855 2275 918 2304 iam
941 2273 1073 2304 maledi·
1098 2278 1100 2289 ¹

99 2285 224 2307 omentes.

98 2300 167 2349 gtas
187 2329 279 2355 8558,
303 2317 369 2347 1108
394 2322 460 2349 est,
486 2315 592 2345 Deum
619 2315 715 2345 irasci
735 2317 884 2346 omnibus
912 2317 1073 2356 gentibus,

99 2372 221 2401 easque
234 2369 414 2401 oppressas
428 2367 505 2388 8558
517 2363 653 2396 peccato
667 2363 699 2387 et
710 2364 828 2393 molte3
848 2359 905 2388 sed
920 2357 1072 2398 futurum,

99 2487 142 2512 721
161 2486 310 2517 vexaturus]
329 2486 371 2510 Ed.
392 2486 415 2508 9.
436 2488 550 2510 vexatus.

100 2537 143 2564 73)
164 2537 273 2567 vincant]
286 2537 358 2561 Editt.
382 2537 418 2559 12.
444 2536 480 2559 13.
500 2537 582 2560 vincat

250 2594 369 2614 mnxru.
390 2594 455 2613 orm.
476 2593 524 2612 vor.
545 2593 591 2612 nl.

566 123 588 153 1.
612 121 714 153 LOCI
736 119 1014 152 THEOLOGICI:
1045 120 1082 151 C.
1107 119 1316 151 SECUNDA
1339 121 1495 152 EORUM
1514 121 1669 151 AETAS.

1095 2541 1097 2548 ν
1124 2529 1168 2560 77)
1188 2529 1259 2558 vere]
1280 2529 1349 2553 Editt.
1370 2528 1392 2550 2.

2041 123 2104 154 418

1134 219 1168 242 ut
1186 223 1244 252 per
1262 213 1417 244 Abrahae
1435 223 1545 244 semen
1569 224 1698 245 rursum
1718 215 1758 245 ab
1782 214 1833 244 his
1852 214 1945 244 malis
1968 215 2104 246 liberen-

1134 260 1197 284 tur.
1243 256 1352 294 Atque
1386 257 1429 285 ita
1459 257 1709 297 interpretantur
1742 257 1826 287 hanc
1855 258 2104 297 promissionem

1135 296 1196 335 ipsi
1215 296 1378 336 Apostoli.
1398 304 1431 327 ut
1451 305 1579 329 constat
1604 309 1644 329 ex
1657 298 1759 329 Paulo
1772 306 1803 329 et
1819 309 1859 329 ex
1872 299 1975 330 Actis.
2007 300 2104 330 Prae-

1135 344 1226 367 terea
1244 339 1275 367 in
1302 339 1415 368 eadem
1434 339 1571 370 historia
1594 341 1748 372 Abrahae
1772 342 1902 372 additur
1926 342 2034 383 imago
2059 343 2104 372 iu-

1135 379 1349 410 stificationis
1370 380 1462 411 Deus
1477 381 1668 413 consolatur
1679 383 1857 421 Abraham,
1878 384 1955 414 dicit
1968 387 2012 425 ⁷⁴)
2028 384 2105 422 [Ge.-

1135 431 1205 451 nes.
1228 422 1276 454 15.
1298 423 1356 460 l.]:
1377 422 1451 453 Noli
1475 425 1605 459 timere:
1635 434 1697 465 ego
1725 436 1797 455 sum
1821 432 1988 465 protector
2018 433 2104 457 tuus.

1134 464 1235 493 Addit
1253 465 1329 494 item
1348 466 1597 504 promissionem
1618 467 1658 496 de
1677 468 1810 497 semine.
1856 468 1938 498 Huic
1951 469 2023 499 voci
2037 479 2105 499 cre-

1135 505 1177 535 dit
1196 505 1380 547 Abraham,
1404 507 1468 538 hoc
1493 514 1558 539 851.
1590 519 1775 549 quanquam
1794 510 1881 540 videt
1906 516 1937 541 et
1956 513 2106 552 agnoscit

1134 557 1171 576 se
1195 548 1392 578 immundum
1422 559 1451 578 et
1475 550 1640 590 indignum
1672 561 1762 582 esse.
1794 558 1899 581 tamen
1929 554 2039 583 statuit
2069 563 2105 584 se

1133 588 1255 619 habere
1282 590 1388 620 Deum
1417 592 1605 631 propitium.
1640 601 1771 633 propter
1796 594 1898 633 ipsius
1923 596 2105 625 misericor-

1133 632 1217 661 diam
1237 637 1267 661 et
1286 633 1482 671 promissum
1507 644 1628 664 semen.
1675 635 1721 664 lta
1744 637 1970 674 pronuntiatur
1988 638 2104 667 iustus.

1132 673 1166 703 Id
1192 673 1374 713 exemplum
1405 676 1499 705 docet
1522 686 1583 706 1105
1607 677 1825 716 promissione
1852 685 1882 708 et
1906 679 1968 709 fide
1992 689 2105 709 recon-

1133 714 1326 746 ciliationem
1355 718 1524 757 consequi.
1570 719 1667 749 Fides
1691 726 1797 749 autem
1824 721 1935 751 nititur
1960 731 2025 751 non
2048 732 2105 752 no-

1133 764 1201 788 stra
1224 759 1390 799 dignitate⁴
1410 760 1469 789 sed
1493 766 1616 791 tantum
1636 761 1859 792 misericordia
1880 762 1951 792 Dei.

1219 800 1409 841 Sequuntur
1428 801 1580 841 paulatim
1608 802 1729 833 multae
1749 805 1925 834 com-iones
1947 811 1977 835 et
1997 816 2105 837 exem-

1131 841 1185 882 pla
1206 843 1246 873 de
1270 844 1465 873 remissione
1490 851 1712 884 peccatorum.
1759 846 1825 876 Sed
1846 845 2049 879 clarissimae
2061 851 2104 888 ⁷⁵)

1132 891 1207 914 sunt
1226 886 1407 916 sententiae
1426 886 1458 916 in
1481 886 1622 917 Psalmis
1642 894 1673 918 et
1685 888 1870 928 Prophetis.
1902 889 1937 919 In
1949 890 2000 920 his
2015 890 2105 922 clare

1131 928 1254 967 passim
1274 930 1467 967 proponitur
1479 928 1705 970 Evangelium.
1751 931 1785 960 ln
1798 929 1939 961 Psalmis
1959 934 2037 972 petit.
2055 944 2104 964 re-

1131 970 1321 999 missionem
1351 977 1561 1010 peccatorum
1586 978 1719 1011 propter
1742 974 2014 1009 misericordiam.
2038 987 2102 1006 non

1130 1018 1264 1051 propter
1283 1022 1377 1042 suam
1398 1013 1585 1053 dignitatem
1600 1024 1660 1044 seu
1672 1015 1803 1050 merita3
1823 1021 1857 1045 ut
1872 1015 1941 1053 [Ps.
1958 1017 2028 1057 142,
2041 1018 2102 1056 2.]:

1130 1053 1204 1083 Non
1227 1054 1328 1084 intres
1348 1055 1379 1084 in
1399 1056 1551 1086 iudicium
1572 1066 1643 1086 cum
1664 1066 1762 1087 servo
1785 1063 1857 1094 tuo,
1877 1059 1952 1098 quia
1975 1070 2040 1090 non
2058 1061 2103 1090 iu-

1129 1095 1321 1126 stificabitur
1356 1098 1387 1126 in
1418 1104 1598 1137 conspectu
1621 1104 1676 1127 tuo
1709 1099 1813 1128 omnis
1844 1100 1969 1130 vivens.
2014 1102 2104 1133 Haec

1129 1143 1216 1167 certe
1236 1148 1300 1168 non
1321 1146 1370 1169 est
1390 1138 1475 1180 legis
1500 1141 1626 1179 concio,
1647 1151 1731 1180 quae
1749 1142 2007 1173 misericordiam
2025 1145 2103 1184 petit

1129 1186 1160 1210 et
1180 1180 1354 1211 confitetur
1371 1188 1552 1221 peccatum,
1573 1188 1603 1212 et
1622 1183 1750 1222 quidem
1763 1193 1878 1214 omnes
1895 1186 2103 1223 condemnat:

1128 1228 1162 1252 ut
1197 1223 1341 1253 sciamus
1379 1234 1508 1263 01111185,
1545 1225 1646 1265 gratis
1684 1226 1778 1255 nobis
1811 1227 1925 1256 remitti
1955 1234 2101 1267 peccata.

1128 1264 1206 1294 Item
1217 1265 1284 1302 [Ps.
1297 1265 1367 1299 129,
1377 1265 1438 1303 3.]:
1452 1266 1487 1297 Si
1499 1267 1684 1306 iniquitates
1699 1268 1940 1307 observaveris,
1954 1269 2103 1310 Domine,

1128 1308 1200 1346 quis
1232 1307 1426 1338 sustinebit?
1476 1308 1555 1338 118111
1581 1308 1647 1345 [Ps.
1662 1309 1713 1339 31.
1732 1309 1776 1348 5.]
1797 1309 1890 1349 Dixi,
1922 1311 2104 1343 confitebor

1126 1350 1301 1380 adversum
1320 1360 1371 1380 me
1384 1351 1573 1381 iniustitiam
1588 1361 1702 1389 11188111,
1727 1357 1758 1381 81
1781 1358 1815 1382 111
1838 1354 2018 1383 remittisim
2034 1355 2100 1394 pie-

1127 1397 1225 1421 tatem
1250 1393 1359 1422 cordis
1379 1394 1452 1423 mei.
1498 1393 1576 1423 Item
1603 1394 1757 1424 describit
1781 1396 1988 1426 sacerdotem
2012 1395 2103 1427 Chri-

1127 1439 1211 1464 stum
1244 1434 1399 1472 [Ps.109,
1417 1435 1478 1474 4.]:
1512 1435 1560 1465 Tu
1595 1445 1631 1465 es
1667 1436 1825 1466 sacerdos
1860 1438 1892 1467 in
1923 1444 2101 1469 aeternum.

1126 1476 1280 1507 Testatur
1309 1478 1407 1518 igitur
1442 1477 1528 1507 1111118
1559 1479 1766 1508 sacerdotem
1793 1477 1997 1518 placaturum
2027 1490 2102 1511 esse

1125 1518 1234 1549 Deum
1269 1525 1299 1549 et
1339 1519 1538 1550 redditurum
1576 1530 1652 1551 esse
1685 1526 1851 1551 aeternam
1884 1522 2035 1553 iustitiam
2071 1529 2102 1553 et

1127 1566 1292 1591 aeternam
1311 1562 1420 1599 vitam,
1444 1563 1519 1602 quia
1539 1569 1637 1592 vocat
1656 1569 1825 1594 aeternum
1845 1565 2062 1595 sacerdotem.

1213 1602 1254 1633 Et
1284 1604 1326 1633 ad
1348 1604 1434 1635 118118
1458 1605 1649 1634 sententiam
1674 1605 1714 1635 de
1738 1607 1879 1645 gratuita
1908 1608 2100 1638 remissione

1126 1646 1394 1676 accommodandi
1418 1652 1493 1677 sunt
1517 1645 1639 1677 similes
1662 1646 1725 1677 loci
1744 1649 1776 1677 in
1788 1647 1940 1678 Psahnis.
1959 1649 2006 1680 lta
2018 1650 2101 1680 enim

1128 1686 1320 1718 dulcescent
1339 1689 1435 1718 nobis
1455 1689 1649 1719 suavissima
1669 1690 1812 1719 carmina
1831 1696 1862 1719 et
1880 1690 2005 1721 firmam
2025 1702 2100 1722 con-

1128 1729 1321 1760 solationem
1344 1730 1490 1760 afferent.
1536 1731 1620 1761 Nam
1643 1733 1670 1761 si
1693 1732 1907 1762 iudicabimus
1930 1731 2004 1763 illas
2026 1744 2100 1774 pro-

1126 1773 1302 1802 missiones
1321 1774 1464 1812 pendere
1488 1783 1528 1803 ex
1551 1780 1665 1803 nostra
1688 1774 1860 1814 dignitate,
1885 1785 1958 1804 cum
1976 1775 2099 1806 Psalmi

1126 1815 1236 1844 iubent
1268 1825 1329 1844 nos
1359 1813 1491 1852 laetari,
1522 1815 1688 1845 confidere
1705 1817 1947 1853 misericordia7
1971 1827 2101 1858 semper

1128 1855 1351 1886 reclamabunt
1377 1858 1613 1894 conscientiae,
1645 1867 1706 1887 nos
1729 1858 1880 1899 indignos
1902 1868 1993 1897 esse,
2021 1859 2099 1890 nihil

1126 1899 1289 1939 pertinere
1322 1899 1383 1929 has
1417 1900 1654 1939 promissiones
1686 1900 1728 1930 ad
1769 1901 1932 1941 indignos.
1989 1901 2099 1936 Quare

1126 1941 1287 1971 adversus
1321 1940 1407 1971 hanc
1441 1943 1544 1981 ipsam
1575 1942 1806 1973 dubitationem
1841 1943 2014 1983 erigendus
2049 1951 2099 1975 est

1126 1984 1269 2020 animus,
1304 1989 1334 2013 et
1366 1984 1549 2020 sciendum,
1580 1984 1667 2023 quod
1697 1983 1772 2014 illae
1802 1985 1893 2024 ipsae
1909 1987 1951 2021 ⁷⁶)
1986 1996 2097 2024 voces,

1126 2035 1210 2065 quae
1233 2035 1294 2055 nos
1315 2025 1429 2055 laetari
1446 2027 1568 2063 iubent,
1588 2026 1662 2056 ideo
1681 2027 1870 2066 propositae
1887 2028 1961 2064 sint,
1985 2034 2019 2058 ut
2032 2038 2098 2059 me-

1127 2068 1264 2098 deantur
1287 2066 1333 2097 1111
1354 2068 1417 2107 ipsi
1441 2068 1632 2098 dubitationi
1655 2075 1835 2109 conceptae
1858 2079 1898 2099 ex
1916 2076 2030 2101 nostra
2052 2072 2098 2100 in-

1127 2110 1292 2150 dignitate.
1344 2109 1439 2143 Quod
1467 2111 1494 2139 si
1519 2112 1675 2140 sentimus
1704 2112 1799 2141 nobis
1822 2111 1964 2151 promitti
1994 2113 2096 2153 gratis

1099 2157 1101 2163 ’
1127 2151 1440 2189 reconciliationem,
1469 2158 1534 2182 tum
1568 2162 1646 2183 vere
1662 2154 1705 2191 ⁷⁷)
1734 2154 1816 2183 fides
1846 2154 1906 2183 erit
1930 2161 2037 2191 88118,
2067 2161 2097 2185 81

1125 2205 1204 2224 vere
1228 2193 1464 2235 gratulabimur
1482 2195 1578 2224 nobis
1597 2195 1863 2233 misericordiam,
1887 2200 1918 2225 et
1929 2195 2002 2226 Deo
2022 2207 2097 2238 age-

1126 2248 1197 2267 mus
1229 2237 1362 2277 gratias.
1409 2236 1476 2266 Sed
1506 2243 1596 2267 tanta
1620 2244 1669 2267 est
1699 2236 1867 2268 infirmitas
1891 2243 1923 2267 et
1945 2239 2098 2280 angustia

1097 2382 1099 2392 ¹
1125 2383 1171 2409 74)
1190 2382 1325 2407 Abraham.
1344 2380 1402 2404 dicit
1413 2381 1429 2410 z]
1449 2381 1521 2404 Editt.
1537 2380 1558 2402 7.
1575 2381 1596 2403 8.
1614 2381 1718 2403 11—14.
1733 2383 1757 2405 et
1771 2382 1845 2410 011111
1864 2381 1989 2405 Abraham
2004 2381 2097 2411 dit-ens,

1125 2433 1169 2461 75)
1191 2432 1359 2457 clarissimae]
1378 2431 1420 2452 Ed.
1443 2432 1479 2450 11.
1499 2429 1637 2452 clarissime

1126 2482 1169 2509 76)
1188 2479 1270 2508 ipsae]
1289 2479 1360 2502 Editt.
1384 2479 1421 2500 12.
1444 2478 1481 2501 13.
1504 2479 1557 2508 ipse

1412 2529 1486 2551 5-8.
1508 2529 1614 2553 11—14.
1634 2533 1657 2553 et
1678 2530 1755 2559 Opp.;
1773 2536 1831 2554 tero
