2358 2933
249 102 327 134 1019

244 206 352 234 inuno,
374 197 580 227 resuscitatis
604 197 751 226 mortuis.
789 196 855 226 Sed
878 195 965 227 lnmc
984 195 1158 227 Dominum
1172 198 1217 235 ⁹⁶)

246 250 321 276 uro,
351 247 382 269 ut
406 239 525 278 mitiget
551 247 724 268 aerumnas
748 236 917 269 Ecclesiae
944 244 976 269 et
1003 237 1130 279 aliquas
1155 239 1216 269 sibi

245 280 397 322 reliquias
421 287 575 319 excerpat
601 285 630 310 et
654 280 785 310 mundet
808 278 893 309 tilios
916 280 997 311 Levi
1011 282 1072 317 ⁹¹³),
1101 280 1131 310 id
1156 287 1217 317 est,

245 325 361 354 excitet
380 323 501 362 passim
522 322 674 351 doctores
695 328 783 351 recte
802 322 972 359 docentes.
997 328 1029 352 et
1046 331 1112 352 non
1131 323 1217 353 sinat

245 366 387 401 extingui
413 363 516 394 lucem
540 362 710 403 Evangelii
734 364 795 394 sui.

329 397 481 437 Secunda
511 404 634 445 regula.
681 406 847 439 Quaedam
877 415 977 445 opera
1011 415 1071 436 sna
1101 412 1216 436 natura

244 455 316 479 sunt
341 448 507 486 ἀδιάφορα.
539 457 622 487 quae
645 457 706 477 nec
734 452 910 486 praecepta
939 454 1015 478 sunt
1044 447 1120 488 lege
1143 447 1215 484 Dei,

244 501 304 521 nec
322 489 495 530 prohibita,
515 496 548 519 ut
568 500 634 519 non
653 490 743 519 vesci
763 490 929 525 carnibus,
953 490 997 519 uti
1017 496 1110 520 veste
1129 499 1215 519 com-

243 534 328 563 muni
361 538 416 562 aut
448 538 540 562 veste
570 530 818 562 Monachorum.
864 530 933 561 Etsi
963 537 1070 561 autem
1104 530 1214 561 facere

245 574 392 614 ἀδιάφορα
420 574 490 603 sine
520 574 752 613 superstitione
781 582 976 604 concessum
1005 579 1074 610 est,
1108 579 1214 603 tamen

243 616 370 657 legibus
405 616 445 646 de
473 615 663 655 adiaphoris
694 615 934 645 adversandum
970 621 1019 645 est
1054 616 1214 652 docendo,

243 660 318 700 quia
335 658 517 688 adsuuntur
536 656 625 688 multi
645 658 819 698 perniciosi
838 667 980 693 errores,
1000 664 1030 687 et
1047 658 1214 687 doctrinae

243 699 390 740 exempla
412 701 443 730 in
466 710 529 730 usu
558 699 719 730 libertatis
748 700 896 729 modeste
925 699 1099 729 ostendere
1127 700 1214 739 pium

243 750 303 773 est.
342 741 539 773 Recensebo
563 750 670 772 autem
695 742 836 772 breviter
853 748 977 781 septem
998 750 1140 778 errores,
1160 741 1213 781 qui

242 786 424 815 adsumitur
446 783 564 814 talibus
589 784 826 814 traditionibus.

329 826 454 856 Primus
479 836 580 856 error.
620 824 711 855 Multi
737 826 915 855 docuerunt
943 831 973 855 et
997 825 1114 855 docent
1137 825 1213 855 ieiu-

243 870 292 899 nia
316 876 347 899 et
370 867 492 898 similes
516 868 652 905 ιὲσκξσεις
674 868 790 898 mereri
814 868 1038 897 remissionem
1061 873 1212 906 precato—

243 921 311 942 rum
335 917 402 941 tum
425 909 541 950 culpae
569 917 635 940 tum
658 919 796 949 poenae.
842 909 902 939 Hic
931 919 1024 939 error
1048 908 1212 939 Pharisai-

243 963 300 983 cus
326 951 422 983 facile
451 953 534 992 capit
563 952 689 982 animos
716 950 829 991 populi
858 958 889 981 et
920 951 1075 981 obscurat
1106 950 1212 981 lucem

242 995 408 1025 doctrinae
434 995 475 1025 de
499 994 664 1024 beneficiis
688 993 810 1024 Christi
840 994 979 1033 propriis
1007 999 1039 1023 et
1068 993 1108 1023 tle
1138 992 1211 1022 fide.

242 1037 323 1068 Cum
347 1038 430 1067 enim
453 1043 568 1076 putant
599 1035 746 1066 homines
774 1036 889 1066 mereri
920 1045 957 1065 se
987 1035 1212 1065 remissionem

241 1086 450 1120 peccatorum
471 1078 520 1108 his
540 1079 610 1109 suis
628 1079 754 1115 ritibus,
773 1076 974 1108 transferunt
988 1076 1145 1107 honorem
1158 1077 1211 1107 de—

244 1122 342 1152 bittun
365 1120 498 1151 Christo
522 1122 553 1150 in
577 1120 638 1150 hos
662 1121 742 1150 ritus
771 1126 801 1150 et
829 1126 883 1150 aut
913 1121 1041 1150 inanem
1063 1119 1213 1150 fiduciam

242 1162 477 1204 aliquantisper
489 1163 686 1201 voneipiunt,
704 1169 758 1193 aut
777 1161 867 1193 alunt
881 1162 1111 1198 dubitationes,
1129 1170 1213 1201 quae

244 1207 372 1236 tandem
397 1207 442 1235 eis
466 1212 540 1235 sunt
559 1205 664 1235 exitio.
716 1205 766 1235 At:
785 1204 958 1244 praecipue
976 1209 1110 1244 propter
1127 1203 1212 1233 hanc

244 1258 395 1279 caussam
418 1255 482 1278 tam
506 1248 627 1277 acriter
650 1247 779 1277 dimicat
796 1244 916 1276 Paulus
941 1247 981 1276 de
1000 1246 1213 1285 abrogatione

243 1290 501 1321 circumcisionis
531 1296 560 1319 et
590 1288 725 1319 aliarum
753 1289 1009 1318 ceremoniarum
1038 1286 1121 1327 legis
1144 1286 1213 1316 Mo-

244 1334 363 1369 saicae,
387 1342 427 1362 ne
450 1331 532 1362 haec
556 1330 611 1361 lux
634 1331 801 1360 doctrinae
824 1331 855 1360 in
874 1328 1024 1359 Ecclesia
1047 1330 1213 1369 extingue-

244 1382 347 1411 retur,
379 1374 465 1414 quod
489 1380 623 1413 propter
646 1372 812 1403 Christum
836 1371 1050 1402 Mediatorem
1079 1372 1213 1401 creden-

244 1425 292 1447 tes
315 1416 457 1447 habeant
480 1416 702 1446 remissionem
725 1420 935 1454 peccatorum
967 1420 997 1443 et
1024 1418 1214 1452 reputentur

245 1460 318 1490 iusti
344 1466 373 1489 et
399 1460 461 1488 sint
491 1457 650 1487 haeredes
674 1457 761 1486 vitae
790 1462 959 1492 aeternae,
986 1465 1051 1485 non
1081 1460 1214 1493 propter

245 1501 532 1532 Circumcisionem
561 1507 590 1529 et
622 1497 702 1529 alias
734 1498 936 1528 ceremonias
960 1497 1069 1537 Moysi
1094 1502 1149 1526 aut
1172 1496 1214 1525 si-

244 1542 347 1574 miles.
388 1543 427 1572 Et
447 1552 545 1581 saepe
563 1548 683 1577 monet,
707 1546 741 1571 ut
754 1549 941 1575 caveamus,
965 1549 1006 1569 ne
1018 1539 1113 1568 noxis
1126 1547 1214 1568 cere-

245 1586 360 1616 moniis
384 1585 533 1615 humanis
558 1583 612 1614 lux
636 1582 692 1613 illa
714 1580 883 1622 Evangelii
907 1582 1112 1612 obscuretur.
1145 1580 1215 1610 Nec

246 1629 377 1659 dubium
397 1634 445 1657 est
466 1626 552 1656 hunc
564 1625 788 1656 Pharisaicum
808 1634 954 1654 errorem
967 1624 1086 1654 acriter
1104 1629 1215 1653 taxan-

246 1671 320 1700 dum
343 1679 428 1700 esse.

331 1711 503 1742 Secundus
529 1721 621 1741 error
644 1711 748 1740 minus
772 1716 821 1739 est
847 1709 1062 1748 conspicuus,
1087 1707 1145 1737 sed
1169 1713 1216 1736 ta-

246 1765 316 1785 men
341 1754 555 1793 perniciosus.
601 1752 739 1787 Quidam
766 1751 863 1781 astuti
895 1760 980 1780 nunc
1010 1750 1121 1780 vident
1151 1758 1215 1778 non

247 1807 344 1837 posse
367 1794 495 1826 defendi
525 1795 666 1835 priorem
696 1793 784 1823 illum
808 1792 1031 1823 Pharisaicum
1062 1800 1216 1827 errorem,

247 1840 318 1869 ideo
344 1837 537 1868 delabuntur
560 1836 639 1867 huc:
670 1836 757 1872 Etsi,
783 1835 944 1875 inquiunt,
968 1844 1032 1864 non
1053 1839 1216 1863 merentur

247 1882 308 1912 hae
342 1880 544 1910 ceremoniae
578 1879 800 1908 remissionem
833 1883 1063 1917 peccatorum,
1098 1882 1216 1911 tamen,

247 1925 321 1964 quia
352 1929 424 1953 sunt
456 1923 539 1951 bona
569 1931 668 1960 opera
699 1926 729 1950 et
762 1919 868 1950 cultus
891 1918 972 1955 Dei,
1002 1916 1218 1948 defendantur

248 1966 308 1996 hae
331 1965 537 2000 traditiones,
562 1970 596 1993 ut
620 1963 651 1992 in
665 1962 753 2002 Lege
765 1961 1130 2002 MoysiNazai-aeorum
1142 1960 1216 1989 abs-

249 2008 396 2044 tinentia,
420 2006 479 2036 etsi
515 2015 578 2035 non
613 2005 796 2035 merebatur
820 2003 1044 2033 remissionem
1067 2006 1217 2042 peccato-

249 2061 335 2086 rum,
365 2057 470 2079 tamen
496 2048 566 2077 Deo
590 2045 740 2086 placebat
768 2053 796 2076 et
823 2052 890 2075 erat
917 2044 1024 2075 cultus
1048 2044 1120 2074 Deo
1145 2053 1217 2084 gra·
1238 2050 1241 2059 ⁶

248 2100 299 2122 tus
325 2098 354 2121 et
378 2092 519 2130 praemia
543 2089 693 2119 habebat.

334 2133 404 2163 Hoc
423 2131 498 2162 fuco
519 2141 634 2161 recens
653 2132 715 2161 iam
730 2130 858 2171 quidam
878 2130 1010 2169 pingere
1028 2128 1217 2159 traditiones
1238 2130 1241 2158 ὲ

250 2177 446 2211 didicerunt,
479 2174 532 2204 <ui
562 2180 668 2204 tamen
692 2183 757 2203 non
782 2173 821 2202 de
844 2171 895 2201 his
918 2170 1104 2210 adiaphoris
1128 2170 1216 2200 dimi-

250 2225 340 2254 cant,
377 2217 434 2247 sed
469 2186 551 2246 aiios
581 2221 684 2245 tetros
717 2215 841 2245 abusus
872 2211 1018 2243 stabilire
1050 2218 1217 2243 conantur.

250 2261 396 2291 Necesse
427 2266 473 2288 est
499 2265 605 2288 autem
628 2258 701 2297 pios
724 2255 776 2287 hie
801 2265 918 2286 cavere
946 2255 1115 2285 doctrinae
1142 2254 1218 2284 insi-

251 2304 330 2333 dias.
376 2301 515 2340 unguas
541 2310 631 2330 error
654 2300 686 2329 in
708 2299 773 2329 hoc
801 2299 873 2338 ipso
902 2296 977 2328 suco
1004 2298 1100 2327 inest.
1146 2296 1217 2326 Non

251 2353 338 2374 recte
363 2344 478 2373 :Jifatur
497 2342 602 2382 Moysi
628 2340 820 2381 exemplum.
855 2340 974 2380 Ingens
999 2340 1082 2369 enim
1107 2339 1219 2369 discri—

252 2473 296 2496 z‘nw
315 2469 456 2499 hominvm]
480 2469 550 2493 ἱῑιὶῑῐῑ.
573 2471 593 2491 1.
616 2472 635 2492 ¹2.
656 2469 785 2493 ¹.)01ninurn
807 2473 919 2492 nostrum

252 2523 296 2544 5⁴9]
318 2521 386 2544 t'ous.
406 2521 508 2544 walach.
529 2521 551 2541 12.
571 2521 593 2542 22.

889 103 996 134 vnn..
1017 103 1117 135 MEL.
1137 102 1320 136 SCRIPTA
1337 104 1610 137 DOGMATICA.

2148 110 2229 142 1020

1261 207 1335 228 men
1358 204 1409 228 est
1431 198 1515 228 inter
1538 207 1638 238 opera
1661 208 1680 229 a
1697 197 1769 229 Deo
1792 199 1938 230 instituta
1959 206 1992 230 et
2015 201 2173 241 ordinata,
2197 210 2227 233 et

1261 239 1344 270 inter
1367 238 1440 277 illa,
1469 250 1552 280 quae
1575 238 1723 270 homines
1746 242 1952 282 excogitant,
1986 251 2048 273 nec
2077 243 2229 274 mandata

1261 290 1323 311 nec
1342 281 1489 312 ordinata
1511 291 1530 311 a
1548 281 1632 312 Deo.
1667 281 1769 313 Erant
1787 282 1894 314 cultus
1906 282 1969 314 Dei
1988 293 2088 323 opera
2103 284 2137 314 in
2155 283 2228 326 lege

1262 323 1427 361 ordinata,
1457 324 1518 354 etsi
1546 324 1769 355 remissionem
1797 330 2006 365 peccatorum
2034 335 2099 357 non
2127 335 2228 357 mere-

1262 365 1389 395 bantur.
1430 365 1473 395 At
1492 368 1742 406 ἐθελοθρησκεΐαι
1759 367 1966 408 excogitatae
1985 368 2026 398 ab
2044 366 2228 399 hominibus

1262 406 1332 436 sine
1354 407 1506 438 mandato
1525 407 1587 438 Dei
1609 417 1670 438 nec
1694 406 1824 439 suerunt
1846 418 1909 438 nec
1931 415 2007 440 sunt
2029 408 2136 440 cultus
2154 409 2228 447 Dei,

1261 448 1346 478 sicut
1363 458 1426 479 nec
1444 448 1603 479 Ethnicae
1622 451 1828 481 ceremoniae
1851 456 1884 480 et
1905 451 2077 492 πανηγύρεις
2097 449 2227 482 fuerunt

1261 488 1369 521 cultus
1387 489 1460 527 Dei,
1483 492 1544 521 etsi
1563 491 1685 522 multae
1704 490 1832 522 fuerunt
1850 491 2123 533 elegantissimae.
2153 491 2227 524 Gla-

1260 537 1325 562 mat
1352 531 1503 563 Christus
1535 532 1659 569 [Manli.
1688 534 1744 570 15,
1771 534 1835 571 9.]:
1874 534 2012 565 Frustra
2040 533 2152 565 colunt
2177 544 2229 565 me

1260 574 1418 604 mandatis
1441 573 1615 605 hominum.
1656 575 1696 606 Et
1720 586 1793 606 cum
1816 575 1897 607 alias
1921 585 2021 616 saepe
2042 575 2229 617 Prophetae

1260 622 1292 646 et
1310 614 1461 656 Apostoli
1484 617 1633 647 reiiciunt
1654 618 1733 648 ritus
1757 619 1828 649 sine
1845 619 1948 648 verbo
1966 618 2027 649 Dei
2050 618 2227 655 institutos,

1260 663 1326 688 tum
1356 668 1436 687 vero
1468 658 1497 688 1.
1525 658 1604 688 'sinn
1627 659 1658 690 4.
1690 662 1754 697 [vs.
1780 660 1823 698 l.]
1869 666 2028 691 vocantur
2061 661 2229 691 doctrinae

1260 699 1521 736 daemoniorum,
1555 701 1647 730 cuius
1681 701 1758 731 dicti
1791 703 1946 733 atrocitas
1975 701 2123 742 profecto
2156 702 2229 743 pias

1259 747 1385 771 mentes
1404 751 1538 771 movere
1557 743 1664 779 debet,
1685 749 1719 773 ut
1738 744 1956 782 considerent,
1977 754 2040 784 qua
2058 743 2229 784 prudentia

1259 782 1437 822 adiaphora
1470 784 1568 823 recipi
1603 784 1742 823 possint.
1787 784 1920 816 Etiamsi
1952 787 2074 816 ordinis
2108 795 2228 817 caussa

1260 825 1339 855 ritus
1352 823 1451 864 aliqui
1464 824 1593 855 honesti
1605 826 1757 857 servandi
1769 834 1856 864 sunt,
1879 833 1912 858 ut
1931 827 1962 857 in
1975 826 2100 858 scholis
2113 827 2227 858 lectio-

1259 877 1334 897 num
1358 867 1455 904 ordo,
1484 874 1591 897 tamen
1619 866 1718 908 longe
1749 867 1833 899 aliud
1858 875 1925 907 est,
1955 869 1992 899 iis
2021 869 2135 900 ritibus
2163 868 2228 900 hoc

1259 909 1359 938 decus
1383 909 1537 946 tribuere,
1561 910 1648 949 quod
1672 910 1734 940 sint
1755 909 1862 941 cultus
1881 910 1956 948 Dei,
1978 911 2010 941 id
2033 916 2094 948 est,
2117 920 2228 953 opera,

1258 959 1343 990 quae
1364 949 1458 981 Deus
1483 952 1660 991 approbet,
1691 952 1733 982 ita
1760 958 1796 983 ut
1823 962 1859 983 se
1887 963 1946 992 per
1968 962 2007 983 ea
2029 953 2149 984 iudicet
2168 951 2227 983 ho-

1258 1001 1338 1022 nore
1360 990 1458 1023 affici.
1502 993 1543 1023 Et
1566 999 1672 1023 tamen
1695 1000 1828 1035 recepto
1851 993 1914 1026 hoe
1938 1004 2067 1032 errore,
2089 993 2227 1035 amplius

1257 1034 1419 1072 tribuitur,
1439 1034 1589 1065 videlicet
1607 1036 1696 1075 quod
1714 1042 1900 1067 mereantur
1913 1037 2136 1068 remissionem
2152 1046 2227 1076 pec·

1259 1081 1415 1107 catorum.
1482 1076 1598 1107 Reiicit
1620 1077 1710 1108 Deus
1740 1088 1779 1109 ac
1810 1078 1990 1109 detestatur
2017 1077 2103 1109 hanc
2131 1079 2228 1109 auda-

1259 1118 1342 1148 ciam
1363 1117 1538 1155 hominum,
1562 1129 1645 1159 quae
1670 1119 1760 1160 fingit
1782 1118 1888 1151 cultus
1911 1130 1973 1151 suo
1997 1119 2144 1151 consilio.
2183 1119 2227 1150 Ut

1259 1159 1426 1191 Israelitae
1449 1162 1678 1201 proponebant
1701 1161 1790 1193 vituli
1810 1161 1946 1203 figuram
1965 1169 1997 1193 et
2015 1163 2226 1193 instituebant

1259 1203 1340 1233 ritus
1363 1212 1424 1232 suo
1449 1201 1599 1240 consilio,
1623 1202 1678 1234 Sic
1702 1210 1734 1234 et
1756 1203 1885 1235 Ethnici
1908 1202 2067 1241 fecerunt,
2091 1214 2228 1246 quorum

1259 1243 1441 1284 exemplum
1466 1255 1524 1275 cur
1546 1244 1811 1285 reprehenditur,
1842 1246 1869 1276 si
1899 1245 1975 1277 licet
2006 1245 2137 1277 cuilibet
2163 1256 2225 1276 suo

1259 1287 1394 1316 arbitrio
1419 1285 1526 1317 cultus
1545 1285 1607 1316 Dei
1633 1286 1777 1328 fingere?
1812 1287 1878 1318 Sed
1898 1287 1962 1318 hoc
1981 1298 2134 1318 arcanum
2152 1297 2227 1328 pec·

1259 1333 1365 1358 catum
1394 1338 1459 1357 non
1488 1327 1669 1368 intelligunt
1698 1328 1864 1366 homines,
1896 1330 1957 1359 nisi
1984 1330 2068 1360 bene
2096 1329 2228 1371 cognita

1259 1369 1428 1409 Evangelii
1461 1370 1619 1400 doctrina.
1670 1371 1790 1400 Amant
1823 1371 1907 1400 enim
1940 1380 1999 1401 sua
2032 1372 2164 1402 inventa
2197 1378 2227 1401 et

1260 1418 1376 1441 ornant
1398 1410 1507 1441 multis
1530 1413 1765 1450 praetextibus,
1793 1422 1854 1442 nec
1877 1411 1982 1443 solum
2006 1418 2159 1453 tanquam
2183 1413 2228 1442 di-

1260 1451 1445 1492 sciplinam,
1475 1453 1534 1483 sed
1563 1454 1658 1483 etiam
1684 1459 1839 1494 tanquam
1869 1454 2081 1485 Sacramenta
2109 1463 2228 1495 propo-

1260 1501 1356 1532 nunt,
1379 1505 1438 1534 per
1460 1504 1544 1535 quae
1567 1495 1676 1525 dicunt
1698 1495 1806 1526 Deum
1830 1495 1998 1526 efficacem
2020 1505 2114 1533 esse,
2137 1496 2227 1526 iacti-

1261 1542 1327 1567 tant
1347 1536 1608 1574 Emhusiasmos,
1633 1538 1715 1569 sicut
1735 1537 1954 1579 Corybantes,
1977 1537 2172 1575 Manichaei,
2195 1543 2227 1568 et

1260 1589 1346 1609 nunc
1370 1579 1616 1619 Anabaptistae.

1346 1620 1444 1651 Tales
1466 1619 1596 1651 furores
1620 1622 1814 1652 comitantur
1832 1622 2076 1653 admirationem
2087 1622 2227 1653 traditio-

1261 1673 1336 1694 num
1370 1662 1603 1700 humanarum,
1643 1664 1696 1704 qui
1729 1662 1838 1704 aliquo
1871 1664 1968 1694 modo
2002 1664 2158 1699 indicant,
2170 1665 2227 1700 ¹⁰⁰)

1262 1715 1364 1746 quiue
1387 1704 1526 1745 Spiritus
1560 1711 1695 1736 sanctus
1730 1712 1826 1736 vocet
1860 1715 1917 1737 eas
1952 1706 2118 1737 doctrinas
2139 1705 2227 1736 Dae-

1261 1748 1453 1784 moniorum,
1478 1748 1552 1788 quia
1575 1746 1724 1778 fascinati
1749 1747 1898 1778 homines
1921 1747 1971 1778 his
1996 1749 2110 1779 ritibus
2132 1746 2227 1778 relin-

1262 1795 1362 1830 quunt
1385 1799 1495 1819 veram
1521 1788 1641 1820 Christi
1664 1790 1873 1831 agnitionem,
1896 1790 2007 1820 Fidem
2029 1795 2060 1820 et
2072 1788 2227 1820 Toleran-

1261 1833 1355 1869 tiam,
1379 1838 1409 1861 et
1433 1830 1556 1872 fingunt
1581 1832 1641 1862 sibi
1664 1843 1750 1863 nova
1775 1833 1928 1873 dogmata
1951 1838 1982 1862 et
2004 1830 2132 1862 furores
2156 1832 2227 1862 sine

1261 1874 1335 1911 fine,
1360 1880 1389 1904 ut
1411 1873 1507 1903 fiebat
1531 1884 1547 1903 a
1572 1873 1773 1905 Marcionitis
1798 1880 1827 1904 et
1849 1873 2069 1911 Manichaeis,
2099 1879 2130 1904 et
2162 1884 2227 1904 ma-

1262 1915 1380 1946 nifeste
1414 1915 1491 1946 vidit
1526 1916 1595 1946 tieri
1629 1923 1743 1946 nostra
1765 1922 1858 1946 aetas
1881 1916 1922 1946 ab
1945 1915 2171 1955 Anabaptistis
2195 1922 2226 1945 et

1261 1957 1412 1989 fanaticis
1432 1958 1617 1994 erroribus,
1642 1959 1693 1998 qui
1720 1968 1791 1988 eum
1816 1956 1957 1998 Pelargo
1982 1958 2102 1996 passim
2125 1967 2226 1998 vaga-

1262 2002 1388 2031 bantur.

1347 2042 1501 2072 Tenenda
1525 2048 1574 2072 est
1596 2042 1690 2082 igitur
1714 2041 1856 2072 definitio
1880 2040 2023 2072 cultuum
2045 2040 2120 2071 Dei.
2153 2039 2226 2072 Cul-

1264 2093 1316 2115 tus
1340 2084 1401 2115 Dei
1435 2091 1484 2114 est
1521 2093 1602 2124 opus
1625 2084 1810 2114 mandatum
1832 2094 1850 2113 a
1873 2083 1945 2114 Deo
1970 2093 2028 2113 seu
2051 2088 2141 2113 certo
2164 2081 2225 2112 Dei

1262 2127 1445 2158 testimonio
1468 2127 1664 2175 institutum,
1695 2135 1760 2166 quo
1782 2125 1875 2156 Deus
1898 2123 2084 2165 pronuntiat
2106 2134 2143 2155 se
2171 2123 2229 2155 ho-

1262 2179 1341 2199 nore
1372 2167 1476 2205 affici,
1510 2166 1693 2198 faciendum
1716 2167 1780 2198 hoc
1804 2167 1867 2198 fine
1889 2173 1944 2198 aut
1966 2167 2149 2197 immediato
2172 2172 2227 2196 aut

1261 2210 1446 2251 principali,
1476 2216 1511 2241 ut
1533 2209 1606 2240 Deo
1641 2211 1882 2250 obtemperetur
1916 2214 1948 2240 et
1969 2215 2005 2240 ut
2026 2208 2118 2240 Deus
2142 2207 2228 2239 cele—

1264 2255 1390 2290 bretur,
1426 2258 1458 2283 et
1491 2253 1621 2293 quidem
1654 2250 1838 2283 faciendum
1871 2250 2082 2292 praelucente
2107 2250 2173 2281 fide
2194 2250 2227 2280 in

1262 2295 1436 2326 Christum.
1465 2294 1608 2335 Operum
1626 2295 1719 2334 primi
1740 2294 1907 2334 praecepti
1929 2293 2003 2324 finis
2025 2292 2227 2324 immediatus

1238 2324 1241 2353 i
1261 2344 1329 2375 est,
1352 2344 1387 2367 ut
1408 2337 1500 2368 Deus
1524 2336 1647 2367 honore
1669 2334 1848 2373 afficiatur,
1882 2335 2066 2366 innoteseat
2088 2341 2120 2365 et
2142 2332 2226 2366 cele-

1239 2391 1241 2420 3
1260 2381 1381 2410 bretur.
1422 2379 1565 2419 Operum
1589 2379 1752 2410 secundae
1776 2377 1906 2408 tabulae
1930 2378 2003 2408 finis
2026 2376 2227 2408 immediatus

1239 2519 1242 2545 5
1266 2516 1324 2543 100)
1345 2514 1472 2544 indicant]
1492 2515 1563 2540 Editt.
1586 2516 1624 2537 2³2.
1645 2516 1684 2538 24.
1705 2514 1872 2539 2miudicant.
