2358 2933
230 111 290 141 τως

448 244 505 274 DE
536 243 670 274 PRIMA
695 242 983 278 QUAESTIONE.

462 312 553 345 Quae
576 320 676 350 opera
701 318 774 340 sunt
799 309 969 341 facienda?

317 413 375 448 En,
409 421 492 452 quae
526 412 619 441 nobis
650 418 825 451 praecepta
856 418 931 441 sunt
957 412 987 441 in
1007 412 1108 442 verbo
1128 410 1202 449 Dei,

234 464 262 485 et
290 464 415 485 summa
440 452 677 493 comprehensa
702 459 749 483 est
774 454 805 483 in
830 452 1022 494 Decalogo:
1062 452 1114 484 De
1137 463 1201 493 quo

235 496 401 527 sciendum
424 502 485 532 est,
515 506 579 526 non
615 501 736 525 tantum
761 502 894 526 externa
919 505 1019 535 opera
1042 494 1204 536 Decalogi

235 538 382 569 facienda
416 548 508 573 0550,
543 546 627 578 quae
657 537 751 568 etiam
781 538 823 567 ab
848 538 952 577 impiis
975 543 1140 577 utcmique
1163 538 1204 567 si-

235 579 348 612 mulari
383 586 532 619 possunt,
566 580 624 609 sed
659 578 876 610 inchoandam
911 590 987 610 esse
1020 580 1205 611 interiorem

235 623 460 653 obedientiam.
506 622 587 652 Sunt
611 628 720 652 autem
743 632 842 661 opera
865 622 1032 660 interiora,
1056 632 1140 662 quae
1163 621 1205 652 ad

236 666 370 705 primum
393 670 604 706 praeceptiun
634 664 814 703 pertinent:
839 664 984 695 Credere
1007 665 1108 694 verbo
1132 664 1206 701 Dei,

235 707 361 737 Timere
384 706 507 743 Deum,
542 705 717 736 Confidere
742 705 826 736 Deo.
871 705 982 737 Timor
1005 707 1207 747 conspicitur

237 751 266 779 in
290 749 503 783 contritione3
527 747 625 778 Fides
649 748 754 788 magis
778 749 991 788 conspicitur,
1015 759 1088 779 cum
1111 748 1207 789 erigit

237 790 501 831 perterrefiactos.
550 789 614 820 Sed
649 789 710 820 hac
746 790 881 821 virtutes
915 791 946 821 in
971 797 1039 821 tota
1062 792 1128 821 vita
1151 791 1207 821 du-

239 843 311 863 1310
346 840 375 863 01
410 832 555 863 exerceri
584 833 712 862 debent.
758 831 797 862 Et
828 832 942 870 Fides,
976 843 1059 873 quae
1093 833 1206 863 statuit

238 877 297 905 iam
319 885 378 905 nos
403 885 422 905 a
443 874 517 904 Deo
542 882 691 914 receptos
716 884 804 912 esse,
838 875 913 915 quia
936 876 1087 916 agnoscit
1117 875 1207 906 boni-

238 925 336 947 tatem
370 916 431 947 Dei
466 926 544 957 erga
576 927 653 953 1105,
687 917 771 956 parit
805 916 1011 948 dilectionem
1034 917 1113 955 Dei,
1144 927 1209 957 qua

239 959 426 989 subiieimus
456 968 517 989 1105
552 957 710 989 voluntati
743 958 816 989 Dei.
867 959 996 990 Deinde
1028 965 1209 1000 sequuntur

240 1010 347 1032 cetera
371 1002 457 1032 bona
481 1010 581 1040 opera
601 1001 688 1031 iuxta
712 1002 818 1031 onmia
841 1007 1028 1042 praecepta.

324 1043 513 1074 Adversarii
559 1043 660 1073 videri
704 1042 815 1074 volunt
855 1044 1035 1075 doctrinam
1077 1053 1210 1084 operum

239 1084 407 1126 praeclare
431 1086 572 1122 tradere,
596 1095 668 1116 cum
692 1084 882 1126 plerumque
905 1092 1028 1117 tantum
1052 1086 1093 1117 de
1106 1092 1211 1117 exter-

241 1139 282 1159 na
293 1127 462 1169 hypocrisi
485 1127 593 1158 dicant
615 1134 669 1158 aut
684 1128 724 1158 de
735 1127 885 1159 hmnanis
899 1129 1101 1159 ceremoniis.
1126 1128 1212 1168 Ope-

242 1181 277 1200 ra
302 1180 381 1201 vero
405 1170 527 1210 primae
552 1169 683 1200 tabulae
714 1176 743 1201 et
767 1169 892 1201 iontem
905 1172 1063 1202 bonorum
1076 1180 1212 1211 operum

242 1213 393 1253 ignorant
413 1217 445 1242 et
467 1212 625 1242 obruunt:
650 1211 738 1242 Nihil
762 1213 873 1243 dicunt
892 1213 932 1243 de
956 1213 1031 1250 fide,
1055 1223 1138 1253 quae
1161 1218 1213 1243 est

243 1254 359 1285 fiducia
393 1254 635 1284 misericordiae
667 1260 696 1284 et
731 1255 891 1295 gratuitae
925 1254 1212 1289 reconciliationis„

243 1297 428 1327 necessaria
452 1297 483 1326 in
506 1296 591 1327 omni
610 1297 828 1328 invocatione.
862 1296 998 1328 Sublata
1022 1303 1127 1328 autem
1150 1297 1214 1327 hac

245 1338 319 1375 fide,
355 1339 451 1369 vincit
488 1338 655 1376 dubitatio,
689 1349 772 1379 quae
807 1346 860 1369 aut
896 1340 1069 1370 contemnit
1094 1339 1213 1376 Deum,

244 1389 296 1412 aut
322 1379 401 1421 sugit
425 1381 552 1417 iratum,
576 1387 607 1411 et
630 1390 695 1410 non
718 1391 795 1411 vere
820 1382 963 1412 invocat.
1000 1380 1104 1411 Porro
1128 1380 1214 1411 hanc

245 1423 476 1453 dubitationem
499 1421 690 1462 hypocritae
713 1429 745 1453 et
763 1424 946 1463 approbant
966 1429 996 1454 et
1010 1423 1215 1460 confirmant,

246 1471 367 1507 negant
390 1464 484 1495 fidem
506 1463 748 1505 intelligendam
771 1475 847 1495 esse
870 1465 1020 1496 fiduciam
1032 1466 1237 1509 misericor-¹

246 1508 316 1538 diae
350 1507 429 1545 Dei,
463 1507 520 1537 sed
551 1513 673 1537 tantum
701 1507 888 1548 significare
910 1508 1074 1545 notitiam,
1108 1505 1215 1548 qualis

246 1557 294 1580 est
330 1550 360 1579 in
394 1548 556 1580 Diabolis.
602 1548 756 1580 Profecto
791 1548 965 1580 dolendum
994 1555 1062 1587 est,
1095 1550 1139 1580 ita
1163 1549 1216 1579 de—

248 1592 378 1633 pravari
403 1592 581 1622 doctrinam
602 1590 840 1631 Prophetarum
865 1598 895 1622 et
909 1590 1153 1632 Apostolorum,
1176 1602 1216 1622 ac

246 1635 354 1675 potius
378 1634 580 1664 acerbissimi
603 1635 768 1665 cruciatus
791 1634 976 1675 perferendi
999 1640 1086 1671 511111,
1121 1644 1217 1674 quam

249 1677 492 1708 concedendum
526 1677 557 1706 in
588 1676 639 1706 his
674 1677 767 1707 dictis
792 1677 904 1708 Fidem
939 1687 1004 1707 non
1028 1676 1217 1718 significare

248 1719 398 1750 fiduciam
420 1719 664 1749 misericordiae
687 1718 792 1756 [Rom.
805 1720 836 1757 4,
859 1718 920 1756 3.]:
944 1719 1090 1750 Credidit
1112 1718 1218 1749 Abra-

248 1761 321 1792 ham
344 1760 415 1792 Deo
447 1767 507 1792 etc.
554 1761 631 1791 Item
656 1760 764 1799 [Rom.
787 1761 823 1798 5,
854 1762 915 1799 l.]:
961 1760 1131 1792 iustificati
1154 1761 1218 1791 fide

249 1814 361 1844 pacem
385 1802 553 1834 habemus.
599 1803 676 1833 ltem
702 1804 852 1841 [ibidffs.
877 1804 939 1841 21:
964 1803 1028 1834 Per
1052 1802 1218 1834 Christum

249 1846 404 1876 habemus
429 1855 599 1876 accessum
624 1845 696 1876 fide.
743 1846 820 1876 Item
844 1844 1099 1884 {Galat.‘2,20.]:
1122 1845 1219 1876 Nunc

250 1896 356 1919 autem
381 1889 455 1918 vivo
479 1889 510 1918 in
534 1888 597 1918 fide
622 1886 677 1918 tilii
701 1888 773 1918 Dei.
813 1888 887 1919 Non
910 1889 1054 1919 sinamus
1079 1886 1165 1918 eludi
1188 1893 1219 1918 et

250 1931 421 1971 depravari
443 1929 526 1961 haec
551 1931 647 1963 dicta,
671 1930 730 1967 sed
754 1937 844 1961 certo
868 1931 1011 1962 sciamus
1035 1941 1075 1961 ea
1088 1930 1219 1962 concio-

250 1973 318 2003 nari
343 1973 437 2003 nobis
462 1973 503 2003 de
528 1972 646 2003 fiducia
670 1973 929 2009 misericordiae,
957 1980 987 2003 et
1010 1974 1042 2004 in
1066 1973 1151 2003 omni
1174 1973 1220 2002 in-

251 2016 422 2045 vocatione
463 2015 626 2045 discamus
667 2015 710 2045 ad
743 2014 851 2045 Deum
889 2016 1111 2047 accedendum
1145 2024 1221 2046 0550

252 2057 366 2087 fiducia
403 2055 456 2087 filii
480 2058 592 2096 ipsius,
626 2066 685 2086 nec
710 2057 809 2097 recipi
833 2068 892 2087 nos
917 2064 1051 2098 propter
1074 2063 1221 2088 nostram

252 2100 449 2141 dignitatem.

338 2141 395 2171 Est
426 2142 521 2183 igitur
555 2142 765 2182 praecipuum
793 2152 875 2182 opus
898 2143 1019 2173 bonum
1041 2141 1125 2173 haec
1149 2143 1221 2183 ipsa

254 2184 334 2214 tides
358 2195 416 2214 >eu
440 2184 556 2214 tiducia
581 2184 835 2221 miseu'cordiae,
859 2184 1043 2215 exercenda
1065 2185 1097 2215 in
1121 2184 1222 2214 omni-

254 2227 314 2256 bus
351 2227 434 2256 xitae
456 2225 609 2266 periculis
633 2234 663 2257 et
688 2227 719 2256 in
742 2227 828 2257 omni
851 2227 1068 2257 invocatione.
1113 2226 1222 2257 David

254 2269 464 2299 dimicaturus
498 2269 600 2299 credit
622 2279 659 2299 se
682 2267 756 2299 Deo
779 2267 911 2309 placere
932 2276 1066 2309 propter
1087 2270 1223 2309 promis-

254 2311 390 2347 sionem,
419 2317 450 2340 et
473 2311 547 2350 quia
571 2311 632 2340 scit
655 2321 693 2341 se
722 2317 874 2341 vocatum
893 2321 968 2342 esse
991 2311 1032 2341 ad
1055 2310 1142 2342 hanc
1166 2311 1222 2341 ob-

255 2352 425 2383 edientiam
448 2353 479 2382 in
502 2362 561 2382 503
585 2352 761 2390 functione,
785 2354 999 2393 obtemperat,
1021 2354 1099 2393 petit
1121 2360 1151 2383 et
1170 2363 1223 2383 ex-

256 2400 361 2434 pectat
390 2404 409 2424 a
432 2393 505 2424 Deo
530 2395 797 2435 gubernationem
820 2394 1049 2434 periculorum.
1096 2395 1155 2425 Hic
1178 2395 1223 2425 in-
1244 2423 1245 2428 ,

257 2437 354 2466 terior
386 2435 491 2466 cultus
527 2437 679 2467 discernit
710 2447 819 2468 veram
843 2436 1025 2468 Ecclesiam
1048 2437 1111 2468 Dei
1134 2448 1153 2468 a
1176 2447 1223 2468 re-

258 2478 343 2519 liqua
366 2478 576 2509 multitudine.
622 2478 709 2509 Vivit
730 2478 869 2510 honeste
892 2478 1025 2516 Cicero,
1056 2480 1138 2510 bene
1159 2489 1224 2510 me-
1244 2466 1247 2511 Ι

259 2528 345 2551 retur
368 2521 408 2550 de
432 2527 499 2551 toto
523 2530 642 2561 genere
665 2521 804 2552 humano
836 2522 867 2552 in
891 2522 1128 2563 gubernatione
1151 2521 1224 2553 Rei·
1245 2531 1248 2549 ι

854 110 963 142 PHIL.
986 109 1087 141 MEL.
1110 109 1293 142 SCRIPTA
1316 109 1587 142 DOGMATICA.

1241 2079 1243 2095 J
1264 2057 1367 2088 riores
1391 2055 1498 2088 cultus
1523 2062 1555 2087 et
1577 2066 1687 2086 veram
1710 2056 1950 2086 invocationem
1973 2057 2038 2093 [vs.
2064 2054 2142 2093 154:

2150 114 2211 145 764

1243 202 1407 243 publicae,
1429 203 1492 233 imo
1506 201 1655 244 intelligit
1677 204 1772 234 etiam
1784 202 1891 235 Deum
1909 214 1985 235 esse
2005 214 2212 246 011301ᾳο101-

1245 245 1318 275 dam
1341 252 1505 276 aeternam
1530 252 1687 283 mentem,
1711 255 1865 277 caussam
1888 246 1983 283 boni,
2011 254 2045 277 ut
2070 247 2211 278 definivit

1244 285 1350 324 Plato,
1373 292 1404 317 et
1427 286 1604 318 simulacra
1626 286 1693 324 illa,
1718 297 1802 327 quae
1824 286 1943 329 vulgus
1967 287 2111 327 colebat,
2133 288 2212 320 nihil

1245 328 1368 359 habere
1390 329 1539 359 numinis.
1585 328 1651 359 Sed
1675 335 1782 359 tamen
1805 336 1921 369 postea
1945 331 1986 362 de
2008 331 2213 371 providentia

1246 371 1393 401 obruitur
1415 380 1507 401 mens
1530 370 1700 402 Ciceronis
1735 371 1947 408 dubitatione,
1976 373 2050 412 quia
2084 374 2210 414 ignorat

1245 413 1481 452 promissiones
1515 413 1594 450 Dei,
1639 413 1763 444 dubitat
1808 423 1846 443 se
1879 420 1909 444 et
1941 413 2023 445 alios
2069 416 2215 447 exaudiri

1247 456 1331 492 et7¹)
1354 455 1457 486 iuvari
1481 455 1522 485 ab
1542 465 1597 492 eo,
1631 456 1822 495 praesertim
1845 456 1876 486 in
1901 454 2152 495 calamitatibus,
2182 458 2215 488 in

1247 496 1364 536 quibus
1389 497 1485 527 etiam
1506 497 1659 528 irascitur
1682 497 1755 527 Deo
1779 498 1953 528 deserenti.
1997 497 2087 529 Talis
2111 505 2161 530 est
2184 506 2216 530 et

1247 537 1336 569 Saul.
1382 538 1520 569 Interest
1542 539 1638 580 igitur
1661 540 1745 570 inter
1769 538 1962 570 Ciceronem
1985 546 2015 570 et
2039 540 2215 572 Ieremiam.

1248 580 1401 611 Ieremias
1435 581 1535 611 servit
1568 590 1650 612 suae
1674 580 1901 622 Reipublicae,
1924 583 1985 613 sed
2018 581 2093 613 huic
2127 584 2217 624 operi

1247 620 1417 662 praelucet
1450 622 1551 659 fides3
1596 622 1715 654 Statuit
1748 623 1901 655 Ieremias
1929 634 1967 654 se
1988 623 2062 655 Deo
2085 623 2218 664 placere

1249 671 1279 695 et
1303 665 1448 695 exaudin‘
1471 674 1511 695 ac
1533 666 1660 695 servari
1682 675 1701 695 a
1724 665 1814 703 Deo,
1848 666 1973 697 etiamsi
2001 666 2088 697 videt
2111 676 2149 697 se
2171 668 2218 698 in-

1249 707 1335 747 genti
1358 705 1444 737 mole
1467 705 1684 737 calamitatum
1708 708 1811 745 obrui,
1835 707 1935 738 deleri
1958 709 2106 749 patriam,
2129 710 2219 740 cives

1250 748 1417 788 dissipari,
1452 747 1574 779 multos
1597 747 1769 780 manifesto
1793 750 1951 781 beneficio
1975 751 2084 781 divino
2107 760 2219 782 serva-

1250 797 1302 821 tos
1325 790 1466 820 deficere
1488 799 1508 820 a
1530 790 1620 827 Deo,
1644 792 1789 831 grassari
1829 792 1911 822 inter
1934 802 1970 822 se
1994 794 2112 824 mutuis
2147 803 2220 824 cae-

1251 833 1358 871 dibus,
1380 838 1549 872 postremo
1575 839 1605 863 et
1629 841 1705 863 sese
1727 834 1873 864 mactari.
1917 833 2008 865 Talia
2030 834 2219 874 spectacula

1252 875 1403 905 Ciceroni
1427 874 1555 905 obiecta
1578 884 1715 915 prorsus
1738 881 1920 906 merserunt
1938 886 2010 906 eum
2022 876 2054 906 in
2066 877 2220 907 tenebras

1252 923 1283 947 et
1304 916 1460 947 infinitam
1484 917 1730 948 dubitationem.
1764 917 1833 949 Nec
1856 923 1965 958 potest
1977 917 2117 949 humana
2128 928 2222 949 mens

1252 960 1323 990 sine
1346 958 1410 989 fide
1433 957 1521 989 aliud
1544 959 1700 1001 cogitare,
1720 969 1816 1000 quam
1839 960 1926 1000 quod
1944 960 2030 1000 apud
2053 960 2223 992 Lucanum

1255 999 1418 1039 [Pharsal.
1442 1000 1481 1038 ll,
1507 1001 1546 1031 12
1569 1004 1635 1042 sq.]
1660 1001 1793 1033 dicitur:

1254 1086 1350 1117 Anne
1372 1084 1452 1116 nihil
1474 1086 1615 1126 positum
1639 1086 1710 1117 est?
1733 1087 1792 1118 sed
1815 1096 1889 1118 sors
1908 1088 2031 1118 incerta
2054 1095 2203 1129 vagatur,

1254 1129 1397 1170 Fertque
1420 1126 1585 1170 refertque
1608 1128 1708 1166 vices,
1732 1135 1762 1159 et
1783 1128 1904 1160 habent
1928 1129 2076 1162 mortalia
2100 1140 2223 1162 casum.

1341 1213 1407 1245 Sed
1441 1212 1523 1244 tales
1557 1213 1776 1244 dubitationes
1812 1214 1887 1245 vicit
1921 1214 2092 1252 Ieremias,
2126 1220 2158 1245 et
2179 1215 2226 1245 in-

1257 1256 1344 1297 genti
1368 1255 1552 1286 constantia
1576 1256 1679 1286 sensit
1701 1265 1738 1286 se
1761 1255 1834 1286 Deo
1857 1255 2000 1295 placere,
2024 1262 2056 1287 et
2076 1256 2140 1287 hac
2161 1255 2226 1287 fide

1255 1298 1344 1338 petiit
1368 1304 1398 1328 et
1422 1298 1605 1337 expectavit
1629 1298 1734 1328 bonos
1758 1304 1894 1328 eventus
1917 1307 1996 1328 suae
2015 1298 2226 1340 gubernatio-

1256 1340 1318 1377 nis,
1337 1340 1391 1379 qui
1414 1345 1487 1379 post
1511 1349 1617 1369 annos
1641 1340 1847 1380 septuaginta
1870 1340 1975 1370 secuti
1997 1345 2082 1371 sunt.

1342 1381 1393 1411 De
1426 1381 1491 1412 hoc
1525 1382 1677 1412 interiore
1711 1380 1800 1412 cultu
1827 1382 1985 1421 praecipit
2007 1381 2157 1412 Christus
2180 1382 2225 1412 in-

1257 1424 1373 1464 quiens
1409 1422 1489 1460 [loh.
1513 1423 1543 1460 4,
1577 1422 1659 1462 23.]:
1704 1423 1783 1453 Veri
1817 1424 2010 1454 adoratores
2043 1424 2228 1454 adorabunt

1257 1465 1389 1496 Patrem
1422 1465 1455 1495 in
1479 1465 1599 1505 Spiritu
1633 1471 1663 1496 et
1683 1465 1837 1502 veritate,
1860 1466 1893 1495 id
1916 1471 1982 1503 est,
2005 1464 2228 1506 spiritualibus

1258 1513 1290 1538 et
1312 1508 1399 1538 veris
1417 1508 1574 1544 motibus,
1608 1507 1739 1544 timore,
1761 1507 1976 1547 poenitentia,
1999 1506 2063 1538 fide
2085 1513 2117 1538 et
2138 1507 2229 1538 invo-

1259 1550 1405 1586 catione,
1439 1555 1471 1580 et
1493 1548 1662 1580 similibus.
1707 1548 1747 1579 Et
1770 1549 1856 1580 hunt·
1882 1548 2004 1581 cultum
2026 1556 2124 1581 vocat
2145 1548 2228 1586 Pau-

1258 1591 1311 1622 lus
1330 1590 1535 1630 rationalem,
1571 1592 1701 1632 λογικὸν,
1732 1590 1904 1630 videlicet,
1925 1591 1958 1622 in
1981 1602 2045 1632 quo
2067 1601 2160 1623 1110115
2182 1592 2229 1622 in-

1260 1633 1378 1676 telligit
1391 1634 1510 1672 Deum,
1535 1635 1687 1676 agnoseit
1707 1635 1789 1664 iram
1812 1633 1887 1673 Dei,
1911 1639 1943 1665 et
1966 1643 2080 1665 rursus
2104 1633 2170 1665 fide
2192 1643 2231 1664 se

1262 1682 1442 1714 sustentat,
1476 1684 1508 1707 et
1542 1677 1671 1718 quidem
1693 1676 1776 1707 fides
1799 1677 1941 1707 intuetur
1963 1674 2063 1707 filium
2084 1675 2164 1712 Dei,
2198 1682 2230 1706 et

1261 1719 1413 1761 agnoscit
1446 1729 1507 1749 nos
1540 1725 1674 1759 propter
1704 1718 1868 1749 Christum
1889 1718 2103 1749 Mediatorem
2130 1718 2231 1758 recipi

1261 1772 1281 1791 a
1303 1760 1386 1791 Deo.
1431 1760 1484 1792 De
1512 1761 1578 1792 hoc
1611 1760 1702 1792 cultu
1725 1761 1877 1791 interiore
1900 1767 1931 1791 01
1953 1760 2077 1791 lesaias
2101 1760 2232 1791 concio-

1261 1810 1354 1834 natur
1377 1810 1495 1834 taxans
1519 1803 1729 1844 hypocritas,
1753 1803 1806 1844 qui
1829 1803 1987 1843 putabant
2010 1801 2132 1833 cultum
2154 1812 2231 1833 esse

1262 1851 1429 1876 externam
1462 1845 1666 1885 disciplinam
1698 1851 1730 1876 et
1764 1845 1965 1877 ceremonias
1998 1843 2119 1885 templi.
2175 1844 2231 1875 Sic

1262 1888 1358 1928 igitur
1377 1888 1494 1928 inquit:
1528 1888 1619 1918 Haec
1643 1888 1719 1919 dicit
1741 1887 1914 1924 Dominus,
1936 1887 1991 1917 Ad
2013 1896 2109 1927 quem
2130 1887 2231 1927 respi-

1263 1930 1365 1961 ciam?
1387 1930 1440 1960 Ad
1463 1928 1622 1962 afflictum
1646 1936 1678 1960 et
1700 1929 1873 1960 contritum
1895 1929 2022 1969 spiritu,
2045 1934 2076 1958 et
2093 1935 2232 1959 tremen-

1262 1978 1326 2003 tem
1361 1982 1530 2003 sermones
1552 1982 1654 2002 meos.
1699 1971 1747 2001 Ita
1765 1977 1796 2001 et
1818 1969 1969 2001 Psalmus
1990 1970 2043 2001 49.
2065 1976 2155 2001 taxat
2177 1981 2231 2001 su—

1262 2015 1488 2055 perstitionem
1511 2020 1716 2045 externomm
1739 2011 1901 2050 cultuum,
1928 2019 1960 2044 et
1992 2012 2120 2054 flagitat:
2154 2013 2232 2085 11111Ῐῖ-

1264 2109 1347 2130 voca
1371 2109 1422 2130 me
1444 2099 1476 2129 in
1499 2099 1549 2129 die
1572 2097 1789 2129 tribulationis
1813 2103 1876 2128 etc.

1349 2140 1440 2172 Haec
1473 2142 1553 2172 satis
1587 2141 1628 2171 sit
1665 2140 1808 2171 breviter
1839 2140 2007 2171 monuisse
2045 2139 2086 2170 de
2130 2139 2234 2180 prima

1265 2183 1473 2224 quaestione,
1507 2190 1539 2214 et
1574 2183 1614 2214 de
1636 2183 1790 2213 interiore
1814 2181 1914 2213 cultu.
1958 2181 2026 2212 13111
2047 2191 2121 2212 00111
2143 2187 2233 2212 tanta

1266 2226 1308 2255 sit
1330 2224 1498 2255 infirmitas
1521 2225 1681 2256 humanae
1703 2225 1830 2262 mentis,
1853 2230 1944 2255 tanta
1966 2224 2134 2262 dubitatio,
2158 2234 2233 2254 01101

1265 2266 1346 2298 11300
1381 2267 1505 2299 infirma
1538 2274 1656 2299 natura
1688 2267 1851 2298 hominum
1881 2273 2017 2298 onerata
2046 2267 2089 2297 sit
2110 2265 2233 2307 ingenti

1265 2308 1350 2340 mole
1374 2309 1606 2348 calamitatum,
1629 2310 1741 2351 quaeri
1763 2320 1838 2340 mox
1861 2308 1957 2346 solet,
1979 2308 2142 2350 quomodo
2157 2317 2234 2348 pos-

1266 2352 1367 2383 simus
1389 2359 1559 2392 praestarc
1582 2362 1680 2384 veros
1703 2350 1819 2384 cultus.

1269 2532 1314 2562 71)
1334 2531 1368 2563 et]
1390 2532 1459 2558 Editt.
1484 2534 1573 2559 1-15,
1591 2533 1627 2559 19.
1646 2540 1676 2559 ar:
