2358 2933
153 139 195 171 21
372 170 376 171 ⁷
562 139 586 168 I.
610 136 711 168 LOCI
734 136 1015 169 THEOLOGICI:
1038 137 1080 168 A.
1104 138 1245 169 PRIMA
1266 137 1421 169 EORUM
1446 136 1752 170 ADUMBRATIO.
2122 139 2163 170 22

310 244 368 264 nus
393 232 465 261 fecit
485 233 647 261 obnoxium
667 232 790 271 insidijs
821 233 973 271 serpentis
1000 235 1030 260 et
1055 232 1179 261 iniuriae
1206 233 1332 271 peccati.
1371 232 1578 271 Consequitur
1606 232 1756 260 hominem
1789 241 1910 270 semper
1934 232 2145 276 essef'ffigmsffq‘·m

310 280 498 316 peccatorem
533 285 653 314 semper
682 285 808 313 peccare
826 275 911 304 Nihil
942 275 1032 313 plane
1058 284 1154 313 posse
1181 276 1249 304 boni
1275 276 1372 305 facere
1398 276 1459 304 Sed
1493 276 1591 304 onmia
1616 284 1692 313 quae
1717 274 1787 303 facit
1813 270 2152 311 quantumuisidnmoss010

310 320 455 357 speciosa
473 318 571 346 facere
590 327 690 346 amore
710 318 768 346 sui.
789 318 817 346 id
833 318 912 356 quod
931 317 1085 355 intelliges
1105 319 1261 347 commode
1281 319 1308 346 si
1322 320 1454 348 internos
1474 318 1602 347 affectus
1623 318 1838 355 introspexeris
1858 317 1925 345 Non
1945 327 2007 355 per-

310 365 418 390 sonata
437 364 560 390 externa
578 370 669 398 opera
687 361 763 389 Nam
784 370 862 399 opus
883 364 1036 389 externum
1057 370 1112 389 nec
1136 362 1245 389 bonum
1266 371 1321 390 nec
1340 362 1449 390 malum
1470 365 1519 390 est
1548 361 1714 390 secundum
1743 370 1817 388 sese
1841 360 1904 389 Sed
1929 361 2007 389 eius-

309 404 389 433 modi
410 404 510 442 qualis
531 407 580 432 est
598 403 726 432 affectus
747 413 784 432 ex
803 413 863 441 quo
883 404 1025 431 nascitur.

464 446 478 460 *
502 447 530 472 In
548 447 633 476 specie
652 447 714 471 nihil
731 445 839 472 Interest
856 447 923 471 inter
941 447 1009 476 pium
1029 448 1054 471 et
1073 447 1185 477 impium.

394 480 471 509 Nam
492 489 558 508 cum
579 480 708 508 humana
727 484 828 509 natura
849 490 975 518 prorsus
998 480 1134 509 damnata
1156 481 1196 509 sit
1216 479 1260 510 Ita
1278 484 1309 509 ut
1328 482 1405 509 bene
1425 481 1504 509 affici
1524 491 1581 510 non
1601 481 1703 519 possit
1716 481 1746 509 fit
1760 485 1792 509 ut
1805 490 1926 520 semper
1939 490 2006 519 pec-

309 528 357 552 cet
374 523 464 552 homo
485 523 653 551 secundum
673 526 805 552 naturam
826 522 969 561 quicquid
989 522 1103 552 fecerit.
1124 524 1220 552 Amas
1240 527 1391 562 parentem
1408 524 1504 552 Anias
1524 524 1650 552 amicum
1662 523 1731 552 Non
1751 533 1834 552 amas
1855 524 1914 552 nisi
1937 524 2006 561 quia

308 567 385 595 hene
404 566 512 594 meruit
529 565 633 594 Minus
653 567 803 594 amaueris
824 566 851 594 si
872 565 1038 595 offenderit.
1071 565 1151 604 (.Ille
1171 576 1252 595 311101
1271 567 1380 595 veriss.
1402 570 1557 604 pec-catuli}
1579 570 1627 595 est
1646 570 1766 604 propter
1777 576 1907 595 amorem
1920 567 2005 603 mei.)

307 607 398 637 quas
423 619 453 636 re
474 609 592 646 inopem
611 617 712 636 amore
730 609 774 637 tui
795 609 882 637 iuuas
903 618 1030 647 sperans
1050 612 1081 637 10.
1100 610 1238 638 vicissim
1268 619 1282 636 a
1304 610 1361 637 (100
1388 609 1565 647 locupletari
1585 611 1607 646 ¹)
1631 608 1678 636 vel
1712 609 1814 637 donari
1840 613 1871 638 vt
1889 613 2004 638 taceam

307 661 395 688 quam
415 661 510 689 saepe
530 650 605 679 haec
626 651 695 679 fiant
715 651 828 689 gloriae
844 649 916 679 Item
945 652 1016 691 alijs
1042 652 1175 681 sordidis
1199 652 1369 680 affectibus.
1416 653 1518 689 Atque
1538 651 1612 680 haec
1639 652 1831 689 quantumuis
1862 653 2006 689 speciosa

306 703 397 732 opera
415 697 487 723 sunt
506 704 574 722 vere
594 697 718 731 peccata
737 704 870 732 vereque
888 694 1035 723 mortalia.

460 753 473 767 *
498 754 640 783 spiritualis
658 761 731 779 amor
749 755 763 779 i.
783 761 804 779 e.
823 755 925 785 5111111115
945 761 1048 785 semper
1066 759 1135 780 amat
1152 758 1300 780 constanter
1318 755 1398 779 eciam
1418 755 1443 779 in
1461 754 1578 779 aduersis
1598 756 1622 778 et
1649 755 1765 779 maximis
1792 754 2004 779 tribulacionibus

511 790 536 812 et
554 794 604 813 non
622 791 726 819 propter
742 795 857 814 amorem
876 790 922 814 sui.
933 790 957 820 2)

389 837 421 868 111
442 839 521 868 1111110
539 839 661 868 modum
680 839 858 879 philosophi
878 841 973 878 gloria
992 841 1111 869 animali
1132 839 1205 869 Item
1232 840 1369 879 plerique
1388 839 1541 878 principes
1564 839 1631 868 Viri
1659 849 1783 876 quorum
1811 838 1929 867 laudata
1958 842 2006 867 est

197 877 219 901 7-
234 876 256 901 b·
304 886 334 911 et
353 882 505 911 celebrata
523 882 619 911 literis
640 884 734 912 virtus
747 884 903 912 Aristides
916 884 1117 913 Atheniensis
1130 883 1287 913 Fabricius
1299 882 1375 911 Cato
1390 883 1507 921 lScipio
1518 884 1545 920 3)
1563 882 1676 911 Nasica
1697 882 1825 910 Romani
1845 892 1913 910 vere
1929 891 2007 909 sem-

303 934 357 963 per
375 929 537 963 peccarunt
556 926 627 963 quia
646 936 748 954 00111111
768 927 893 955 virtutes
914 937 971 955 non
992 927 1110 955 fuerunt
1129 927 1186 955 nisi
1207 926 1321 955 fructus
1343 927 1450 954 carnis.
1496 925 1575 954 Esto
1596 925 1673 953 dona
1692 925 1811 953 fuerunt
1830 925 1910 953 sicut
1929 935 2005 963 opes

304 968 384 996 sicut
403 967 579 1005 eloquentia
598 969 679 997 510111
698 968 792 997 forma
811 969 923 997 Tamen
944 970 1058 998 fructus
1080 971 1177 997 carnis
1198 969 1296 997 fuisse
1315 968 1414 1007 palam
1435 972 1493 997 est.

459 1026 472 1040 '⁸‘
497 1028 565 1052 Sicut
584 1029 654 1053 cibus
680 1031 705 1053 01
730 1030 804 1058 1101115
822 1029 938 1054 remedia
957 1031 1015 1054 sunt
1035 1030 1145 1060 corporis
1165 1030 1250 1054 alendi
1271 1031 1353 1059 011101
1372 1035 1399 1053 50
1419 1035 1503 1059 neque
1522 1029 1581 1053 boni
1600 1034 1683 1058 neque
1704 1027 1765 1052 maii
1786 1028 1811 1052 et
1830 1028 1916 1052 nullus
1931 1034 2005 1058 prae-

509 1062 587 1086 sumit
604 1069 651 1092 per
668 1063 715 1087 ista
736 1063 830 1087 53111311
850 1064 890 1088 Sic
908 1070 997 1088 aurum
1018 1066 1042 1088 et
1061 1066 1197 1093 argentum
1217 1070 1259 1088 105
1278 1063 1374 1088 Mediae
1394 1065 1452 1087 sunt
1472 1061 1596 1093 (1111111154)
1614 1062 1747 1087 rarissime
1767 1062 1832 1086 bene
1852 1064 1957 1087 Vtuntur
1967 1063 2006 1086 Sic

508 1097 593 1121 omnia
613 1097 678 1121 dona
697 1098 805 1122 naturae
823 1099 930 1123 virtutes
950 1099 975 1122 et
993 1099 1077 1123 omnia
1097 1100 1123 1123 et
1140 1099 1225 1123 nuilus
1245 1104 1291 1128 per
1309 1104 1339 1122 ea
1359 1098 1482 1122 saluatur.

388 1147 573 1185 Eloquentia
591 1147 826 1186 Magnanimitas
847 1153 904 1178 etc.
926 1149 1003 1177 dona
1024 1149 1072 1177 dei
1094 1153 1165 1178 sunt
1184 1148 1239 1176 sed
1261 1152 1383 1177 naturae
1404 1148 1483 1177 data.

387 1206 527 1245 Notafl)
547 1208 689 1237 Omnes
710 1208 889 1237 homines
907 1210 933 1246 ¹³)
952 1219 1041 1238 vere
1061 1219 1300 1247 semperque
1320 1211 1557 1246 peccatores
1589 1216 1679 1235 esse
1704 1210 1733 1235 et
1753 1216 1879 1245 peccare
1895 1210 1918 1243 e⁷)
1950 1207 2005 1235 Te-

302 1253 418 1279 stantur
435 1250 572 1289 plerique
591 1251 651 1280 loci
671 1252 761 1290 scrip.
783 1252 943 1281 euidentes
958 1255 996 1289 ⁴¹).
1017 1251 1094 1280 Gen.
1111 1254 1171 1281 610.
1192 1254 1253 1289 [vs.
1266 1254 1326 1289 5.:]
1346 1251 1443 1279 Omne
1463 1250 1647 1279 desiderium
1668 1250 1886 1287 cogitacionum
1906 1250 2005 1278 cordis

301 1292 421 1321 humani
442 1303 550 1322 vanum
570 1298 599 1323 et
619 1305 743 1333 prauum
763 1295 842 1323 omni
862 1299 1006 1334 tempore.
1035 1295 1123 1330 Quae
1143 1295 1293 1324 sententia
1313 1294 1473 1322 manifeste
1492 1296 1621 1322 testatur
1634 1302 1807 1331 peruersam
1821 1296 1851 1321 et
1870 1295 2005 1331 prauam]

300 1339 422 1365 naturae
442 1336 590 1366 humanae
608 1339 842 1377 propensionem
862 1339 900 1367 ad
919 1338 1114 1377 peccandum.
1168 1336 1229 1366 lam
1250 1337 1333 1375 quod
1357 1337 1429 1365 dicit
1450 1336 1547 1365 Omne
1567 1336 1751 1364 desiderium
1772 1336 1851 1363 omni
1871 1339 2006 1374 tempore

299 1389 374 1408 esse
392 1389 500 1408 vanum
530 1381 607 1410 satis
634 1381 766 1410 declarat
792 1391 913 1420 semper
930 1382 1058 1420 peccari.
1075 1386 1099 1418 Θ)
1144 1381 1220 1410 Esa.
1242 1383 1270 1410 9.
1291 1382 1351 1418 [vs.
1376 1382 1456 1418 17.:]
1482 1378 1598 1408 Omnes
1626 1378 1763 1407 homines
1783 1378 1805 1415 s)
1830 1377 2006 1416 hypocritae

299 1426 370 1450 sunt
389 1426 419 1451 et
438 1434 566 1461 nequam
586 1428 615 1453 et
634 1426 807 1453 vniuersum
828 1435 863 1453 os
883 1424 1016 1453 locutum
1037 1428 1085 1452 est
1105 1424 1279 1453 stulticiam.
1339 1428 1364 1459 ἕ)
1384 1422 1458 1451 Ε53.
1481 1424 1531 1451 41.
1552 1424 1613 1459 [vs.
1636 1423 1719 1459 29.:]
1738 1420 1819 1450 Ecce
1839 1431 1945 1449 omnes
1965 1422 2005 1450 in-

299 1465 372 1494 iusti
387 1467 414 1502 h)
434 1469 464 1495 et
482 1476 558 1495 vana
577 1477 668 1506 opera
680 1477 793 1501 eorum,
814 1471 922 1496 ventus
935 1471 965 1496 et
978 1468 1107 1496 inanitas
1117 1467 1321 1496 ordinationes
1342 1465 1362 1503 i)
1382 1475 1494 1494 00111111.
1511 1465 1538 1501 k)
1557 1464 1631 1493 Esa.
1654 1466 1703 1493 53.
1725 1466 1785 1501 [vs.
1808 1466 1869 1502 G.:]
1889 1464 2004 1493 Omnes

299 1518 356 1537 nos
388 1511 477 1547 quasi
502 1520 578 1539 oues
605 1512 788 1545 errauimus,
816 1511 1028 1549 vnusquisque
1056 1511 1085 1538 in
1112 1511 1189 1538 viam
1214 1520 1300 1538 5113111
1328 1508 1501 1537 declinauit.
1518 1508 1542 1545 ¹)
1579 1506 1679 1536 Dauid
1711 1505 1779 1545 [Ps.
1804 1509 1872 1541 116,
1896 1510 1944 1535 11.
1964 1506 2004 1535 al.

193 1551 215 1581 8⁷
229 1557 250 1575 fl·
302 1553 371 1585 115,
394 1554 456 1591 2.:]
477 1552 585 1582 Omnis
611 1554 700 1582 homo
719 1554 903 1591 Mendax.¹¹¹)
927 1551 991 1582 Ioh.
1015 1554 1077 1590 1⁵).
1099 1555 1159 1591 [vs.
1184 1554 1230 1582 12.
1243 1552 1446 1590 :]*Quotquot
1466 1554 1642 1589 receperunt
1661 1560 1728 1579 eum
1754 1549 1838 1579 dedit
1858 1551 1903 1579 eis
1923 1553 2004 1588 pote-

300 1597 409 1622 statem
429 1595 509 1623 111105
529 1595 579 1623 (101
599 1597 660 1624 11011
677 1599 702 1633 ⁶)
722 1597 771 1625 his
787 1599 814 1633 ¹¹)
834 1595 885 1635 qui
905 1596 1029 1625 credunt
1048 1597 1208 1624 innomine
1223 1596 1290 1623 eius
1305 1596 1355 1633 qui
1376 1605 1433 1623 non
1453 1604 1490 1623 ex
1510 1594 1711 1631 sanguinibus
1724 1595 1750 1629 7)
1776 1602 1875 1631 neque
1899 1603 1937 1621 ex
1955 1603 2004 1621 vo-

299 1636 414 1665 luntate
433 1638 530 1665 carnis
544 1640 573 1675 8)
593 1642 650 1667 010.
667 1640 692 1674 0)
713 1639 776 1667 Sed
796 1649 833 1667 ex
851 1639 909 1667 deo
928 1640 988 1667 nati
1009 1642 1089 1666 sunt.
1123 1637 1196 1667 Item
1209 1644 1236 1674 r)
1257 1637 1319 1666 [oh.
1349 1640 1396 1667 15.
1418 1640 1478 1675 [15.
1500 1639 1562 1674 4.:]
1582 1636 1667 1664 Sicut
1686 1636 1803 1674 palmes
1825 1646 1881 1664 non
1902 1639 2004 1674 potest

300 1679 375 1707 serre
395 1679 521 1708 fructum
542 1691 559 1709 a
579 1681 746 1718 semetipso
773 1682 832 1709 nisi
857 1681 1000 1708 manserit
1021 1681 1049 1708 in
1068 1682 1129 1709 vite
1153 1682 1205 1709 Sic
1226 1691 1280 1709 1100
1300 1691 1356 1709 vos
1377 1681 1435 1708 nisi
1467 1681 1494 1708 in
1523 1690 1571 1707 me
1596 1679 1824 1715 1113115011115.«1)
1852 1679 1880 1707 A
1907 1677 2003 1707 Paulo

298 1731 369 1750 vero
391 1723 418 1750 in
440 1722 516 1750 Tota
535 1723 663 1752 Roman.
684 1727 714 1752 et
734 1723 833 1752 Galat.
845 1725 872 1761 ⁹)
909 1723 1052 1761 Epistola
1071 1733 1128 1751 non
1148 1723 1231 1752 aliud
1250 1724 1347 1760 agimr
1373 1724 1431 1751 nisi
1451 1723 1593 1760 probetur
1613 1722 1709 1750 onmia
1734 1721 1887 1750 hominum
1914 1731 2004 1759 opera

299 1768 330 1793 et
349 1764 476 1793 affectus
495 1770 621 1803 peccata
640 1775 724 1794 esse.
771 1765 859 1795 Ideo
881 1766 956 1794 inter
975 1776 1011 1793 se
1031 1770 1181 1804 comparat
1202 1767 1218 1794 ὃ
1239 1775 1314 1803 cap³¹
1336 1766 1473 1803 spiritum
1493 1768 1523 1793 et
1542 1775 1659 1793 carnem
1672 1764 1797 1793 Docens
1817 1774 1933 1792 carnem
1954 1765 2003 1793 ob-

300 1809 417 1836 noxiam
437 1818 511 1837 esse
530 1812 654 1847 peccato
675 1809 818 1846 Spiritum
839 1812 938 1837 autem
957 1809 1070 1836 viuere.
1116 1807 1209 1837 Porro
1230 1806 1357 1836 Carnem
1378 1807 1512 1845 intellige
1537 1817 1595 1835 non
1620 1807 1710 1835 modo
1730 1816 1841 1844 corpus
1867 1810 1918 1835 aut
1943 1817 2003 1835 cor-

299 1852 382 1888 poris
402 1861 492 1890 opera
505 1851 632 1890 (.qualia
644 1855 715 1880 sunt
730 1852 861 1881 ebrietas
874 1851 968 1880 libido
988 1853 1072 1888 etc..)
1093 1852 1150 1879 sed
1169 1855 1301 1880 naturam
1314 1850 1472 1879 humanam
1489 1853 1580 1879 totam
1594 1849 1668 1878 Tam
1687 1850 1814 1878 animam
1834 1859 1923 1887 quam
1943 1859 2002 1878 cor-

996 1955 1113 1980 CODICIS
1132 1955 1313 1980 DIVERSITAS.

371 2006 397 2037 1)
422 2007 575 2038 lucupletari
646 2006 674 2036 2)
702 2004 787 2030 Haec
812 2007 843 2030 in
875 2013 972 2041 mary.
1006 2004 1147 2038 inferiori
1173 2004 1329 2033 habentur,
1356 2003 1407 2028 secl
1437 2006 1505 2028 ante
1531 2005 1558 2029 In
1585 2004 1652 2028 hunc
1687 2004 1790 2029 modum
1826 2009 1916 2028 cruce
1951 2002 2001 2028 ad-

296 2042 399 2074 posita
426 2040 582 2066 indicante
600 2041 633 2065 ni
651 2038 745 2072 fallor
763 2042 796 2064 ut
815 2039 872 2065 Izoc
889 2039 955 2065 loco
975 2041 1215 2073 interponantur.
1274 2040 1302 2068 3)
1328 2039 1406 2064 Catho
1432 2039 1507 2069 Cipio.
1576 2039 1605 2068 4)
1626 2044 1734 2068 quarum
1805 2039 1834 2068 5)
1862 2036 1897 2062 In
1916 2036 2003 2062 liuius

299 2075 353 2109 fol.
374 2078 404 2107 7,
424 2074 450 2099 b.
470 2076 608 2109 maryine
628 2075 772 2099 carreriam·
791 2077 915 2099 eoeeunee
940 2074 1066 2107 desuper
1085 2074 1125 2099 ad
1143 2075 1236 2098 imum
1258 2072 1344 2098 arith.-
1369 2074 1493 2098 Paulus
1520 2073 1557 2097 ad
1583 2073 1754 2098 Romanos.
1824 2073 1854 2103 6)
1878 2070 2003 2096 Brevius

300 2128 416 2160 scripta
437 2129 520 2151 mne.-
539 2128 620 2157 potes.
639 2126 655 2151 fi
675 2126 709 2150 d'i
727 2126 766 2150 fie.
817 2127 845 2156 7)
863 2109 944 2155 exsta}
1015 2127 1043 2156 8)
1062 2132 1100 2151 vo.
1120 2126 1165 2150 ca'.
1224 2126 1252 2154 9)
1271 2125 1443 2149 Romanarum
1463 2127 1489 2149 et
1508 2124 1681 2149 631311131οω-

896 2220 1042 2245 EDITIONIS
1061 2219 1208 2245 PRINCIPIS
1227 2219 1399 2244 DISSENSUS.

370 2280 397 2310 a)
418 2279 492 2309 Nota]
511 2285 568 2302 om.
594 2277 645 2303 sed
663 2278 731 2303 add.
752 2280 770 2304 V
789 2279 834 2310 (in
853 2280 966 2313 marg.)
992 2280 1020 2304 Et
1044 2281 1072 2304 ut
1095 2285 1149 2303 rem
1170 2284 1271 2303 omnem
1297 2279 1367 2303 velut
1394 2279 1419 2303 in
1444 2278 1622 2307 compendium
1649 2283 1748 2307 cogam,
1819 2278 1849 2307 b)
1873 2277 2000 2308 homines]

302 2313 371 2338 add.
391 2320 437 2344 per
456 2314 523 2338 uires
551 2315 658 2338 naturae
729 2314 754 2343 c)
774 2319 831 2338 esse
851 2316 877 2338 et
894 2314 1012 2344 peccare]
1032 2316 1099 2339 sunt.
1118 2315 1144 2338 et
1162 2315 1274 2343 peccant.
1335 2313 1363 2341 d)
1382 2313 1518 2337 Testantur
1586 2312 1739 2343 euidentes]
1759 2319 1818 2335 om.
1881 2312 1907 2342 e)
1929 2312 1998 2341 Quae

301 2349 427 2374 sententia
503 2354 606 2378 semper
623 2348 739 2378 peccari]
759 2348 786 2372 Et
805 2348 912 2378 repetita
932 2350 970 2372 051
1041 2347 1126 2372 stolidi
1145 2348 1282 2377 sophistae.
1306 2344 1369 2370 Via.
1387 2345 1441 2378 fol.
1467 2348 1503 2375 17,
1524 2353 1551 2370 a.
1574 2347 1691 2371 14—24.
1744 2346 1770 2375 f)
1790 2346 1918 2376 homines]
1939 2353 1996 2369 om.

300 2384 330 2413 g)
350 2381 417 2407 add.
438 2383 546 2407 Rursum
617 2382 646 2412 11)
666 2382 762 2412 iniusti]
781 2383 840 2406 uani
910 2383 930 2412 i)
952 2382 1061 2407 inanitas
1086 2381 1271 2411 ordinationes]
1286 2381 1369 2417 vinane
1388 2381 1493 2405 consilia
1565 2381 1594 2409 k)
1614 2379 1682 2404 add.
1707 2381 1800 2405 lterum
1872 2381 1893 2408 l)
1920 2379 1998 2404 decli-

300 2417 391 2447 nauit.]
428 2415 497 2440 add.
524 2418 549 2440 et
575 2416 658 2445 posuit
683 2416 799 2441 dominus
819 2434 824 2439 .
841 2434 845 2439 .
860 2434 866 2439 .
886 2416 994 2446 explicet
1018 2416 1148 2445 mysteria.
1191 2414 1253 2439 Vz‘d.
1272 2413 1326 2446 sol.
1349 2415 1393 2443 17)
1423 2413 1447 2438 b.
1469 2416 1560 2439 6—25.
1631 2416 1670 2443 m)
1698 2415 1778 2439 Dauid
1872 2414 1997 2443 Mendax]

299 2452 352 2476 Iam
372 2454 398 2476 et
416 2451 537 2476 Dauidem
606 2451 741 2474 coherceri.
776 2451 911 2475 Praeterea
952 2449 1014 2474 Vid.
1033 2448 1087 2482 fol.
1110 2451 1148 2479 17,
1170 2448 1196 2473 h.
1217 2451 1256 2474 25.
1276 2463 1308 2465 —
1326 2446 1379 2480 fol.
1404 2450 1441 2475 19.
1461 2457 1487 2473 ιι.
1507 2450 1529 2473 4.
1600 2450 1630 2475 n)
1649 2448 1700 2479 his]
1719 2449 1748 2473 iis
1819 2450 1846 2477 ο)
1871 2448 1932 2477 010.]
1951 2454 1996 2472 110-

301 2491 349 2516 que
368 2492 400 2510 ex
418 2486 549 2510 uoluntate
567 2485 623 2514 uiri,
658 2485 686 2514 p)
705 2484 779 2514 110111]
798 2491 855 2508 om.
876 2483 926 2509 sed
946 2483 1014 2509 add.
1034 2485 1109 2510 Vides
1123 2484 1238 2509 damnari
1314 2484 1468 2511 obseruabit,
1494 2481 1555 2507 Vid.
1571 2480 1626 2514 fol.
1649 2484 1687 2512 19,
1701 2490 1729 2506 α.
1749 2483 1841 2507 9-13.
1878 2483 1906 2512 q)
1925 2487 1996 2506 man-

302 2520 408 2550 seritis]
445 2518 514 2543 add.
535 2519 619 2544 Obiter
642 2518 781 2543 incidit...
806 2519 1031 2544 hallucinarentur.
1092 2516 1155 2542 Vid.
1174 2516 1228 2550 fol-
1251 2519 1289 2545 19,
1309 2524 1337 2541 a.
1360 2519 1398 2542 17.
1418 2531 1451 2534 —
1467 2515 1521 2549 fol.
1544 2518 1588 2545 19,
1615 2516 1641 2541 b.
1663 2518 1702 2541 22.
1721 2531 1754 2534 —
1773 2514 1861 2548 Seqq.
1881 2517 1900 2541 A
1918 2515 1997 2540 Paulo

301 2560 362 2579 vero
432 2555 499 2579 Haec
518 2553 549 2578 de
567 2553 631 2578 libe:
650 2553 720 2578 Arbi:
739 2554 777 2583 (9,
796 2560 824 2576 α.
841 2552 909 2584 fin.)
925 2559 1075 2585 perquam
1100 2554 1217 2577 mutata
1237 2550 1396 2583 multisque
1420 2553 1512 2576 aucta
1532 2553 1609 2575 sunt.
1640 2549 1702 2574 Vid.
1726 2548 1780 2582 fol.
1803 2551 1842 2580 19,
1856 2548 1882 2573 b.
1903 2551 1944 2575 ⁴23.
1964 2563 1996 2566 —-

299 2587 353 2621 fol.
374 2590 414 2618 32,
434 2596 462 2612 a.
485 2589 523 2613 13.
560 2588 624 2618 (Iam
644 2588 737 2612 Paulus
755 2588 781 2612 in
799 2588 916 2612 omnibus
936 2604 1048 2610 ......
1068 2593 1115 2612 5110
1135 2587 1255 2617 cuiusque
1275 2586 1395 2616 spiritui.)

1795 2634 1826 2659 2*
