2358 2933
230 118 290 149 467

508 208 565 238 DE
599 207 919 237 SAt‘RleENTIS.

317 282 512 322 Plerumque
545 283 664 312 addidit
699 281 789 311 Deus
824 282 1096 321 promissionibus
1130 284 1199 313 suis

231 332 382 354 externas
410 324 567 363 quasdam
596 331 689 352 notas
718 324 885 353 subiectas
915 325 1083 361 sensibus,
1115 335 1199 364 quae

230 366 377 395 homines
408 366 634 395 admonerent.
664 372 692 394 et
719 373 953 395 consonarent
978 377 1016 395 ac
1040 377 1199 407 proroga-

229 415 297 437 rent
325 407 509 439 memorjam
534 407 625 435 verbi
649 407 689 435 ad
714 417 840 437 omnem
859 408 1094 447 posteritatem.
1134 408 1202 438 Fir-

230 450 311 478 mius
343 449 424 477 euim
456 449 548 477 durau
580 458 687 477 rerum
719 450 890 485 memoria,
918 460 1001 489 quas
1025 449 1111 480 oculi
1135 461 1188 480 ac-

230 491 347 529 cipiunt
369 490 611 519 canunt-udatus
643 491 741 519 certis
771 492 980 528 ceremoniis,
1012 491 1101 522 velut
1128 503 1201 532 spe-

230 531 376 562 ctaculis.
423 531 467 561 lta
495 532 699 561 circumcisio
726 530 781 562 suit
807 534 939 563 mirifica
967 534 1127 573 quaedam
1151 546 1200 564 ce-

230 574 389 603 remonia.
418 580 450 602 ut
481 573 679 613 signiticaret
710 576 958 613 promissionem
989 576 1138 613 seminis,
1170 582 1201 606 ct

229 616 415 645 memoriam
451 614 545 644 huius
575 617 800 654 promissionis
830 618 871 646 ad
901 623 1053 657 posteros
1084 628 1200 658 propa-

229 663 331 697 garet.
378 656 489 690 Quare
511 657 774 697 quandocunque
797 659 837 688 de
860 660 1075 689 sacramentis
1099 659 1201 699 loqui-

228 708 315 731 mur,
340 708 404 727 non
429 705 551 728 tautum
575 701 759 729 ceremonia
783 701 1025 731 consideranda
1046 707 1112 738 est,
1141 702 1201 731 sed

229 741 335 769 statim
367 740 472 769 animo
503 742 696 779 requirenda
732 743 924 781 promissio,
960 744 1052 773 cuius
1081 754 1201 774 caussa

228 783 357 822 signum
377 782 555 811 institutum
575 789 634 811 est.
670 782 727 812 Est
753 784 837 813 enim
862 785 992 823 proprie
1015 795 1200 814 sacramen-

229 830 295 853 tum
318 824 445 863 signum
470 824 596 853 divinae
619 825 846 863 promissionis
869 836 889 855 a
911 826 984 856 Deo
1008 827 1199 857 institutum.

229 864 370 904 ldeoque
398 865 526 894 duabus
549 866 647 895 rebus
671 872 818 903 constat,
847 866 1009 897 elemento
1033 874 1063 898 et
1086 870 1200 905 verbo,

228 911 260 936 ut
294 913 380 936 extet
414 907 569 936 memoria
603 909 838 945 promissionis.
891 909 931 939 Et
959 916 990 940 ut
1021 915 1087 940 tota
1116 911 1199 940 ratio

227 949 422 978 sacramenti
445 949 476 978 in
500 958 621 989 genere
645 949 760 980 melius
783 950 917 991 intelligi
937 954 1052 992 possit,
1077 953 1117 983 ‹le
1136 962 1199 983 usu

227 997 257 1021 et
281 990 345 1022 tine
367 991 521 1020 dicemus.

312 1033 455 1063 Primum
494 1033 589 1073 igitur
622 1033 891 1074 reprehendenda
925 1042 974 1066 est
1009 1035 1199 1066 Pharisaica

228 1089 259 1111 et
281 1077 471 1119 prodigiosa
494 1076 602 1115 opinio
625 1075 923 1115 scholasticorum,
957 1079 1010 1117 qui
1036 1078 1199 1108 finxerunt

228 1122 375 1150 nomines
409 1124 536 1147 utentes
566 1119 780 1148 sacramentis
810 1119 894 1149 Novi
923 1119 1122 1150 Testamenti
1157 1129 1197 1150 ex

228 1169 328 1200 opere
356 1164 490 1199 operato
520 1160 623 1189 iustos
653 1160 739 1197 ficri,
775 1167 805 1190 et
829 1162 959 1201 quidem
982 1162 1105 1192 addunt
1127 1163 1198 1191 sine

228 1203 313 1232 bono
348 1208 436 1233 motu
469 1203 637 1232 utentium.
690 1202 780 1232 Haec
809 1202 998 1234 Pharisaica
1025 1204 1197 1244 persuasio

227 1242 431 1283 explodenda
461 1250 510 1274 est
541 1254 580 1273 ex
603 1242 771 1274 Ecclesia.
802 1246 931 1286 proprie
964 1247 1047 1276 enim
1075 1253 1197 1286 pugnat

227 1295 299 1315 cum
327 1286 446 1315 iustitia
476 1286 566 1321 fidei,
595 1287 738 1316 sentiunt
767 1288 851 1317 enim
874 1287 1037 1318 hominem
1060 1288 1128 1318 fieri
1153 1289 1198 1318 iu-

226 1333 312 1357 stum
342 1333 477 1367 propter
498 1326 585 1357 illius
609 1329 814 1359 ceremoniae
836 1340 948 1367 usum,
983 1331 1108 1360 etiamsi
1132 1339 1197 1359 non

226 1369 348 1398 eredat.
384 1369 450 1399 lmo
473 1371 500 1399 si
525 1368 648 1399 nullum
674 1371 792 1400 bonum
814 1378 937 1402 motum
956 1373 1065 1403 cordis
1088 1372 1198 1407 addat,

225 1411 322 1440 modo
352 1417 386 1440 ut
414 1421 478 1441 non
510 1419 607 1452 ponat
641 1413 784 1450 obicem,
813 1419 860 1443 hoc
885 1420 932 1447 est,
945 1418 980 1447 76)
1009 1424 1051 1444 ne
1078 1414 1197 1444 habeat

223 1454 352 1485 actuale
385 1456 587 1494 propositum
619 1455 746 1495 peccati
779 1454 935 1485 mortalis.
982 1460 1016 1489 ⁷⁷)
1035 1462 1199 1484 Sacramenta

225 1498 351 1527 proposita
371 1500 437 1522 sunt.
456 1501 482 1522 ut
502 1499 566 1522 Deus
585 1503 630 1526 per
643 1504 673 1521 ea
684 1500 792 1525 moveat,
805 1498 924 1526 stcutper
934 1497 1047 1521 verbum.
1077 1497 1158 1526 Quare
1174 1497 1196 1520 in

224 1531 317 1555 adultis
336 1532 438 1555 excitari
457 1531 520 1555 tides
540 1531 628 1556 debet:
649 1532 716 1555 iuxta
735 1531 796 1556 illud
816 1532 919 1561 [ltabac.
937 1532 959 1559 2,
979 1530 1026 1560 4.]:
1047 1531 1128 1555 lustus
1147 1530 1196 1554 tide

224 1571 271 1589 sua
291 1565 364 1589 rivet.
401 1565 516 1588 Ceterum
546 1565 569 1588 in
588 1564 725 1589 infantibus
744 1565 797 1594 agit
823 1566 888 1590 Deus
915 1570 961 1589 suo
987 1564 1094 1594 quodam
1114 1564 1197 1588 modo.

224 1598 336 1622 adhibito
355 1599 436 1626 sit-vno.
456 1602 481 1622 ut
501 1597 565 1622 inst-a
586 1598 688 1623 d‘wetur.

309 1630 335 1660 E
359 1631 492 1671 regione
515 1636 589 1661 sunt
613 1630 666 1661 alii
691 1631 819 1671 quidam
844 1629 919 1661 belli
945 1630 1110 1667 homine-5,
1142 1630 1197 1670 qui

224 1683 296 1703 cum
326 1672 425 1702 velint
457 1672 557 1702 videri
588 1672 726 1703 civiliter
751 1673 957 1712 interpretari
979 1673 1196 1709 ceremonias,

224 1718 331 1747 dicunt
343 1725 350 1744 :
365 1714 577 1744 Sacramenta
590 1726 653 1745 non
664 1725 737 1745 esse
749 1716 843 1755 signa
856 1713 1032 1745 voluntatis
1041 1713 1103 1744 Dei
1117 1724 1197 1754 erga

225 1769 302 1795 nOS,
336 1758 397 1787 sed
423 1763 546 1788 tantum
575 1764 670 1787 notas
695 1762 828 1787 nostrae
850 1755 1086 1796 professionis;
1121 1757 1196 1796 quia

224 1806 373 1840 oporteat
403 1806 513 1829 extare
544 1806 655 1836 notas,
686 1800 803 1839 quibus
834 1800 1057 1829 discernantur
1081 1809 1100 1828 a
1123 1797 1195 1827 reli-

224 1843 296 1884 quis
324 1843 487 1881 gentibus,
533 1842 624 1872 Sicut
646 1841 813 1872 Romanos
843 1847 917 1879 toga
946 1841 1155 1870 discernebat
1177 1850 1196 1869 a

225 1885 380 1917 Graeci-‘53
409 1889 462 1914 aut
495 1884 577 1913 sicut
607 1883 710 1914 forma
740 1884 878 1913 vestitus
908 1882 1063 1912 discernit
1086 1892 1196 1912 mona-

226 1927 318 1957 chos.
364 1925 431 1955 Sed
459 1925 541 1955 hacc
572 1925 674 1956 civilis
706 1926 927 1965 interpretatio
952 1935 1016 1954 non
1040 1925 1120 1955 satis
1144 1934 1196 1954 ex-

225 1968 323 2009 plicat
346 1978 441 1999 usum
465 1968 761 1998 Sacramentorum.
800 1967 869 1997 Etsi
893 1967 977 1997 enim
1001 1972 1076 1997 sunt
1099 1972 1196 1996 notae

225 2010 441 2051 professionis
469 2016 500 2040 et
527 2011 621 2051 signa
646 2009 879 2046 confessionis,
913 2015 1020 2039 tamen
1048 2008 1102 2039 hic
1131 2018 1195 2038 non

226 2060 275 2084 est
304 2051 490 2093 principalis
521 2052 610 2089 finis,
641 2062 701 2082 net·
725 2053 814 2082 iuvat
837 2051 1080 2081 conscientiam.
1126 2051 1195 2080 Nos

225 2101 331 2125 autem
355 2093 566 2135 principalem
589 2094 695 2131 finem,
719 2100 749 2124 et
773 2094 826 2134 qui
850 2093 1059 2124 conscientiis
1082 2093 1197 2133 prosit,

227 2138 422 2176 quaerimus.

310 2180 418 2210 Tertia
442 2186 491 2209 est
516 2179 624 2219 opinio
648 2179 952 2218 Anabaptistarum:
985 2178 1197 2207 Sacramenta

227 2233 301 2254 esse
331 2221 506 2261 allegorias
531 2221 687 2261 quasdam
712 2221 872 2250 bonorum
897 2230 1049 2260 operum;
1079 2224 1113 2249 ut
1137 2219 1196 2249 cir-

227 2265 461 2296 cumcisionem
480 2264 731 2302 interpretantur
751 2264 879 2303 signum
898 2262 1001 2292 fuisse
1021 2260 1196 2292 cohercen-

228 2308 341 2337 darum
366 2305 591 2345 cupiditatmn3
626 2305 827 2344 Baptismum
850 2306 979 2345 signum
1002 2314 1077 2334 esse
1106 2303 1196 2333 adfli-

228 2441 273 2469 76)
300 2440 345 2463 hoc
365 2442 404 2462 est
423 2436 534 2461 addunt
555 2438 624 2462 mitt.
646 2439 667 2461 7.
687 2440 710 2461 8.
735 2440 838 2461 11—14.
859 2441 884 2463 et
903 2439 962 2467 sspp.

229 2491 273 2517 77)
301 2487 405 2543 ⁸317in
423 2489 586 2511 Sacramenta
607 2501 637 2504 —
663 2491 687 2512 ut
708 2488 771 2512 insta
791 2488 893 2512 dicetur.
914 2486 1026 2511 addunt
1045 2486 1114 2511 Editt.
1134 2486 1154 2510 7.
1174 2487 1196 2509 8.

299 2524 366 2544 ιιᾹ
408 2539 413 2543 .
435 2524 459 2544 et
479 2524 538 2550 opp.

861 116 970 147 PlllL.
995 115 1095 145 MEL.
1115 115 1301 147 SCRtPTA
1318 115 1593 147 DoGMAthA.

2158 119 2222 152 468

1225 229 1227 243 2
1248 209 1408 245 edanum,
1442 209 1529 249 quod
1553 214 1702 247 oporteat
1726 208 1933 238 Christianos
1957 209 2066 240 subire
2089 210 2220 249 fluctus,

1225 249 1278 279 1et
1309 250 1455 289 pericula
1487 251 1590 280 onmis
1620 251 1753 289 generis
1782 249 1946 290 perferre,
1981 252 2065 282 sicut
2095 253 2219 283 immer-

1247 298 1367 332 guntur
1397 293 1506 332 aquis:
1538 292 1583 322 lta
1618 302 1754 322 coenant
1782 292 1913 323 Domini
1944 292 2066 324 faciunt
2095 300 2219 326 tantum

1246 341 1372 370 quandam
1386 340 1419 368 ⁷³)
1433 341 1563 364 mutuae
1577 333 1826 364 benevolentiae
1838 336 2123 375 signilicafionemz
2144 338 2220 376 quia

1245 377 1412 416 symposia
1442 377 1528 415 apud
1564 386 1678 406 (nunes
1712 382 1828 415 gentes
1861 378 1926 407 sint
1959 378 2055 417 signa
2088 384 2219 409 mutuae

1246 417 1503 448 benevolentiae.
1533 418 1727 458 Quanquam
1745 424 1854 448 autem
1877 418 1939 448 hae
1960 419 2139 459 allegoriae
2163 421 2218 451 bo—

1246 470 1359 490 norum
1391 470 1525 500 operum
1549 470 1614 489 non
1639 467 1715 491 suut
1738 461 1916 498 absurdae,
1945 466 2051 491 tamen
2074 462 2218 493 nondum

1244 502 1284 531 de
1314 501 1484 541 principali
1513 512 1575 532 usu
1609 508 1638 532 et
1676 502 1738 532 tine
1767 501 1954 542 loquuntur.
2007 503 2219 534 Sacramenta

1245 545 1329 574 enim
1353 550 1427 574 sunt
1452 545 1563 583 signa.
1591 554 1653 574 non
1678 550 1800 575 tantum
1825 545 1971 574 caritatis
1994 549 2049 575 aut
2072 555 2217 584 operum,

1244 586 1303 615 sed
1322 584 1544 625 principaliter
1567 586 1652 623 fidei,
1676 587 1751 616 item
1769 585 1948 616 voluntatis
1966 586 2029 617 Dei
2047 596 2128 627 erga
2144 595 2216 618 nos.

1245 626 1457 668 Evangelimu
1482 628 1564 657 euim
1588 638 1653 657 non
1677 634 1800 658 tantum
1818 629 2033 659 concionatur
2053 629 2094 658 de
2112 629 2217 668 operi-

1246 671 1321 706 bus,
1349 670 1408 699 sed
1438 670 1612 708 praecipue
1645 670 1685 700 de
1716 669 1883 700 voluntate
1909 670 1968 700 Dei
1998 680 2079 711 erga
2100 680 2162 701 nos
2185 676 2217 701 et

1245 711 1284 741 de
1316 711 1388 741 tide.
1434 711 1477 740 At
1508 710 1554 740 illi
1585 712 1680 751 signa
1704 711 1872 752 Evangelii
1903 718 2025 742 tantum
2055 712 2096 742 ad
2119 722 2216 742 unam

1244 758 1385 792 partem,
1409 751 1561 782 videlicet
1586 754 1626 782 ad
1651 763 1762 792 opera,
1786 754 2047 784 accommodant.

1331 794 1453 828 Quarta
1472 800 1523 824 est
1535 796 1579 832 79)
1604 795 1702 834 igitur
1718 805 1796 825 vera
1811 797 1984 832 sententia,
2003 795 2090 835 quod
2107 804 2216 825 sacra-

1244 842 1352 866 menta
1366 836 1449 866 Novi
1461 835 1661 866 Testamenti
1680 835 1899 876 principaliter
1912 838 2059 867 instituta
2077 838 2158 874 sint,
2181 844 2216 867 ut

1243 879 1305 907 sint
1326 878 1419 917 signa
1438 876 1614 908 voluntatis
1627 877 1689 908 Dei
1702 888 1782 919 erga
1795 888 1867 915 nos,
1885 879 2082 909 incurrentia
2094 879 2126 909 in
2139 888 2215 909 ocu-

1243 918 1311 956 los,
1336 926 1369 949 ut
1389 929 1450 949 nos
1467 920 1679 957 admoneant,
1707 926 1742 950 ut
1766 921 1938 950 credamus
1957 920 2165 959 promissioni
2183 920 2215 951 in

1242 960 1422 1002 Evangelio
1440 962 1640 1000 propositae.
1669 961 1716 991 lta
1733 962 1957 1001 coniungimus
1971 962 2215 992 Sacramentum

1242 1009 1273 1033 et
1295 1003 1556 1043 promissionem.
1599 1004 1691 1034 Sicut
1713 1009 1821 1033 autem
1844 1004 2017 1042 promissio
2041 1002 2106 1033 fide
2129 1003 2215 1034 acci-

1242 1046 1360 1084 pienda
1386 1051 1447 1081 est,
1470 1045 1514 1075 ita
1538 1051 1570 1075 et
1588 1046 1619 1074 in
1636 1055 1699 1076 usu
1719 1045 2005 1075 Sacramentorum
2021 1045 2104 1075 fides
2123 1055 2215 1075 acce-

1242 1088 1319 1117 dere
1332 1087 1440 1123 debet‚
1460 1097 1544 1126 quae
1561 1093 1683 1117 statuat
1695 1088 1791 1117 nobis
1804 1097 1843 1117 ea
1859 1089 1991 1119 vet-‹¹1³⁰›
2011 1087 2213 1127 contingere,

1242 1138 1326 1169 quae
1344 1129 1376 1158 in
1393 1128 1614 1168 promissione
1626 1135 1864 1168 proponuntur.
1899 1128 1960 1158 Hic
1978 1138 2060 1158 usus
2079 1129 2215 1168 prodest

1243 1171 1454 1201 conscientiis
1484 1171 1658 1211 agentibus
1689 1181 1763 1201 cum
1785 1170 1868 1200 Deo.
1914 1168 2036 1200 Paulus
2061 1170 2146 1200 enim
2167 1171 2214 1200 in-

1243 1213 1310 1252 quit
1340 1211 1447 1250 [Rom.
1467 1213 1498 1249 4,
1520 1212 1604 1250 ll.],
1634 1213 1913 1242 circumcisionem
1941 1211 2048 1242 fuisse
2073 1210 2216 1253 sigillum

1242 1255 1387 1285 iustitiae
1411 1254 1501 1291 fidei,
1531 1254 1596 1285 hoc
1620 1260 1686 1291 est,
1716 1255 1900 1284 testimonia
1923 1254 2082 1293 quaedam
2105 1254 2215 1284 addita

1241 1297 1535 1335 promissionibus,
1564 1297 1605 1326 ad
1628 1296 1711 1333 hoc,
1734 1302 1769 1326 ut
1793 1305 1854 1325 nos
1879 1296 1999 1325 certius
2023 1296 2215 1332 credamus3

1242 1340 1336 1376 item,
1359 1344 1393 1368 ut
1417 1339 1547 1378 proprie
1570 1339 1665 1368 nobis
1689 1337 1847 1377 applicari
1871 1338 2000 1367 divinas
2023 1337 2214 1377 promissio·

1241 1390 1300 1411 nes
1324 1381 1514 1417 sentiamus,
1538 1391 1611 1410 eum
1632 1380 1778 1410 videmus
1801 1379 2052 1419 promissionem
2064 1378 2126 1409 Dei
2147 1378 2214 1410 vel-

1241 1427 1276 1452 ut
1299 1423 1455 1462 scriptam
1484 1431 1560 1452 esse
1590 1423 1621 1452 in
1645 1422 1769 1452 nostris
1791 1422 1986 1461 corporibus
2005 1421 2215 1452 immersione

1241 1465 1305 1495 ista
1327 1465 1359 1494 in
1383 1474 1499 1504 aquam
1523 1470 1578 1494 aut
1602 1464 1785 1504 sumptione
1808 1463 1956 1503 corporis
1980 1462 2120 1493 Domini.

1329 1505 1589 1546 Augustinusffl)
1613 1511 1688 1545 apte
1713 1504 1838 1536 confert
1867 1506 2115 1536 Sacramentum
2140 1515 2214 1536 cum

1241 1549 1354 1585 verbo,
1375 1558 1448 1578 eum
1468 1549 1529 1578 ait:
1553 1548 1801 1578 Sacramentum
1824 1557 1900 1578 esse
1913 1547 1960 1585 ⁸2)
1984 1547 2119 1577 verbum
2136 1547 2214 1577 visi-

1242 1589 1321 1624 bile3
1356 1589 1420 1620 hoc
1455 1595 1520 1619 est:
1555 1589 1647 1620 Sicut
1682 1590 1817 1620 verbum
1851 1594 1930 1619 nota
1963 1589 2122 1628 quaedam
2151 1593 2213 1625 est,

1241 1641 1325 1672 quae
1354 1632 1488 1662 auribus
1523 1631 1698 1671 accipitur,
1728 1632 1772 1661 ita
1795 1631 2044 1662 Sacramentum
2067 1635 2118 1661 est
2139 1639 2213 1670 spe-

1242 1672 1405 1704 ctaculum
1423 1683 1482 1703 seu
1500 1674 1636 1713 pictura,
1656 1683 1740 1713 quae
1757 1673 1892 1703 incurrit
1909 1673 1941 1702 in
1958 1671 2085 1704 oculos.
2120 1671 2213 1702 Sicut

1240 1717 1340 1757 igitur
1363 1716 1499 1745 verbum
1530 1721 1607 1745 nota
1635 1721 1686 1745 est
1715 1715 1905 1755 significans
1935 1713 2057 1755 aliquid
2085 1714 2126 1744 de
2155 1723 2212 1744 vo-

1239 1757 1364 1787 luntate
1399 1756 1478 1793 Dei,
1514 1762 1544 1787 et
1578 1758 1663 1787 sicut
1693 1758 1794 1787 verbo
1825 1756 2078 1797 apprehenditur
2107 1755 2212 1793 Deus,

1241 1810 1314 1830 cum
1345 1798 1525 1836 credimus,
1555 1799 1604 1830 sic
1639 1806 1669 1829 et
1700 1798 1956 1839 apprehenditur
1985 1798 2212 1837 Sacramento,

1240 1852 1314 1872 cum
1338 1841 1511 1871 credimus.
1547 1841 1657 1875 Quare
1679 1843 1764 1871 sicut
1786 1842 1922 1871 verbum
1947 1846 1997 1870 est
2018 1840 2212 1870 instrumen-

1239 1890 1323 1920 tum,
1354 1893 1412 1923 per
1435 1884 1522 1923 quod
1546 1884 1687 1923 Spiritus
1711 1889 1847 1913 sanetus
1876 1881 1997 1913 efficax
2026 1887 2092 1917 est3
2125 1882 2211 1912 sicut

1239 1925 1362 1955 Paulus
1387 1925 1490 1965 inquit
1515 1924 1619 1961 [Rom.
1637 1925 1665 1961 l,
1686 1925 1764 1963 16.]:
1787 1923 2002 1965 Evangelium
2025 1929 2076 1953 est
2098 1929 2210 1963 poten-

1239 1969 1283 1997 tia
1306 1967 1367 1998 Dei
1398 1967 1439 1997 ad
1468 1966 1606 1997 salutem
1629 1967 1714 1997 omni
1739 1967 1899 2001 credenti3
1929 1967 2005 1996 item
2028 1964 2134 2002 [Rom.
2160 1964 2210 2003 10,

1242 2010 1321 2048 17.]:
1354 2009 1434 2038 fides
1462 2019 1501 2039 ex
1524 2009 1640 2039 auditu
1664 2015 1713 2038 est
1739 2014 1819 2043 etc.;
1849 2008 1893 2038 ita
1917 2018 1975 2047 per
1997 2007 2210 2037 Sacramenta

1241 2052 1381 2091 Spiritus
1406 2057 1540 2081 sanctus
1564 2056 1614 2079 est
1638 2048 1772 2086 efficax,
1801 2060 1873 2080 cum
1896 2048 2047 2079 videlieet
2070 2048 2134 2079 fide
2155 2059 2210 2079 ac-

1241 2094 1418 2133 cipiuntur3
1443 2093 1615 2122 admonent
1641 2093 1723 2122 enim
1748 2098 1780 2121 et
1796 2098 1927 2122 movent
1943 2092 1985 2121 ad
2002 2091 2210 2128 credendum,

1241 2137 1325 2166 sicut
1362 2136 1505 2165 verbum.
1560 2134 1607 2164 Ex
1643 2134 1694 2164 his
1730 2134 1864 2164 iudicari
1897 2138 2020 2173 potest,
2061 2133 2133 2173 quis
2168 2133 2211 2162 sit

1240 2175 1427 2217 principalis
1458 2187 1538 2207 usus
1569 2186 1608 2206 ac
1639 2176 1712 2206 finis
1736 2176 2040 2212 sacramentorum,
2069 2181 2102 2205 et
2131 2184 2210 2215 quo·

1311 2288 1437 2318 quandam
1458 2285 1571 2309 addunt
1591 2286 1660 2310 Editt-
1680 2287 1702 2310 7.
1721 2287 1743 2310 8.
1766 2286 1869 2310 11—14.
1888 2287 1913 2309 et
1932 2285 1990 2314 opp.

1311 2338 1402 2367 Quarta
1428 2337 1478 2366 est]
1505 2337 1540 2361 si<-
1565 2336 1635 2361 Editt.
1662 2338 1681 2361 1.
1701 2338 1724 2361 4.
1742 2337 1763 2361 5.
1783 2337 1822 2365 9.;
1849 2335 1921 2360 Editt.
1947 2336 1968 2359 2.
1988 2335 2071 2359 5—8.
2093 2334 2209 2359 11—14.

1310 2374 1333 2395 et
1354 2372 1423 2400 opp:
1444 2372 1544 2399 Quarto,
1565 2373 1603 2394 est

1312 2421 1381 2450 vera!
1401 2421 1471 2444 Editt.
1491 2421 1512 2444 8.
1536 2421 1639 2444 11—14.
1659 2422 1684 2444 et
1703 2420 1772 2449 Opim:
1792 2425 1850 2442 vere

1311 2471 1440 2497 Augustin.
1463 2470 1495 2494 ad
1514 2470 1685 2494 Marcellinum
1705 2476 1743 2499 ep.
1762 2470 1784 2492 5.

1311 2519 1382 2548 esse]
1402 2519 1441 2542 Ed.
1464 2520 1499 2542 tt.
1519 2521 1544 2542 et
1562 2520 1632 2547 Onu:
1651 2522 1690 2543 est

1240 2290 1285 2317 7⁸)

1240 2340 1285 2369 79)

1241 2423 1286 2449 80)

1241 2471 1287 2498 81)

1241 2520 1286 2547 82)
