2358 2933
76 99 139 132 641

79 194 216 230 sionem,
249 191 277 221 si
310 189 493 222 fascinatae
515 189 686 230 Epicureis
709 195 764 220 aut
787 189 909 220 Stoicis
930 189 1055 228 opinio-

78 236 175 266 nibus
198 235 349 270 sentiant,
373 238 428 263 aut
451 243 532 263 casu
556 233 664 262 onmia
686 230 774 269 ferri,
789 233 836 271 ⁸⁶)
869 237 925 262 aut
948 231 1054 262 Deum

79 287 144 309 non
178 276 340 308 moderari
374 276 540 306 secundas
572 284 722 305 caussas.
768 274 834 304 lmo
862 274 936 304 ideo
961 274 1056 314 eripit

79 321 173 351 Deus
202 318 316 360 fruges
346 317 551 354 hominibus,
586 318 660 357 quia
687 322 802 357 putant
833 326 890 346 eas
917 315 1054 346 naturali

79 362 221 404 quadam
244 362 275 392 vi
300 361 404 397 nasci,
428 361 552 391 etiamsi
565 359 659 390 Deus
684 369 741 390 eas
763 369 829 389 non
854 357 976 395 foveat,
995 368 1056 388 nec

81 409 274 436 reverenter
302 408 436 434 utuntur
459 404 535 433 dato
558 411 710 439 munere,
743 411 805 431 nec
828 401 941 431 timent
966 401 1056 431 dato-

78 457 158 485 rem,
181 451 217 476 ut
238 451 349 476 monet
373 445 482 476 Oseae
506 445 645 481 dictum,
669 444 757 484 quod
781 449 881 484 supra
905 444 1012 473 citavi.

164 488 261 519 Mens
293 488 436 519 humana
470 488 677 518 convincitur
710 486 1056 523 demonstrationibus,

77 537 114 562 ut
147 530 289 562 fateatur
322 530 409 561 hunc
443 530 597 561 mundum
630 538 649 558 a
672 528 746 559 Deo
781 529 947 558 conditum
970 538 1055 558 esse.

79 574 147 605 Sed
170 573 275 604 Deum
299 574 418 604 adesse
439 573 699 608 moderatorem,
723 572 786 602 etsi
809 570 904 601 huius
928 576 1057 601 senten-

79 617 144 647 tiae
177 617 273 647 etiam
307 615 467 656 quaedam
495 614 595 645 habet
623 620 833 654 argumenta,
866 619 902 644 ut
930 623 1056 654 poenas

78 659 238 690 atrocium
262 657 437 694 scelerum,
460 663 567 687 tamen
591 656 656 687 hoc
679 657 853 687 obscurius
877 662 936 687 651.
973 655 1057 691 Quia

81 702 181 742 igitur
215 699 381 731 difficilior
415 706 466 730 est
500 699 665 737 assensio,
710 699 828 730 divinis
862 699 1055 729 testimoniis

78 743 163 774 fides
195 743 228 773 in
262 743 378 773 animis
411 742 585 772 excitanda
614 748 645 772 et
674 741 900 772 confirmanda
922 747 988 778 est,
1022 747 1057 771 ut

78 785 185 816 Deum
209 786 366 816 invocare
389 790 422 815 et
443 785 531 815 serio
560 785 601 815 ab
625 795 664 815 eo
688 790 801 825 petere
825 790 856 814 et
880 790 1056 824 expectare

78 829 167 858 bona
178 829 355 867 possimus,
368 833 403 858 ut
411 827 623 868 praecipitffl)
634 827 703 865 [Ps.
713 827 765 864 49,
776 827 855 865 154:
868 826 991 857 Invoca
1005 836 1057 856 me

78 871 111 901 111
130 871 181 900 die
199 869 416 901 tribulationis
442 875 474 900 et
491 870 625 910 eripiam
643 875 686 900 16.
720 870 799 900 116111
818 869 886 907 [Ρ5.
902 868 954 907 36,
974 868 1056 907 15.]:

79 912 282 943 Commenda
303 912 446 943 Domino
468 913 554 943 viam
576 918 676 949 tuam,
700 918 731 942 et
753 913 824 953 ipse
847 911 956 943 faciet.

165 954 347 995 Postquam
376 960 483 985 autem
516 965 609 985 mens
633 955 828 985 confirmata
851 960 901 985 est
923 964 1003 985 vera
1027 959 1057 984 et

79 1004 172 1028 recta
194 999 355 1028 sententia
378 998 418 1028 de
430 996 505 1027 Deo
529 1002 560 1027 et
583 998 624 1027 de
637 996 814 1028 Creatione
836 1008 876 1027 ac
900 1007 1056 1037 praesen-

78 1040 125 1070 tia
146 1039 210 1070 Dei
239 1041 270 1070 in
303 1040 461 1070 creaturis
485 1046 517 1069 et
540 1040 764 1070 moderatione
788 1050 981 1070 caussarum
1006 1049 1056 1070 se—

80 1082 260 1113 cundarum
295 1092 335 1112 ex
368 1082 472 1112 verbo
495 1081 558 1112 Dei
590 1088 621 1112 et
643 1080 823 1113 illustribus
847 1083 1055 1119 testimoniis,

77 1124 109 1155 in
134 1125 253 1165 quibus
283 1134 320 1155 se
342 1123 436 1155 Deus
467 1125 580 1166 generi
603 1125 745 1155 humano
769 1123 977 1165 peculiariter
999 1135 1056 1165 pa-

77 1165 207 1204 tefecit,
238 1172 274 1197 ut
300 1168 331 1197 in
361 1167 534 1197 eductione
562 1166 674 1208 populi
698 1177 737 1197 ex
760 1168 926 1208 Aegypto,
950 1168 982 1197 in
1006 1177 1055 1196 re-

78 1210 294 1240 suscitatione
317 1216 518 1240 mortuorum
543 1215 574 1240 et
597 1209 669 1240 aliis
688 1211 845 1240 mirandis
864 1209 962 1240 factis
975 1209 1055 1240 Pro-

76 1251 258 1292 phetarum,
283 1251 405 1282 Christi
429 1257 461 1281 et
472 1251 730 1292 Apostolorum3
754 1258 832 1282 tunc
855 1253 951 1282 etiam
975 1251 1056 1283 utile

77 1300 110 1324 et
132 1295 307 1325 iucundum
331 1300 381 1325 est
404 1295 554 1334 aspicere
578 1294 741 1336 opificium
770 1296 879 1325 mundi
904 1301 937 1325 et
960 1295 991 1325 in
1015 1291 1054 1325 eo

76 1337 218 1378 vestigia
229 1336 293 1367 Dei
317 1346 478 1378 quaerere
502 1343 533 1367 et
558 1337 859 1368 demonstrationes
884 1336 1054 1378 colligere,

77 1389 162 1420 quae
196 1384 358 1410 testantur
390 1379 478 1410 hunc
511 1381 664 1410 mundum
698 1391 764 1411 non
799 1381 949 1411 extitisse
974 1390 1054 1411 casu

75 1431 138 1452 nec
160 1421 250 1453 volvi
273 1432 370 1459 casu,
398 1423 457 1453 sed
482 1432 558 1453 esse
580 1423 687 1454 Deum
710 1429 851 1454 mentem
874 1428 1055 1461 aeternam,

77 1465 290 1495 conditricem
314 1475 433 1495 rerum.
479 1465 555 1496 Ideo
580 1467 665 1496 enim
689 1471 760 1496 tota
782 1472 899 1497 natura
923 1467 1054 1496 condita

77 1512 145 1544 est,
178 1513 214 1538 ut
247 1506 354 1537 Deum
388 1513 559 1538 monstret.
604 1508 645 1538 Et
679 1509 706 1538 si
736 1507 898 1539 humanae
927 1515 1053 1539 mentes

75 1549 210 1589 primam
234 1549 341 1580 lucem
363 1551 589 1588 retinuissent,
634 1550 697 1581 hae
730 1552 865 1581 notitiae
906 1552 946 1581 de
979 1551 1054 1581 Deo

76 1590 180 1622 multo
208 1590 351 1622 fuissent
377 1591 583 1624 illustriores.
628 1593 724 1624 Nunc
747 1593 857 1624 multis
882 1594 1054 1625 dubitatio-

75 1635 172 1665 nibus
204 1636 450 1666 conturbantur.
497 1636 563 1666 Sed
594 1636 690 1666 bonis
713 1637 875 1667 mentibus
898 1635 980 1667 utile
1004 1642 1055 1667 est

75 1683 188 1708 tenere
228 1676 356 1718 aliquas
398 1678 714 1716 demonstrationes,
760 1689 844 1720 quae
878 1680 1054 1709 ostendunt

75 1729 152 1750 6556
170 1719 295 1756 Deum3
321 1720 412 1750 Sicut
435 1726 466 1751 et
485 1719 607 1751 Paulus
632 1722 673 1751 ad
696 1722 921 1762 aspiciendum
944 1722 1054 1752 mundi

75 1762 240 1802 opificium
263 1773 324 1793 nos
349 1763 488 1800 deducit,
508 1763 600 1794 Rom.
628 1764 654 1794 l.
681 1767 742 1800 ivs.
767 1765 832 1801 *204
859 1765 940 1795 etin
960 1765 1054 1796 Actis

76 1805 141 1842 [17‚
149 1804 214 1843 284
226 1806 336 1846 inquit,
345 1805 439 1836 Adeo
453 1816 557 1846 prope
568 1807 689 1837 adesse
698 1806 816 1844 Deum,
828 1817 933 1847 paene
944 1813 978 1837 ut
989 1818 1054 1838 ma-

74 1848 171 1878 nibus
195 1849 391 1879 contrectari
410 1850 527 1889 possit.
557 1848 715 1880 Recitabo
730 1850 828 1891 igitur
842 1849 1053 1881 breviterali-

75 1899 158 1931 quas
187 1891 504 1929 demonstrationes,
538 1902 675 1932 quarum
705 1893 861 1934 cogitatio
891 1893 933 1923 ad
957 1893 1053 1923 disci-

73 1931 193 1973 plinam
218 1940 250 1963 ct
273 1934 516 1964 confirmandas
535 1933 694 1965 honestas
713 1936 885 1975 opiniones
908 1936 940 1966 in
963 1946 1052 1966 men-

74 1976 161 2006 tibus
185 1975 325 2015 utilisffi)
349 1983 411 2007 est.

161 2018 271 2049 Prima
293 2020 334 2050 ab
357 2020 431 2059 ipso
456 2026 593 2050 naturae
617 2020 731 2051 ordine
755 2021 911 2059 sumitur,
934 2021 966 2051 id
990 2026 1051 2058 est,

73 2060 116 2090 ab
141 2060 312 2091 effectibus
342 2063 599 2093 monstrantibus
630 2063 790 2103 opificem.
842 2063 1050 2104 Impossibile

73 2108 125 2132 est
155 2104 302 2134 ordinem
330 2111 523 2144 perpetuum
547 2105 578 2135 in
602 2112 716 2136 natura
741 2116 821 2137 casu
845 2112 950 2137 ortum
974 2116 1051 2137 6556

73 2150 103 2175 61
128 2155 209 2177 63511
232 2156 378 2183 manere,
403 2152 458 2177 aut
481 2153 606 2179 tantum
629 2159 649 2179 a
672 2150 808 2179 materia
832 2155 938 2179 ortum
962 2159 1048 2180 esse.

72 2186 275 2228 Praecipuae
295 2190 343 2230 ¹⁵⁸⁹)
367 2196 480 2229 partes
504 2191 535 2220 in
559 2197 675 2222 natura
694 2198 771 2222 sunt
795 2192 980 2230 ordinatae,
1014 2198 1049 2223 ut

71 2237 181 2261 manet
213 2231 295 2261 ordo
326 2237 504 2272 perpetuus
534 2239 677 2264 motuum
701 2233 911 2272 coelestium,
935 2236 990 2272 ita,
1006 2237 1049 2269 ⁹⁰)

71 2334 116 2361 86)
135 2333 208 2365 ferri]
228 2334 299 2360 Editt.
319 2335 358 2358 21.
381 2335 421 2357 22.
442 2336 481 2358 24.
502 2336 621 2366 28-34„
642 2337 703 2367 opp.
724 2338 745 2360 1.
767 2338 789 2360 2.
810 2337 866 2362 fieri

71 2384 117 2411 87)
136 2385 268 2415 praecipit]
287 2386 358 2411 Editt.
380 2387 420 2409 21.
441 2387 481 2409 22).
502 2387 542 2410 24.
563 2387 603 2411 28.
622 2387 663 2411 30.
684 2388 734 2414 31..
753 2388 814 2418 Opp.
835 2390 856 2413 l.
875 2389 896 2414 2,
910 2390 1049 2420 praecepit.

1067 2446 1070 2481 Ι
1093 2441 1139 2468 91)
1170 2443 1210 2465 est
1228 2441 1333 2466 ommi!
1351 2441 1393 2466 Ed.
1415 2442 1453 2466 22.

1068 2484 1070 2531 ξ
1093 2493 1152 2521 91³)
1171 2492 1239 2516 Haec
1257 2492 1368 2518 sortasse
1387 2495 1504 2524 spectant
1523 2493 1555 2518 ad
1574 2494 1685 2525 Xenoph.
1706 2496 1842 2521 Memorat).
1863 2498 1931 2521 Socr.
1953 2498 1968 2521 1.
1989 2498 2012 2523 4.
2034 2498 2071 2523 iti.

1067 2540 1069 2557 ἓ
1093 2543 1139 2574 92)
1176 2544 1201 2568 in
1220 2543 1354 2569 omz'llwzt
1372 2544 1444 2575 Corp.
1463 2545 1486 2567 2.
1507 2545 1529 2570 4.

71 2435 115 2463 88)
135 2435 213 2467 utilis]
236 2436 309 2461 Editt.
332 2438 351 2461 t.
371 2439 394 2462 3.
414 2438 438 2462 8.
460 2439 498 2462 10.
521 2439 558 2462 11.
580 2439 617 2463 13.
638 2439 698 2463 utile

71 2486 115 2512 89)
134 2487 301 2518 Praecipuae]
320 2488 394 2512 Editt.
418 2489 456 2512 18.
476 2489 516 2512 20.
538 2489 577 2512 25.
596 2490 733 2520 Praecipue

70 2537 115 2567 90)
135 2538 293 2565 coelestium.
312 2538 365 2570 ita,]
387 2539 459 2564 Editt.
480 2541 553 2566 1—9.
574 2542 613 2565 12.
634 2541 792 2568 coelestium.
811 2542 963 2573 specierum,
981 2543 1022 2572 ita,

273 2597 420 2617 nummu.
435 2598 516 2617 ori-21³.
531 2599 594 2619 von
611 2599 668 2617 xxi.

548 96 571 127 Ι.
595 95 695 127 LOCI
717 94 992 126 THEOLOGICI:
1014 94 1058 126 D.
1080 95 1241 127 TERTIA
1262 95 1418 127 EORUM
1440 96 1597 128 AETAS.

2016 98 2078 128 642

1099 195 1133 219 ut
1164 199 1205 220 ex
1235 189 1366 220 homine
1397 190 1513 229 homo,
1539 200 1580 221 ex
1605 191 1690 221 bove
1713 191 1775 221 bos
1809 196 1978 228 nascatur,
2012 190 2079 222 foe-

1100 232 1275 262 cunditatis
1299 238 1419 270 terrae,
1442 234 1656 273 perennitatis
1680 233 1859 270 fluminum,
1883 233 2078 264 naturalium

1099 275 1284 304 notitiarum
1325 276 1357 305 in
1402 277 1567 306 mentibus
1611 275 1774 306 humanis.
1830 276 1921 316 Ergo
1963 282 2079 307 natura

1100 326 1166 346 non
1190 318 1294 347 extitit
1318 327 1410 355 casu,
1434 318 1494 348 sed
1517 329 1536 348 a
1554 324 1661 348 11161116
1679 317 1789 359 aliqua
1813 324 1885 349 orta
1909 325 1970 356 est,
1994 329 2079 360 quae

1102 359 1248 389 ordinem
1271 358 1433 401 intelligit.

1186 402 1342 432 Secunda
1364 413 1384 432 a
1406 408 1524 433 natura
1548 403 1664 433 mentis
1687 402 1860 434 humanae.
1900 404 2003 434 Bruta
2026 414 2080 434 res

1103 453 1169 474 non
1194 450 1245 474 est
1269 454 1390 475 caussa
1413 451 1550 475 naturae
1579 444 1806 486 intelligentis3
1830 452 1954 477 mentes
1979 446 2080 478 homi-

1100 497 1177 517 num
1200 486 1324 517 habent
1337 486 1479 528 aliquam
1493 497 1655 525 caussam,
1680 489 1755 528 quia
1779 488 1877 519 1101110
1897 500 1962 520 11011
1981 489 2081 520 habet

1102 538 1177 559 esse
1198 539 1257 569 per
1280 539 1373 565 sese,
1397 530 1457 559 sed
1480 530 1591 569 incipit
1615 536 1646 559 et
1668 530 1799 561 aliunde
1823 532 1946 568 oritur;
1990 531 2080 573 Ergo

1100 580 1243 602 11666556
1262 577 1314 602 651
1336 570 1478 612 aliquam
1502 571 1735 612 intelligentem
1759 579 1906 604 naturam
1927 584 2080 605 caussam

1102 623 1178 644 esse
1217 614 1334 644 mentis
1374 613 1547 645 humanae.
1605 615 1754 645 Necesse
1788 622 1837 646 est
1873 618 1971 658 igitur
2006 627 2082 648 6556

1101 655 1219 687 1)611111.

1187 698 1295 729 Tertia
1325 709 1343 728 a
1373 699 1559 730 discrimine
1588 698 1801 731 honestorum
1831 707 1863 731 et
1886 703 2025 742 turpium
2050 709 2081 733 et

1100 739 1174 772 aliis
1208 742 1331 771 notitiis
1366 740 1589 779 naturalibus,
1636 743 1759 773 ordinis
1794 749 1825 773 et
1859 754 2079 775 numerorum.

1101 783 1308 824 Impossibile
1331 790 1381 814 est
1405 785 1578 815 discrimen
1602 784 1815 816 honestorum
1839 792 1868 816 61
1889 788 2030 827 turpium
2049 788 2080 817 in

1100 832 1209 857 mente
1234 837 1314 857 casu
1337 832 1393 857 aut
1415 837 1435 857 a
1457 828 1594 858 materia
1613 834 1720 859 ortum
1741 838 1826 865 esse,
1851 830 1926 859 item
1947 831 2079 860 notitias

1102 869 1226 899 ordinis
1250 875 1281 899 et
1303 879 1513 900 numerorum
1535 868 1687 901 fortuitas
1712 880 1798 901 esse.
1829 871 1918 912 Ergo
1943 883 2081 903 necesse

1101 914 1204 950 est⁹¹)
1239 911 1382 952 aliquam
1416 918 1556 943 mentem
1579 912 1875 945 architectatricem
1909 925 1995 945 esse.
2041 915 2081 946 Et

1100 953 1164 984 hae
1194 955 1278 985 duae
1307 955 1454 984 rationes
1485 956 1628 986 omnium
1658 957 1798 987 maxime
1822 963 1898 987 sunt
1920 956 2079 988 illustres.

1100 997 1227 1037 Estque
1250 997 1384 1038 dignum
1409 998 1683 1036 consideratione,
1702 1000 1787 1040 quod
1808 999 1951 1030 humana
1975 1011 2079 1038 mens,

1101 1045 1133 1070 et
1155 1038 1212 1070 illa
1233 1038 1290 1069 lux
1312 1040 1412 1070 menti
1434 1040 1533 1071 insita
1550 1042 1764 1081 praecipuum
1784 1042 1825 1072 de
1842 1041 1915 1073 Deo
1936 1044 2080 1073 testimo-

1100 1083 1188 1113 nium
1213 1087 1264 1112 651
1286 1083 1319 1112 111
1342 1087 1477 1120 natura,
1508 1089 1541 1113 et
1565 1084 1695 1124 quidem
1717 1085 1802 1115 inter
1824 1086 1958 1116 notitias
1989 1091 2081 1116 natu-

1100 1123 1188 1155 rales
1210 1124 1297 1155 haec
1320 1134 1451 1165 quoque
1474 1132 1536 1162 est,
1561 1127 1649 1166 quod
1673 1127 1714 1156 sit
1725 1126 1829 1162 Deus,
1853 1128 1938 1158 sicut
1957 1128 2080 1159 Paulus

1099 1167 1224 1208 inquit,
1248 1166 1342 1197 Deus
1365 1168 1445 1207 ipsis
1468 1167 1702 1206 manifestavit,
1726 1170 1758 1200 id
1778 1176 1839 1207 est,
1857 1169 1950 1201 Deus
1968 1172 2080 1202 indidit

1099 1208 1264 1240 humanae
1298 1211 1397 1240 menti
1429 1209 1518 1241 hanc
1542 1212 1707 1249 notitiam,
1738 1213 1826 1253 quod
1856 1214 1898 1243 sit
1922 1213 2027 1251 Deus,
2051 1220 2081 1245 et

1100 1251 1196 1283 simul
1219 1252 1332 1282 indidit
1356 1253 1624 1284 ratiocinationes
1650 1253 1723 1285 illas
1748 1265 1788 1285 ex
1813 1255 1993 1286 effectibus.

1187 1294 1327 1330 Quarta:
1362 1295 1506 1326 Notitiae
1540 1295 1708 1328 naturales
1741 1305 1817 1328 sunt
1848 1309 1961 1331 verae:
1996 1298 2081 1330 Esse

1098 1337 1205 1368 Deum
1230 1336 1423 1368 naturaliter
1447 1349 1562 1369 omnes
1585 1337 1747 1375 fatentur,
1780 1340 1870 1381 Ergo
1894 1340 1976 1372 haec
2000 1343 2080 1373 noti-

1099 1381 1143 1410 tia
1167 1390 1248 1410 vera
1271 1385 1332 1410 est.
1368 1380 1458 1411 Haec
1481 1382 1586 1412 minor
1610 1389 1699 1413 esset
1723 1382 1891 1421 illustrior,
1915 1387 1941 1414 si
1963 1391 2081 1416 natura

1098 1433 1164 1453 non
1201 1428 1291 1453 65561
1327 1429 1499 1463 corrupta,
1534 1425 1594 1455 sed
1624 1425 1850 1457 confirmanda
1880 1433 1931 1457 est
1960 1430 2079 1459 ceteris

1099 1466 1314 1506 argumenti-5,
1338 1476 1422 1506 quae
1447 1467 1591 1498 recitavi.

1184 1507 1305 1543 Quinta
1323 1509 1410 1548 apud
1428 1508 1683 1550 Xenophontem
1701 1512 1839 1542 sumitur
1856 1523 1875 1542 a
1898 1513 2078 1544 terroribus

1100 1551 1405 1591 conscientiaeffla)
1453 1551 1590 1583 Constat
1624 1553 1806 1584 homicidas
1841 1561 1871 1585 et
1900 1554 1984 1586 alios
2008 1567 2079 1595 per-

1098 1594 1235 1633 petratis
1260 1594 1387 1634 magnis
1408 1593 1594 1626 sceleribus
1613 1595 1787 1627 horribiles
1807 1598 1987 1629 animorum
2007 1609 2078 1629 cru-

1100 1637 1204 1666 ciatus
1235 1637 1418 1674 sustinere,
1442 1638 1569 1668 etiamsi
1593 1637 1681 1669 nulla
1707 1638 1849 1670 humana
1872 1641 1991 1672 iudicia
2014 1652 2079 1672 me-

1098 1684 1198 1709 tuant.
1246 1678 1306 1709 Est
1328 1679 1427 1721 igitur
1449 1679 1558 1721 aliqua
1581 1692 1691 1719 mens,
1726 1692 1811 1723 quae
1839 1682 1905 1713 hoc
1927 1684 2078 1715 iudicium

1098 1722 1129 1751 in
1154 1722 1271 1752 animis
1295 1723 1467 1760 ordinavit,
1494 1734 1578 1764 quae
1601 1725 1720 1765 probat
1742 1731 1832 1756 recte
1856 1724 1944 1757 facta
1968 1733 1999 1757 et
2022 1728 2078 1758 im-

1098 1765 1217 1804 probat
1242 1774 1342 1795 secus
1366 1764 1466 1795 facta.

1184 1806 1289 1838 Sexta
1322 1819 1342 1837 a
1374 1806 1510 1848 politica
1543 1809 1712 1841 societate.
1765 1809 1903 1842 Politica
1937 1813 2078 1843 societas

1097 1860 1162 1880 non
1191 1856 1242 1880 est
1273 1860 1455 1881 concursus
1490 1850 1656 1882 hominum
1684 1850 1856 1888 fortuitus,
1895 1856 1955 1885 sed
1986 1862 2077 1886 certo

1097 1893 1212 1923 ordine
1235 1899 1267 1923 et
1286 1894 1354 1923 iure
1378 1895 1570 1924 consociata
1588 1894 1781 1931 multitudo;
1806 1907 1868 1927 nec
1886 1903 2002 1937 posset
2019 1898 2076 1929 1111-

1096 1945 1191 1965 mana
1215 1945 1277 1975 ope
1300 1942 1425 1966 tantum
1449 1938 1599 1974 retineri,
1624 1938 1684 1968 5611
1709 1940 1910 1978 experientia
1933 1946 2076 1971 testatur

1095 1977 1205 2019 aliquo
1240 1979 1371 2009 numine
1404 1980 1445 2009 ad
1479 1990 1618 2020 poenam
1653 1982 1722 2021 rapi
1757 1991 1835 2018 eos,
1869 1984 1923 2023 qui
1954 1982 2076 2014 violant

1095 2020 1183 2051 hunc
1207 2021 1374 2058 ordinem,
1398 2027 1432 2052 ut
1450 2021 1644 2060 homicidas,
1668 2024 1815 2054 incestos
1841 2031 1872 2055 et
1899 2031 2075 2063 tyrannos:

1094 2063 1184 2105 Ergo
1219 2070 1268 2093 est
1293 2063 1402 2104 aliqua
1425 2075 1518 2095 mens
1542 2072 1693 2103 aeterna,
1723 2077 1807 2107 quae
1832 2062 2076 2100 (16(1111101111111-

1096 2107 1156 2136 bus
1180 2105 1381 2137 intellectum
1405 2108 1540 2146 ordinis,
1564 2114 1597 2138 ut
1620 2108 1787 2149 politicam
1812 2112 2002 2142 societatem
2022 2124 2075 2142 co—

1093 2148 1181 2185 lant:
1206 2149 1295 2185 Item,
1320 2160 1404 2190 quae
1429 2161 1488 2180 sua
1513 2162 1575 2192 ope
1599 2158 1710 2182 servat
1735 2158 1765 2182 et
1792 2152 1946 2185 defendit.

1180 2192 1326 2232 Septima
1349 2199 1399 2223 est
1423 2194 1560 2232 erudita,
1579 2200 1708 2235 sumpta
1732 2205 1752 2225 a
1775 2196 1861 2226 serie
1880 2207 2074 2229 caussarum

1094 2232 1314 2266 efficientium.
1360 2235 1434 2267 Non
1466 2242 1515 2266 est
1548 2248 1726 2275 processus
1749 2244 1782 2268 111
1809 2239 1966 2270 infinitum
1989 2241 2073 2274 in9'2)

1068 2274 1071 2327 j
1094 2278 1222 2308 caussis
1257 2276 1500 2315 eft³0ieiitibu53
1546 2279 1636 2321 Ergo
1665 2290 1806 2311 necesse
1836 2288 1886 2312 est
1915 2283 2074 2314 resistere

1068 2328 1070 2349 t
1092 2321 1124 2351 in
1148 2331 1213 2351 una
1235 2324 1339 2361 prima
1361 2331 1494 2352 caussa.

1541 2322 1634 2353 Hanc
1656 2324 1816 2355 rationem
1836 2324 1969 2367 Physici
1994 2325 2073 2357 dilu-

1855 2583 1884 2607 41
