<?xml version="1.0" encoding="UTF-8"?>
<!DOCTYPE html PUBLIC "-//W3C//DTD XHTML 1.0 Transitional//EN"
    "http://www.w3.org/TR/xhtml1/DTD/xhtml1-transitional.dtd">
<html xmlns="http://www.w3.org/1999/xhtml" xml:lang="en" lang="en">
 <head>
  <title>
</title>
<meta http-equiv="Content-Type" content="text/html;charset=utf-8" />
  <meta name='ocr-system' content='tesseract 3.04.00' />
  <meta name='ocr-capabilities' content='ocr_page ocr_carea ocr_par ocr_line ocrx_word'/>
</head>
<body>
  <div class='ocr_page' id='page_1' title='image "./operaquaesupersu21melauoft/operaquaesupersu21melauoft_0147.png"; bbox 0 0 2358 2933; ppageno 0'>
   <div class='ocr_carea' id='block_1_1' title="bbox 131 111 195 145">
    <p class='ocr_par' dir='ltr' id='par_1_1' title="bbox 131 111 195 145">
     <span class='ocr_line' id='line_1_1' title="bbox 131 111 195 145; baseline -0.016 0"><span class='ocrx_word' id='word_1_1' title='bbox 131 111 195 145; x_wconf 80' lang='lat'><strong>265</strong></span> 
     </span>
    </p>
   </div>
   <div class='ocr_carea' id='block_1_2' title="bbox 169 761 209 790">
    <p class='ocr_par' dir='ltr' id='par_1_2' title="bbox 169 761 209 790">
     <span class='ocr_line' id='line_1_2' title="bbox 169 761 209 790; baseline 0 -5"><span class='ocrx_word' id='word_1_2' title='bbox 169 761 209 790; x_wconf 75' lang='lat'><strong>12,</strong></span> 
     </span>
    </p>
   </div>
   <div class='ocr_carea' id='block_1_3' title="bbox 175 1811 215 1839">
    <p class='ocr_par' dir='ltr' id='par_1_3' title="bbox 175 1811 215 1839">
     <span class='ocr_line' id='line_1_3' title="bbox 175 1811 215 1839; baseline 0 -5"><span class='ocrx_word' id='word_1_3' title='bbox 175 1811 215 1839; x_wconf 85' lang='lat'><strong>13,</strong></span> 
     </span>
    </p>
   </div>
   <div class='ocr_carea' id='block_1_4' title="bbox 226 761 251 785">
    <p class='ocr_par' dir='ltr' id='par_1_4' title="bbox 226 761 251 785">
     <span class='ocr_line' id='line_1_4' title="bbox 226 761 251 785; baseline -0.04 0"><span class='ocrx_word' id='word_1_4' title='bbox 226 761 251 785; x_wconf 84' lang='lat' dir='ltr'><strong>b.</strong></span> 
     </span>
    </p>
   </div>
   <div class='ocr_carea' id='block_1_5' title="bbox 234 1816 258 1834">
    <p class='ocr_par' dir='ltr' id='par_1_5' title="bbox 234 1816 258 1834">
     <span class='ocr_line' id='line_1_5' title="bbox 234 1816 258 1834; baseline -0.083 0"><span class='ocrx_word' id='word_1_5' title='bbox 234 1816 258 1834; x_wconf 78' lang='lat' dir='ltr'><strong>a.</strong></span> 
     </span>
    </p>
   </div>
   <div class='ocr_carea' id='block_1_6' title="bbox 586 102 1695 136">
    <p class='ocr_par' dir='ltr' id='par_1_6' title="bbox 586 102 1695 136">
     <span class='ocr_line' id='line_1_6' title="bbox 586 102 1695 136; baseline -0.001 0"><span class='ocrx_word' id='word_1_6' title='bbox 586 110 610 136; x_wconf 88' lang='lat'><strong>1.</strong></span> <span class='ocrx_word' id='word_1_7' title='bbox 633 110 735 136; x_wconf 84' lang='lat' dir='ltr'><strong>LOCl</strong></span> <span class='ocrx_word' id='word_1_8' title='bbox 757 103 1038 135; x_wconf 80' lang='lat' dir='ltr'>THEOLOGICI:</span> <span class='ocrx_word' id='word_1_9' title='bbox 1066 104 1104 135; x_wconf 89' lang='lat' dir='ltr'><strong>C.</strong></span> <span class='ocrx_word' id='word_1_10' title='bbox 1129 103 1341 135; x_wconf 87' lang='lat' dir='ltr'><strong>SECUNDA</strong></span> <span class='ocrx_word' id='word_1_11' title='bbox 1363 102 1520 134; x_wconf 88' lang='lat' dir='ltr'>EORUM</span> <span class='ocrx_word' id='word_1_12' title='bbox 1539 103 1695 135; x_wconf 83' lang='lat' dir='ltr'><strong>AETAS.</strong></span> 
     </span>
    </p>
   </div>
   <div class='ocr_carea' id='block_1_7' title="bbox 284 196 1117 2398">
    <p class='ocr_par' dir='ltr' id='par_1_7' title="bbox 284 196 1112 949">
     <span class='ocr_line' id='line_1_7' title="bbox 284 196 1106 239; baseline -0.01 -5"><span class='ocrx_word' id='word_1_13' title='bbox 284 203 330 234; x_wconf 92' lang='lat' dir='ltr'><strong>Io.</strong></span> <span class='ocrx_word' id='word_1_14' title='bbox 341 201 415 233; x_wconf 82' lang='lat' dir='ltr'><strong>XX.</strong></span> <span class='ocrx_word' id='word_1_15' title='bbox 433 200 500 231; x_wconf 91' lang='lat' dir='ltr'><strong>Dat</strong></span> <span class='ocrx_word' id='word_1_16' title='bbox 512 199 661 239; x_wconf 69' lang='lat' dir='ltr'><strong>spiritum</strong></span> <span class='ocrx_word' id='word_1_17' title='bbox 673 204 840 234; x_wconf 83' lang='lat' dir='ltr'><strong>sanctum,</strong></span> <span class='ocrx_word' id='word_1_18' title='bbox 852 196 957 227; x_wconf 87' lang='lat' dir='ltr'><strong>Porro</strong></span> <span class='ocrx_word' id='word_1_19' title='bbox 976 197 1008 226; x_wconf 88' lang='lat' dir='ltr'><strong>id</strong></span> <span class='ocrx_word' id='word_1_20' title='bbox 1027 206 1106 237; x_wconf 92' lang='lat' dir='ltr'><strong>quo-</strong></span> 
     </span>
     <span class='ocr_line' id='line_1_8' title="bbox 287 238 1107 286; baseline -0.009 -11"><span class='ocrx_word' id='word_1_21' title='bbox 287 255 351 286; x_wconf 92' lang='lat' dir='ltr'><strong>que</strong></span> <span class='ocrx_word' id='word_1_22' title='bbox 362 243 426 274; x_wconf 90' lang='lat' dir='ltr'><strong>Dei</strong></span> <span class='ocrx_word' id='word_1_23' title='bbox 438 242 607 283; x_wconf 88' lang='lat' dir='ltr'><strong>proprium</strong></span> <span class='ocrx_word' id='word_1_24' title='bbox 620 247 680 271; x_wconf 87' lang='lat' dir='ltr'><strong>est.</strong></span> <span class='ocrx_word' id='word_1_25' title='bbox 694 241 737 271; x_wconf 89' lang='lat' dir='ltr'><strong>Io.</strong></span> <span class='ocrx_word' id='word_1_26' title='bbox 751 240 791 270; x_wconf 88' lang='grc' dir='ltr'><strong>Χ.</strong></span> <span class='ocrx_word' id='word_1_27' title='bbox 810 242 872 277; x_wconf 92' lang='lat' dir='ltr'><strong>[vs.</strong></span> <span class='ocrx_word' id='word_1_28' title='bbox 888 239 950 277; x_wconf 64' lang='lat' dir='ltr'><strong>lm</strong></span> <span class='ocrx_word' id='word_1_29' title='bbox 964 238 1036 280; x_wconf 85' lang='lat' dir='ltr'><strong>Ego</strong></span> <span class='ocrx_word' id='word_1_30' title='bbox 1050 248 1107 279; x_wconf 93' lang='lat' dir='ltr'><strong>po-</strong></span> 
     </span>
     <span class='ocr_line' id='line_1_9' title="bbox 286 284 1107 319; baseline -0.007 -2"><span class='ocrx_word' id='word_1_31' title='bbox 286 297 330 318; x_wconf 93' lang='lat' dir='ltr'><strong>no</strong></span> <span class='ocrx_word' id='word_1_32' title='bbox 342 286 481 316; x_wconf 86' lang='lat' dir='ltr'><strong>animam</strong></span> <span class='ocrx_word' id='word_1_33' title='bbox 492 294 599 314; x_wconf 90' lang='lat' dir='ltr'><strong>meam</strong></span> <span class='ocrx_word' id='word_1_34' title='bbox 611 289 642 314; x_wconf 88' lang='lat' dir='ltr'><strong>et</strong></span> <span class='ocrx_word' id='word_1_35' title='bbox 656 284 773 313; x_wconf 86' lang='lat' dir='ltr'><strong>iterum</strong></span> <span class='ocrx_word' id='word_1_36' title='bbox 786 292 912 312; x_wconf 90' lang='lat' dir='ltr'><strong>sumam</strong></span> <span class='ocrx_word' id='word_1_37' title='bbox 920 291 1002 319; x_wconf 81' lang='lat' dir='ltr'><strong>eam,</strong></span> <span class='ocrx_word' id='word_1_38' title='bbox 1010 291 1107 311; x_wconf 88' lang='lat' dir='ltr'><strong>nemo</strong></span> 
     </span>
     <span class='ocr_line' id='line_1_10' title="bbox 286 324 1108 365; baseline -0.007 -6"><span class='ocrx_word' id='word_1_39' title='bbox 286 327 371 359; x_wconf 87' lang='lat' dir='ltr'><strong>tollit</strong></span> <span class='ocrx_word' id='word_1_40' title='bbox 387 337 460 358; x_wconf 90' lang='lat' dir='ltr'><strong>eam</strong></span> <span class='ocrx_word' id='word_1_41' title='bbox 476 337 496 357; x_wconf 85' lang='lat' dir='ltr'><strong>a</strong></span> <span class='ocrx_word' id='word_1_42' title='bbox 513 336 578 363; x_wconf 78' lang='lat' dir='ltr'><strong>me,</strong></span> <span class='ocrx_word' id='word_1_43' title='bbox 597 326 658 356; x_wconf 87' lang='lat' dir='ltr'><strong>sed</strong></span> <span class='ocrx_word' id='word_1_44' title='bbox 675 335 737 365; x_wconf 82' lang='lat' dir='ltr'><strong>ego</strong></span> <span class='ocrx_word' id='word_1_45' title='bbox 755 334 843 365; x_wconf 91' lang='lat' dir='ltr'><strong>pono</strong></span> <span class='ocrx_word' id='word_1_46' title='bbox 856 334 927 355; x_wconf 89' lang='lat' dir='ltr'><strong>eam</strong></span> <span class='ocrx_word' id='word_1_47' title='bbox 939 334 958 354; x_wconf 92' lang='lat' dir='ltr'><strong>a</strong></span> <span class='ocrx_word' id='word_1_48' title='bbox 971 324 1108 364; x_wconf 82' lang='lat' dir='ltr'><strong>meipso,</strong></span> 
     </span>
     <span class='ocr_line' id='line_1_11' title="bbox 286 365 1108 411; baseline -0.007 -10"><span class='ocrx_word' id='word_1_49' title='bbox 286 376 482 411; x_wconf 80' lang='lat' dir='ltr'><strong>potestatem</strong></span> <span class='ocrx_word' id='word_1_50' title='bbox 508 369 629 406; x_wconf 76' lang='lat' dir='ltr'><strong>habeo,</strong></span> <span class='ocrx_word' id='word_1_51' title='bbox 651 369 771 408; x_wconf 77' lang='lat' dir='ltr'><strong>etc.²⁷)</strong></span> <span class='ocrx_word' id='word_1_52' title='bbox 817 367 860 398; x_wconf 75' lang='lat' dir='ltr'><strong>Io.</strong></span> <span class='ocrx_word' id='word_1_53' title='bbox 883 366 938 396; x_wconf 91' lang='lat' dir='ltr'><strong>VI.</strong></span> <span class='ocrx_word' id='word_1_54' title='bbox 961 369 1023 403; x_wconf 87' lang='lat' dir='ltr'><strong>[vs.</strong></span> <span class='ocrx_word' id='word_1_55' title='bbox 1042 365 1108 404; x_wconf 81' lang='lat'><strong>55.]</strong></span> 
     </span>
     <span class='ocr_line' id='line_1_12' title="bbox 286 407 1109 454; baseline -0.007 -10"><span class='ocrx_word' id='word_1_56' title='bbox 286 413 360 454; x_wconf 82' lang='lat' dir='ltr'><strong>Ego</strong></span> <span class='ocrx_word' id='word_1_57' title='bbox 387 412 594 443; x_wconf 82' lang='lat' dir='ltr'><strong>resuscitabo</strong></span> <span class='ocrx_word' id='word_1_58' title='bbox 617 421 691 441; x_wconf 89' lang='lat' dir='ltr'><strong>eum</strong></span> <span class='ocrx_word' id='word_1_59' title='bbox 713 411 745 440; x_wconf 91' lang='lat' dir='ltr'><strong>in</strong></span> <span class='ocrx_word' id='word_1_60' title='bbox 767 410 946 440; x_wconf 85' lang='lat' dir='ltr'><strong>novissimo</strong></span> <span class='ocrx_word' id='word_1_61' title='bbox 977 409 1040 446; x_wconf 81' lang='lat' dir='ltr'><strong>die,</strong></span> <span class='ocrx_word' id='word_1_62' title='bbox 1067 407 1109 438; x_wconf 90' lang='lat' dir='ltr'><strong>Et</strong></span> 
     </span>
     <span class='ocr_line' id='line_1_13' title="bbox 293 451 1109 486; baseline -0.007 0"><span class='ocrx_word' id='word_1_63' title='bbox 293 455 422 486; x_wconf 91' lang='lat' dir='ltr'><strong>deinde.</strong></span> <span class='ocrx_word' id='word_1_64' title='bbox 457 454 493 485; x_wconf 89' lang='lat' dir='ltr'><strong>Si</strong></span> <span class='ocrx_word' id='word_1_65' title='bbox 504 454 650 484; x_wconf 73' lang='lat' dir='ltr'><strong>videritis</strong></span> <span class='ocrx_word' id='word_1_66' title='bbox 662 452 763 482; x_wconf 89' lang='lat' dir='ltr'><strong>filium</strong></span> <span class='ocrx_word' id='word_1_67' title='bbox 775 452 915 482; x_wconf 86' lang='lat' dir='ltr'><strong>hominis</strong></span> <span class='ocrx_word' id='word_1_68' title='bbox 927 451 1109 481; x_wconf 87' lang='lat' dir='ltr'><strong>ascenden-</strong></span> 
     </span>
     <span class='ocr_line' id='line_1_14' title="bbox 288 493 1108 536; baseline -0.006 -8"><span class='ocrx_word' id='word_1_69' title='bbox 288 503 355 528; x_wconf 97' lang='lat' dir='ltr'><strong>tem</strong></span> <span class='ocrx_word' id='word_1_70' title='bbox 376 498 432 527; x_wconf 92' lang='lat' dir='ltr'><strong>ubi</strong></span> <span class='ocrx_word' id='word_1_71' title='bbox 456 502 526 527; x_wconf 88' lang='lat' dir='ltr'><strong>erat</strong></span> <span class='ocrx_word' id='word_1_72' title='bbox 548 497 650 536; x_wconf 78' lang='lat' dir='ltr'><strong>priuS.</strong></span> <span class='ocrx_word' id='word_1_73' title='bbox 674 495 754 525; x_wconf 87' lang='lat' dir='ltr'><strong>Item</strong></span> <span class='ocrx_word' id='word_1_74' title='bbox 776 494 820 524; x_wconf 94' lang='lat' dir='ltr'><strong>Io.</strong></span> <span class='ocrx_word' id='word_1_75' title='bbox 845 494 929 524; x_wconf 82' lang='lat' dir='ltr'>VIII.</span> <span class='ocrx_word' id='word_1_76' title='bbox 956 496 1019 531; x_wconf 87' lang='lat' dir='ltr'><strong>[vs.</strong></span> <span class='ocrx_word' id='word_1_77' title='bbox 1043 493 1108 530; x_wconf 50' lang='lat'><strong>584</strong></span> 
     </span>
     <span class='ocr_line' id='line_1_15' title="bbox 292 537 1110 579; baseline -0.006 -9"><span class='ocrx_word' id='word_1_78' title='bbox 292 539 489 579; x_wconf 83' lang='lat' dir='ltr'>Priusquam</span> <span class='ocrx_word' id='word_1_79' title='bbox 522 537 690 569; x_wconf 85' lang='lat' dir='ltr'><strong>Abraham</strong></span> <span class='ocrx_word' id='word_1_80' title='bbox 723 542 820 567; x_wconf 85' lang='lat' dir='ltr'><strong>natus</strong></span> <span class='ocrx_word' id='word_1_81' title='bbox 854 542 905 567; x_wconf 91' lang='lat' dir='ltr'><strong>est</strong></span> <span class='ocrx_word' id='word_1_82' title='bbox 938 546 1002 576; x_wconf 84' lang='lat' dir='ltr'><strong>ego</strong></span> <span class='ocrx_word' id='word_1_83' title='bbox 1027 546 1110 573; x_wconf 81' lang='lat' dir='ltr'><strong>sum,</strong></span> 
     </span>
     <span class='ocr_line' id='line_1_16' title="bbox 286 579 1111 620; baseline -0.005 -8"><span class='ocrx_word' id='word_1_84' title='bbox 286 581 348 612; x_wconf 92' lang='lat' dir='ltr'><strong>Hic</strong></span> <span class='ocrx_word' id='word_1_85' title='bbox 373 586 512 612; x_wconf 83' lang='lat' dir='ltr'><strong>testatur</strong></span> <span class='ocrx_word' id='word_1_86' title='bbox 534 590 571 610; x_wconf 90' lang='lat' dir='ltr'><strong>se</strong></span> <span class='ocrx_word' id='word_1_87' title='bbox 595 580 741 610; x_wconf 74' lang='lat' dir='ltr'><strong>extitisse</strong></span> <span class='ocrx_word' id='word_1_88' title='bbox 765 585 940 620; x_wconf 80' lang='lat' dir='ltr'><strong>antequam</strong></span> <span class='ocrx_word' id='word_1_89' title='bbox 962 579 1111 609; x_wconf 87' lang='lat' dir='ltr'><strong>indueret</strong></span> 
     </span>
     <span class='ocr_line' id='line_1_17' title="bbox 287 621 1111 661; baseline -0.005 -7"><span class='ocrx_word' id='word_1_90' title='bbox 287 630 437 654; x_wconf 83' lang='lat' dir='ltr'><strong>naturam</strong></span> <span class='ocrx_word' id='word_1_91' title='bbox 448 623 634 653; x_wconf 84' lang='lat' dir='ltr'><strong>humanam.</strong></span> <span class='ocrx_word' id='word_1_92' title='bbox 648 621 722 652; x_wconf 91' lang='lat' dir='ltr'><strong>Col.</strong></span> <span class='ocrx_word' id='word_1_93' title='bbox 735 622 773 652; x_wconf 93' lang='grc' dir='ltr'><strong>ΙΙ.</strong></span> <span class='ocrx_word' id='word_1_94' title='bbox 789 626 851 659; x_wconf 76' lang='lat' dir='ltr'><strong>[vs.</strong></span> <span class='ocrx_word' id='word_1_95' title='bbox 869 621 914 659; x_wconf 89' lang='grc'><strong>9.]</strong></span> <span class='ocrx_word' id='word_1_96' title='bbox 929 621 963 651; x_wconf 89' lang='grc'><strong>111</strong></span> <span class='ocrx_word' id='word_1_97' title='bbox 978 622 1052 661; x_wconf 88' lang='lat' dir='ltr'><strong>ipso</strong></span> <span class='ocrx_word' id='word_1_98' title='bbox 1064 621 1111 650; x_wconf 93' lang='lat' dir='ltr'><strong>in-</strong></span> 
     </span>
     <span class='ocr_line' id='line_1_18' title="bbox 286 661 1112 704; baseline -0.005 -8"><span class='ocrx_word' id='word_1_99' title='bbox 286 666 412 696; x_wconf 85' lang='lat' dir='ltr'><strong>habitat</strong></span> <span class='ocrx_word' id='word_1_100' title='bbox 427 665 532 695; x_wconf 86' lang='lat' dir='ltr'><strong>omnis</strong></span> <span class='ocrx_word' id='word_1_101' title='bbox 547 663 716 704; x_wconf 79' lang='lat' dir='ltr'>plenitudo</span> <span class='ocrx_word' id='word_1_102' title='bbox 737 665 914 695; x_wconf 86' lang='lat' dir='ltr'><strong>divinitatis</strong></span> <span class='ocrx_word' id='word_1_103' title='bbox 934 661 1112 703; x_wconf 78' lang='lat' dir='ltr'><strong>corporali·</strong></span> 
     </span>
     <span class='ocr_line' id='line_1_19' title="bbox 287 705 1112 747; baseline -0.002 -9"><span class='ocrx_word' id='word_1_104' title='bbox 287 713 348 738; x_wconf 88' lang='lat' dir='ltr'><strong>ter.</strong></span> <span class='ocrx_word' id='word_1_105' title='bbox 362 718 393 747; x_wconf 88' lang='lat' dir='ltr'><strong>q.</strong></span> <span class='ocrx_word' id='word_1_106' title='bbox 407 708 438 737; x_wconf 92' lang='lat' dir='ltr'><strong>d.</strong></span> <span class='ocrx_word' id='word_1_107' title='bbox 451 706 486 737; x_wconf 91' lang='lat' dir='ltr'><strong>In</strong></span> <span class='ocrx_word' id='word_1_108' title='bbox 498 706 571 737; x_wconf 87' lang='lat' dir='ltr'><strong>aliis</strong></span> <span class='ocrx_word' id='word_1_109' title='bbox 584 706 806 737; x_wconf 85' lang='lat' dir='ltr'><strong>habitatDeus</strong></span> <span class='ocrx_word' id='word_1_110' title='bbox 817 705 1039 747; x_wconf 82' lang='lat' dir='ltr'><strong>spiritualiter,</strong></span> <span class='ocrx_word' id='word_1_111' title='bbox 1047 705 1112 736; x_wconf 90' lang='lat' dir='ltr'><strong>hoc</strong></span> 
     </span>
     <span class='ocr_line' id='line_1_20' title="bbox 288 748 1112 788; baseline -0.004 -7"><span class='ocrx_word' id='word_1_112' title='bbox 288 756 350 788; x_wconf 84' lang='lat' dir='ltr'><strong>est,</strong></span> <span class='ocrx_word' id='word_1_113' title='bbox 363 748 464 779; x_wconf 83' lang='lat' dir='ltr'><strong>efficit</strong></span> <span class='ocrx_word' id='word_1_114' title='bbox 478 759 584 780; x_wconf 87' lang='lat' dir='ltr'><strong>novos</strong></span> <span class='ocrx_word' id='word_1_115' title='bbox 600 750 719 780; x_wconf 79' lang='lat' dir='ltr'><strong>moltus</strong></span> <span class='ocrx_word' id='word_1_116' title='bbox 736 750 836 780; x_wconf 88' lang='lat' dir='ltr'><strong>ineis.</strong></span> <span class='ocrx_word' id='word_1_117' title='bbox 858 749 893 779; x_wconf 92' lang='grc'><strong>111</strong></span> <span class='ocrx_word' id='word_1_118' title='bbox 908 748 1041 779; x_wconf 88' lang='lat' dir='ltr'><strong>Christo</strong></span> <span class='ocrx_word' id='word_1_119' title='bbox 1056 748 1112 778; x_wconf 89' lang='lat' dir='ltr'><strong>ha-</strong></span> 
     </span>
     <span class='ocr_line' id='line_1_21' title="bbox 287 790 1112 832; baseline -0.001 -10"><span class='ocrx_word' id='word_1_120' title='bbox 287 793 368 823; x_wconf 85' lang='lat' dir='ltr'><strong>bitat</strong></span> <span class='ocrx_word' id='word_1_121' title='bbox 386 790 612 832; x_wconf 82' lang='lat' dir='ltr'><strong>corporaliter,</strong></span> <span class='ocrx_word' id='word_1_122' title='bbox 636 791 701 822; x_wconf 92' lang='lat' dir='ltr'><strong>hoc</strong></span> <span class='ocrx_word' id='word_1_123' title='bbox 725 798 786 829; x_wconf 80' lang='lat' dir='ltr'><strong>est,</strong></span> <span class='ocrx_word' id='word_1_124' title='bbox 810 802 847 822; x_wconf 90' lang='lat' dir='ltr'><strong>re</strong></span> <span class='ocrx_word' id='word_1_125' title='bbox 870 793 942 832; x_wconf 87' lang='lat' dir='ltr'><strong>ipsa</strong></span> <span class='ocrx_word' id='word_1_126' title='bbox 961 802 1020 822; x_wconf 85' lang='lat' dir='ltr'><strong>seu</strong></span> <span class='ocrx_word' id='word_1_127' title='bbox 1037 791 1112 821; x_wconf 84' lang='lat' dir='ltr'><strong>sub-</strong></span> 
     </span>
     <span class='ocr_line' id='line_1_22' title="bbox 288 832 1112 874; baseline -0.002 -9"><span class='ocrx_word' id='word_1_128' title='bbox 288 832 493 871; x_wconf 85' lang='lat' dir='ltr'><strong>stantialiter,</strong></span> <span class='ocrx_word' id='word_1_129' title='bbox 513 844 573 864; x_wconf 88' lang='lat' dir='ltr'><strong>seu</strong></span> <span class='ocrx_word' id='word_1_130' title='bbox 588 840 623 864; x_wconf 90' lang='lat' dir='ltr'><strong>ut</strong></span> <span class='ocrx_word' id='word_1_131' title='bbox 642 844 704 864; x_wconf 92' lang='lat' dir='ltr'><strong>nos</strong></span> <span class='ocrx_word' id='word_1_132' title='bbox 717 833 892 874; x_wconf 75' lang='lat' dir='ltr'><strong>loquimur,</strong></span> <span class='ocrx_word' id='word_1_133' title='bbox 907 832 1112 870; x_wconf 72' lang='lat' dir='ltr'><strong>naturaliter‚</strong></span> 
     </span>
     <span class='ocr_line' id='line_1_23' title="bbox 287 875 1112 917; baseline -0.002 -10"><span class='ocrx_word' id='word_1_134' title='bbox 287 878 333 907; x_wconf 87' lang='lat' dir='ltr'><strong>ita</strong></span> <span class='ocrx_word' id='word_1_135' title='bbox 356 877 444 917; x_wconf 86' lang='lat' dir='ltr'><strong>quod</strong></span> <span class='ocrx_word' id='word_1_136' title='bbox 467 877 541 916; x_wconf 86' lang='lat' dir='ltr'><strong>ipsa</strong></span> <span class='ocrx_word' id='word_1_137' title='bbox 561 882 680 907; x_wconf 86' lang='lat' dir='ltr'><strong>natura</strong></span> <span class='ocrx_word' id='word_1_138' title='bbox 702 886 762 906; x_wconf 89' lang='lat' dir='ltr'><strong>seu</strong></span> <span class='ocrx_word' id='word_1_139' title='bbox 786 877 971 907; x_wconf 88' lang='lat' dir='ltr'><strong>substantia</strong></span> <span class='ocrx_word' id='word_1_140' title='bbox 990 875 1112 906; x_wconf 82' lang='lat' dir='ltr'><strong>Christi</strong></span> 
     </span>
     <span class='ocr_line' id='line_1_24' title="bbox 290 919 482 949; baseline -0.01 0"><span class='ocrx_word' id='word_1_141' title='bbox 290 919 399 949; x_wconf 85' lang='lat' dir='ltr'><strong>divina</strong></span> <span class='ocrx_word' id='word_1_142' title='bbox 421 924 482 948; x_wconf 86' lang='lat' dir='ltr'><strong>est.</strong></span> 
     </span>
    </p>

    <p class='ocr_par' dir='ltr' id='par_1_8' title="bbox 287 958 1117 2398">
     <span class='ocr_line' id='line_1_25' title="bbox 332 958 1111 996; baseline -0.003 -6"><span class='ocrx_word' id='word_1_143' title='bbox 332 960 382 990; x_wconf 81' lang='lat' dir='ltr'><strong>Ex</strong></span> <span class='ocrx_word' id='word_1_144' title='bbox 394 962 498 990; x_wconf 89' lang='lat' dir='ltr'><strong>veteri</strong></span> <span class='ocrx_word' id='word_1_145' title='bbox 510 966 718 990; x_wconf 86' lang='lat' dir='ltr'><strong>testamento.</strong></span> <span class='ocrx_word' id='word_1_146' title='bbox 728 960 809 989; x_wconf 86' lang='lat' dir='ltr'><strong>lere.</strong></span> <span class='ocrx_word' id='word_1_147' title='bbox 818 960 965 989; x_wconf 81' lang='lat' dir='ltr'>XXXIII.</span> <span class='ocrx_word' id='word_1_148' title='bbox 975 962 1036 996; x_wconf 90' lang='lat' dir='ltr'><strong>[vs.</strong></span> <span class='ocrx_word' id='word_1_149' title='bbox 1046 958 1111 996; x_wconf 87' lang='lat'><strong>16.]</strong></span> 
     </span>
     <span class='ocr_line' id='line_1_26' title="bbox 289 1001 1112 1041; baseline -0.005 -8"><span class='ocrx_word' id='word_1_150' title='bbox 289 1003 331 1033; x_wconf 85' lang='lat' dir='ltr'><strong>Et</strong></span> <span class='ocrx_word' id='word_1_151' title='bbox 342 1002 406 1032; x_wconf 91' lang='lat' dir='ltr'><strong>hoc</strong></span> <span class='ocrx_word' id='word_1_152' title='bbox 420 1008 471 1031; x_wconf 87' lang='lat' dir='ltr'><strong>est</strong></span> <span class='ocrx_word' id='word_1_153' title='bbox 482 1011 601 1031; x_wconf 88' lang='lat' dir='ltr'><strong>nomen</strong></span> <span class='ocrx_word' id='word_1_154' title='bbox 615 1002 703 1041; x_wconf 90' lang='lat' dir='ltr'><strong>quod</strong></span> <span class='ocrx_word' id='word_1_155' title='bbox 715 1002 881 1031; x_wconf 76' lang='lat' dir='ltr'><strong>vocabunt</strong></span> <span class='ocrx_word' id='word_1_156' title='bbox 896 1011 981 1037; x_wconf 85' lang='lat' dir='ltr'><strong>eum,</strong></span> <span class='ocrx_word' id='word_1_157' title='bbox 1000 1001 1112 1030; x_wconf 82' lang='lat' dir='ltr'><strong>Domi-</strong></span> 
     </span>
     <span class='ocr_line' id='line_1_27' title="bbox 287 1042 1112 1074; baseline -0.002 0"><span class='ocrx_word' id='word_1_158' title='bbox 287 1054 350 1074; x_wconf 85' lang='lat' dir='ltr'><strong>nus</strong></span> <span class='ocrx_word' id='word_1_159' title='bbox 369 1042 565 1073; x_wconf 85' lang='lat' dir='ltr'><strong>iustificator</strong></span> <span class='ocrx_word' id='word_1_160' title='bbox 587 1049 712 1073; x_wconf 87' lang='lat' dir='ltr'><strong>noster.</strong></span> <span class='ocrx_word' id='word_1_161' title='bbox 759 1042 821 1073; x_wconf 90' lang='lat' dir='ltr'><strong>Hic</strong></span> <span class='ocrx_word' id='word_1_162' title='bbox 843 1043 995 1072; x_wconf 83' lang='lat' dir='ltr'><strong>tribuitur</strong></span> <span class='ocrx_word' id='word_1_163' title='bbox 1018 1042 1112 1072; x_wconf 85' lang='lat' dir='ltr'><strong>Chri·</strong></span> 
     </span>
     <span class='ocr_line' id='line_1_28' title="bbox 289 1081 1113 1125; baseline -0.001 -10"><span class='ocrx_word' id='word_1_164' title='bbox 289 1092 341 1116; x_wconf 89' lang='lat' dir='ltr'><strong>sto</strong></span> <span class='ocrx_word' id='word_1_165' title='bbox 366 1081 398 1115; x_wconf 68' lang='lat' dir='ltr'><strong>e‘t</strong></span> <span class='ocrx_word' id='word_1_166' title='bbox 419 1094 539 1115; x_wconf 88' lang='lat' dir='ltr'><strong>nomen</strong></span> <span class='ocrx_word' id='word_1_167' title='bbox 563 1084 625 1115; x_wconf 88' lang='lat' dir='ltr'><strong>Dei</strong></span> <span class='ocrx_word' id='word_1_168' title='bbox 648 1085 816 1125; x_wconf 90' lang='lat' dir='ltr'><strong>proprium</strong></span> <span class='ocrx_word' id='word_1_169' title='bbox 836 1090 867 1114; x_wconf 88' lang='lat' dir='ltr'><strong>et</strong></span> <span class='ocrx_word' id='word_1_170' title='bbox 891 1094 1011 1114; x_wconf 89' lang='lat' dir='ltr'><strong>nomen</strong></span> <span class='ocrx_word' id='word_1_171' title='bbox 1022 1085 1113 1114; x_wconf 90' lang='lat' dir='ltr'><strong>iusti-</strong></span> 
     </span>
     <span class='ocr_line' id='line_1_29' title="bbox 289 1125 1112 1167; baseline -0.002 -9"><span class='ocrx_word' id='word_1_172' title='bbox 289 1127 448 1158; x_wconf 84' lang='lat' dir='ltr'><strong>ficatoris.</strong></span> <span class='ocrx_word' id='word_1_173' title='bbox 472 1126 562 1167; x_wconf 84' lang='lat' dir='ltr'><strong>Ergo</strong></span> <span class='ocrx_word' id='word_1_174' title='bbox 585 1128 738 1157; x_wconf 58' lang='lat' dir='ltr'><strong>tribuhur</strong></span> <span class='ocrx_word' id='word_1_175' title='bbox 762 1127 791 1156; x_wconf 88' lang='lat' dir='ltr'><strong>ei</strong></span> <span class='ocrx_word' id='word_1_176' title='bbox 814 1125 921 1166; x_wconf 85' lang='lat' dir='ltr'><strong>gloria</strong></span> <span class='ocrx_word' id='word_1_177' title='bbox 936 1126 1011 1162; x_wconf 82' lang='lat' dir='ltr'><strong>Dei,</strong></span> <span class='ocrx_word' id='word_1_178' title='bbox 1028 1136 1112 1167; x_wconf 90' lang='lat' dir='ltr'><strong>quae</strong></span> 
     </span>
     <span class='ocr_line' id='line_1_30' title="bbox 289 1168 1110 1209; baseline -0.002 -9"><span class='ocrx_word' id='word_1_179' title='bbox 289 1180 355 1200; x_wconf 91' lang='lat' dir='ltr'><strong>non</strong></span> <span class='ocrx_word' id='word_1_180' title='bbox 389 1170 545 1209; x_wconf 84' lang='lat' dir='ltr'><strong>competit</strong></span> <span class='ocrx_word' id='word_1_181' title='bbox 566 1170 628 1199; x_wconf 87' lang='lat' dir='ltr'><strong>nisi</strong></span> <span class='ocrx_word' id='word_1_182' title='bbox 651 1169 736 1199; x_wconf 89' lang='lat' dir='ltr'><strong>Deo.</strong></span> <span class='ocrx_word' id='word_1_183' title='bbox 781 1168 881 1199; x_wconf 82' lang='lat' dir='ltr'><strong>Mich.</strong></span> <span class='ocrx_word' id='word_1_184' title='bbox 911 1169 953 1199; x_wconf 90' lang='lat' dir='ltr'><strong>V.</strong></span> <span class='ocrx_word' id='word_1_185' title='bbox 979 1172 1041 1205; x_wconf 76' lang='lat' dir='ltr'><strong>Ivs.</strong></span> <span class='ocrx_word' id='word_1_186' title='bbox 1067 1169 1110 1205; x_wconf 55' lang='lat'><strong>³24</strong></span> 
     </span>
     <span class='ocr_line' id='line_1_31' title="bbox 288 1211 1113 1252; baseline -0.001 -11"><span class='ocrx_word' id='word_1_187' title='bbox 288 1212 458 1252; x_wconf 85' lang='lat' dir='ltr'><strong>Egressus</strong></span> <span class='ocrx_word' id='word_1_188' title='bbox 478 1213 547 1241; x_wconf 85' lang='lat' dir='ltr'><strong>eius</strong></span> <span class='ocrx_word' id='word_1_189' title='bbox 565 1213 606 1242; x_wconf 90' lang='lat' dir='ltr'><strong>ab</strong></span> <span class='ocrx_word' id='word_1_190' title='bbox 622 1212 712 1241; x_wconf 92' lang='lat' dir='ltr'><strong>initio</strong></span> <span class='ocrx_word' id='word_1_191' title='bbox 725 1217 801 1241; x_wconf 89' lang='lat' dir='ltr'><strong>ante</strong></span> <span class='ocrx_word' id='word_1_192' title='bbox 814 1212 884 1242; x_wconf 89' lang='lat' dir='ltr'><strong>dies</strong></span> <span class='ocrx_word' id='word_1_193' title='bbox 896 1212 1017 1241; x_wconf 86' lang='lat' dir='ltr'><strong>mundi.</strong></span> <span class='ocrx_word' id='word_1_194' title='bbox 1042 1211 1113 1241; x_wconf 90' lang='lat' dir='ltr'><strong>Hoc</strong></span> 
     </span>
     <span class='ocr_line' id='line_1_32' title="bbox 289 1254 1113 1291; baseline -0.001 -7"><span class='ocrx_word' id='word_1_195' title='bbox 289 1254 510 1285; x_wconf 82' lang='lat' dir='ltr'><strong>testimonium</strong></span> <span class='ocrx_word' id='word_1_196' title='bbox 534 1255 594 1284; x_wconf 86' lang='lat' dir='ltr'><strong>etsi</strong></span> <span class='ocrx_word' id='word_1_197' title='bbox 608 1255 849 1284; x_wconf 84' lang='lat' dir='ltr'><strong>subobscurum</strong></span> <span class='ocrx_word' id='word_1_198' title='bbox 870 1259 931 1291; x_wconf 71' lang='lat' dir='ltr'><strong>est,</strong></span> <span class='ocrx_word' id='word_1_199' title='bbox 944 1259 1054 1284; x_wconf 82' lang='lat' dir='ltr'><strong>tamen</strong></span> <span class='ocrx_word' id='word_1_200' title='bbox 1072 1254 1113 1283; x_wconf 89' lang='lat' dir='ltr'><strong>si-</strong></span> 
     </span>
     <span class='ocr_line' id='line_1_33' title="bbox 289 1295 1114 1337; baseline 0 -11"><span class='ocrx_word' id='word_1_201' title='bbox 289 1295 423 1337; x_wconf 83' lang='lat' dir='ltr'><strong>gnificat</strong></span> <span class='ocrx_word' id='word_1_202' title='bbox 446 1302 523 1326; x_wconf 89' lang='lat' dir='ltr'><strong>ante</strong></span> <span class='ocrx_word' id='word_1_203' title='bbox 538 1297 705 1326; x_wconf 82' lang='lat' dir='ltr'><strong>conditum</strong></span> <span class='ocrx_word' id='word_1_204' title='bbox 718 1296 873 1326; x_wconf 87' lang='lat' dir='ltr'><strong>mundum</strong></span> <span class='ocrx_word' id='word_1_205' title='bbox 886 1295 989 1326; x_wconf 88' lang='lat' dir='ltr'><strong>fuisse</strong></span> <span class='ocrx_word' id='word_1_206' title='bbox 1014 1295 1114 1326; x_wconf 88' lang='lat' dir='ltr'><strong>filium</strong></span> 
     </span>
     <span class='ocr_line' id='line_1_34' title="bbox 289 1338 1113 1379; baseline 0 -11"><span class='ocrx_word' id='word_1_207' title='bbox 289 1338 366 1375; x_wconf 82' lang='lat' dir='ltr'><strong>Dei,</strong></span> <span class='ocrx_word' id='word_1_208' title='bbox 384 1338 444 1368; x_wconf 90' lang='lat' dir='ltr'><strong>Est</strong></span> <span class='ocrx_word' id='word_1_209' title='bbox 466 1339 565 1379; x_wconf 81' lang='lat' dir='ltr'><strong>igitur</strong></span> <span class='ocrx_word' id='word_1_210' title='bbox 587 1345 742 1369; x_wconf 87' lang='lat' dir='ltr'><strong>aeternus</strong></span> <span class='ocrx_word' id='word_1_211' title='bbox 766 1348 805 1369; x_wconf 86' lang='lat' dir='ltr'><strong>ac</strong></span> <span class='ocrx_word' id='word_1_212' title='bbox 823 1338 927 1369; x_wconf 88' lang='lat' dir='ltr'><strong>Deus.</strong></span> <span class='ocrx_word' id='word_1_213' title='bbox 951 1338 1029 1369; x_wconf 86' lang='lat' dir='ltr'><strong>Esa.</strong></span> <span class='ocrx_word' id='word_1_214' title='bbox 1042 1338 1113 1368; x_wconf 90' lang='lat' dir='ltr'>VII.</span> 
     </span>
     <span class='ocr_line' id='line_1_35' title="bbox 291 1380 1113 1419; baseline 0.001 -9"><span class='ocrx_word' id='word_1_215' title='bbox 291 1381 371 1419; x_wconf 58' lang='lat'><em>[14]</em></span> <span class='ocrx_word' id='word_1_216' title='bbox 400 1380 442 1411; x_wconf 84' lang='lat' dir='ltr'><strong>Et</strong></span> <span class='ocrx_word' id='word_1_217' title='bbox 471 1382 644 1412; x_wconf 83' lang='lat' dir='ltr'><strong>vocabitur</strong></span> <span class='ocrx_word' id='word_1_218' title='bbox 666 1391 785 1411; x_wconf 91' lang='lat' dir='ltr'><strong>nomen</strong></span> <span class='ocrx_word' id='word_1_219' title='bbox 810 1383 880 1412; x_wconf 85' lang='lat' dir='ltr'><strong>eius</strong></span> <span class='ocrx_word' id='word_1_220' title='bbox 906 1380 1064 1411; x_wconf 88' lang='lat' dir='ltr'><strong>Emanuel</strong></span> <span class='ocrx_word' id='word_1_221' title='bbox 1093 1382 1113 1411; x_wconf 91' lang='lat' dir='ltr'><strong>i.</strong></span> 
     </span>
     <span class='ocr_line' id='line_1_36' title="bbox 291 1422 1114 1464; baseline 0 -11"><span class='ocrx_word' id='word_1_222' title='bbox 291 1432 320 1453; x_wconf 87' lang='lat' dir='ltr'><strong>e.</strong></span> <span class='ocrx_word' id='word_1_223' title='bbox 333 1424 505 1453; x_wconf 87' lang='lat' dir='ltr'><strong>nobiscum</strong></span> <span class='ocrx_word' id='word_1_224' title='bbox 513 1422 616 1454; x_wconf 82' lang='lat' dir='ltr'><strong>Deus.</strong></span> <span class='ocrx_word' id='word_1_225' title='bbox 629 1423 697 1454; x_wconf 87' lang='lat' dir='ltr'><strong>Sed</strong></span> <span class='ocrx_word' id='word_1_226' title='bbox 709 1423 832 1454; x_wconf 85' lang='lat' dir='ltr'><strong>firmius</strong></span> <span class='ocrx_word' id='word_1_227' title='bbox 842 1430 890 1454; x_wconf 88' lang='lat' dir='ltr'><strong>est</strong></span> <span class='ocrx_word' id='word_1_228' title='bbox 905 1424 993 1464; x_wconf 90' lang='lat' dir='ltr'><strong>quod</strong></span> <span class='ocrx_word' id='word_1_229' title='bbox 1006 1424 1114 1464; x_wconf 90' lang='lat' dir='ltr'><strong>sequi-</strong></span> 
     </span>
     <span class='ocr_line' id='line_1_37' title="bbox 291 1464 1114 1503; baseline 0.001 -8"><span class='ocrx_word' id='word_1_230' title='bbox 291 1471 344 1495; x_wconf 88' lang='lat' dir='ltr'><strong>tur</strong></span> <span class='ocrx_word' id='word_1_231' title='bbox 356 1475 385 1495; x_wconf 90' lang='lat' dir='ltr'><strong>c.</strong></span> <span class='ocrx_word' id='word_1_232' title='bbox 402 1464 458 1495; x_wconf 88' lang='lat' dir='ltr'><strong>IX.</strong></span> <span class='ocrx_word' id='word_1_233' title='bbox 478 1469 540 1502; x_wconf 81' lang='lat' dir='ltr'><strong>[vs.</strong></span> <span class='ocrx_word' id='word_1_234' title='bbox 553 1465 599 1503; x_wconf 85' lang='lat'><strong>6.]</strong></span> <span class='ocrx_word' id='word_1_235' title='bbox 614 1466 796 1496; x_wconf 81' lang='lat' dir='ltr'><strong>Vocabitur</strong></span> <span class='ocrx_word' id='word_1_236' title='bbox 818 1476 938 1497; x_wconf 89' lang='lat' dir='ltr'><strong>nomen</strong></span> <span class='ocrx_word' id='word_1_237' title='bbox 957 1467 1027 1496; x_wconf 88' lang='lat' dir='ltr'><strong>eius</strong></span> <span class='ocrx_word' id='word_1_238' title='bbox 1046 1466 1114 1496; x_wconf 92' lang='lat' dir='ltr'><strong>Ad-</strong></span> 
     </span>
     <span class='ocr_line' id='line_1_38' title="bbox 291 1507 1114 1549; baseline 0.004 -13"><span class='ocrx_word' id='word_1_239' title='bbox 291 1507 450 1537; x_wconf 87' lang='lat' dir='ltr'><strong>mirabilis</strong></span> <span class='ocrx_word' id='word_1_240' title='bbox 474 1507 692 1545; x_wconf 76' lang='lat' dir='ltr'><strong>consiliarius,</strong></span> <span class='ocrx_word' id='word_1_241' title='bbox 715 1507 809 1539; x_wconf 84' lang='lat' dir='ltr'><strong>Deus</strong></span> <span class='ocrx_word' id='word_1_242' title='bbox 832 1508 939 1539; x_wconf 81' lang='lat' dir='ltr'><strong>fortis.</strong></span> <span class='ocrx_word' id='word_1_243' title='bbox 956 1514 1050 1549; x_wconf 88' lang='lat' dir='ltr'><strong>pater</strong></span> <span class='ocrx_word' id='word_1_244' title='bbox 1066 1507 1114 1538; x_wconf 86' lang='lat' dir='ltr'><strong>fu-</strong></span> 
     </span>
     <span class='ocr_line' id='line_1_39' title="bbox 292 1550 1114 1581; baseline 0.004 -3"><span class='ocrx_word' id='word_1_245' title='bbox 292 1550 356 1578; x_wconf 85' lang='lat' dir='ltr'><strong>turi</strong></span> <span class='ocrx_word' id='word_1_246' title='bbox 380 1550 517 1580; x_wconf 81' lang='lat' dir='ltr'><strong>saeculi.</strong></span> <span class='ocrx_word' id='word_1_247' title='bbox 545 1550 655 1581; x_wconf 83' lang='lat' dir='ltr'><strong>Iudaei</strong></span> <span class='ocrx_word' id='word_1_248' title='bbox 678 1550 876 1581; x_wconf 86' lang='lat' dir='ltr'><strong>vocabulum</strong></span> <span class='ocrx_word' id='word_1_249' title='bbox 899 1550 939 1581; x_wconf 87' lang='lat' dir='ltr'><strong>El</strong></span> <span class='ocrx_word' id='word_1_250' title='bbox 962 1561 1028 1581; x_wconf 90' lang='lat' dir='ltr'><strong>non</strong></span> <span class='ocrx_word' id='word_1_251' title='bbox 1045 1557 1114 1581; x_wconf 87' lang='lat' dir='ltr'><strong>tan-</strong></span> 
     </span>
     <span class='ocr_line' id='line_1_40' title="bbox 293 1590 1114 1633; baseline 0.004 -13"><span class='ocrx_word' id='word_1_252' title='bbox 293 1596 361 1621; x_wconf 85' lang='lat' dir='ltr'><strong>tum</strong></span> <span class='ocrx_word' id='word_1_253' title='bbox 383 1590 458 1621; x_wconf 91' lang='lat' dir='ltr'><strong>Deo</strong></span> <span class='ocrx_word' id='word_1_254' title='bbox 484 1593 583 1622; x_wconf 86' lang='lat' dir='ltr'><strong>tribui</strong></span> <span class='ocrx_word' id='word_1_255' title='bbox 613 1593 826 1623; x_wconf 86' lang='lat' dir='ltr'><strong>contendunt.</strong></span> <span class='ocrx_word' id='word_1_256' title='bbox 884 1593 996 1633; x_wconf 86' lang='lat' dir='ltr'><strong>Itaque</strong></span> <span class='ocrx_word' id='word_1_257' title='bbox 1033 1592 1114 1623; x_wconf 87' lang='lat' dir='ltr'><strong>illud</strong></span> 
     </span>
     <span class='ocr_line' id='line_1_41' title="bbox 294 1633 1114 1675; baseline 0.002 -12"><span class='ocrx_word' id='word_1_258' title='bbox 294 1633 506 1672; x_wconf 75' lang='lat' dir='ltr'><strong>accipiamus.</strong></span> <span class='ocrx_word' id='word_1_259' title='bbox 530 1635 618 1674; x_wconf 89' lang='lat' dir='ltr'><strong>quod</strong></span> <span class='ocrx_word' id='word_1_260' title='bbox 642 1637 791 1675; x_wconf 81' lang='lat' dir='ltr'><strong>sequitur</strong></span> <span class='ocrx_word' id='word_1_261' title='bbox 819 1641 913 1675; x_wconf 88' lang='lat' dir='ltr'><strong>pater</strong></span> <span class='ocrx_word' id='word_1_262' title='bbox 937 1637 981 1669; x_wconf 68' lang='lat'><strong>2⁵)</strong></span> <span class='ocrx_word' id='word_1_263' title='bbox 1027 1637 1114 1665; x_wconf 76' lang='lat' dir='ltr'><strong>vitae</strong></span> 
     </span>
     <span class='ocr_line' id='line_1_42' title="bbox 293 1676 1115 1718; baseline 0.002 -13"><span class='ocrx_word' id='word_1_264' title='bbox 293 1682 484 1715; x_wconf 77' lang='lat' dir='ltr'><strong>perpetuae.</strong></span> <span class='ocrx_word' id='word_1_265' title='bbox 509 1676 606 1711; x_wconf 86' lang='lat' dir='ltr'><strong>Quod</strong></span> <span class='ocrx_word' id='word_1_266' title='bbox 619 1678 646 1707; x_wconf 86' lang='lat' dir='ltr'><strong>si</strong></span> <span class='ocrx_word' id='word_1_267' title='bbox 663 1684 714 1707; x_wconf 76' lang='lat' dir='ltr'><strong>est</strong></span> <span class='ocrx_word' id='word_1_268' title='bbox 725 1684 821 1707; x_wconf 84' lang='lat' dir='ltr'><strong>autor</strong></span> <span class='ocrx_word' id='word_1_269' title='bbox 837 1679 923 1708; x_wconf 71' lang='lat' dir='ltr'><strong>vitae</strong></span> <span class='ocrx_word' id='word_1_270' title='bbox 936 1684 1115 1718; x_wconf 72' lang='lat' dir='ltr'><strong>perpetuae</strong></span> 
     </span>
     <span class='ocr_line' id='line_1_43' title="bbox 292 1717 1115 1762; baseline 0.005 -16"><span class='ocrx_word' id='word_1_271' title='bbox 292 1723 369 1757; x_wconf 90' lang='lat' dir='ltr'><strong>post</strong></span> <span class='ocrx_word' id='word_1_272' title='bbox 398 1717 485 1749; x_wconf 88' lang='lat' dir='ltr'><strong>hanc</strong></span> <span class='ocrx_word' id='word_1_273' title='bbox 516 1720 633 1752; x_wconf 75' lang='lat' dir='ltr'><strong>vitam,</strong></span> <span class='ocrx_word' id='word_1_274' title='bbox 663 1720 747 1749; x_wconf 83' lang='lat' dir='ltr'><strong>sicut</strong></span> <span class='ocrx_word' id='word_1_275' title='bbox 777 1721 848 1759; x_wconf 83' lang='lat' dir='ltr'><strong>ipse</strong></span> <span class='ocrx_word' id='word_1_276' title='bbox 877 1721 951 1750; x_wconf 80' lang='lat' dir='ltr'><strong>dicit</strong></span> <span class='ocrx_word' id='word_1_277' title='bbox 975 1720 1048 1762; x_wconf 82' lang='lat' dir='ltr'><strong>Ego</strong></span> <span class='ocrx_word' id='word_1_278' title='bbox 1073 1721 1115 1750; x_wconf 91' lang='lat' dir='ltr'><strong>do</strong></span> 
     </span>
     <span class='ocr_line' id='line_1_44' title="bbox 294 1759 1115 1798; baseline 0.004 -9"><span class='ocrx_word' id='word_1_279' title='bbox 294 1759 394 1790; x_wconf 85' lang='lat' dir='ltr'><strong>vitam</strong></span> <span class='ocrx_word' id='word_1_280' title='bbox 417 1766 600 1798; x_wconf 71' lang='lat' dir='ltr'><strong>aeternam,</strong></span> <span class='ocrx_word' id='word_1_281' title='bbox 624 1771 765 1792; x_wconf 78' lang='lat' dir='ltr'><strong>neeesse</strong></span> <span class='ocrx_word' id='word_1_282' title='bbox 789 1768 839 1792; x_wconf 87' lang='lat' dir='ltr'><strong>est</strong></span> <span class='ocrx_word' id='word_1_283' title='bbox 865 1773 938 1793; x_wconf 90' lang='lat' dir='ltr'><strong>eum</strong></span> <span class='ocrx_word' id='word_1_284' title='bbox 962 1773 1038 1793; x_wconf 86' lang='lat' dir='ltr'><strong>esse</strong></span> <span class='ocrx_word' id='word_1_285' title='bbox 1062 1763 1115 1792; x_wconf 88' lang='lat' dir='ltr'><strong>de-</strong></span> 
     </span>
     <span class='ocr_line' id='line_1_45' title="bbox 292 1802 1116 1845; baseline 0.005 -14"><span class='ocrx_word' id='word_1_286' title='bbox 292 1811 356 1831; x_wconf 92' lang='lat' dir='ltr'><strong>um.</strong></span> <span class='ocrx_word' id='word_1_287' title='bbox 380 1802 457 1833; x_wconf 89' lang='lat' dir='ltr'><strong>Esa.</strong></span> <span class='ocrx_word' id='word_1_288' title='bbox 472 1803 539 1833; x_wconf 87' lang='lat' dir='ltr'>LII.</span> <span class='ocrx_word' id='word_1_289' title='bbox 557 1806 621 1841; x_wconf 87' lang='lat' dir='ltr'><strong>[vs.</strong></span> <span class='ocrx_word' id='word_1_290' title='bbox 636 1804 682 1842; x_wconf 89' lang='lat'><strong>6.]</strong></span> <span class='ocrx_word' id='word_1_291' title='bbox 703 1810 877 1845; x_wconf 84' lang='lat' dir='ltr'><strong>propterea</strong></span> <span class='ocrx_word' id='word_1_292' title='bbox 893 1814 896 1820; x_wconf 57' lang='lat'>¹</span> <span class='ocrx_word' id='word_1_293' title='bbox 910 1806 992 1835; x_wconf 83' lang='lat' dir='ltr'><strong>sciet</strong></span> <span class='ocrx_word' id='word_1_294' title='bbox 1014 1815 1116 1845; x_wconf 90' lang='lat' dir='ltr'><strong>popu-</strong></span> 
     </span>
     <span class='ocr_line' id='line_1_46' title="bbox 291 1843 1116 1888; baseline 0.005 -14"><span class='ocrx_word' id='word_1_295' title='bbox 291 1843 345 1874; x_wconf 86' lang='lat' dir='ltr'><strong>lus</strong></span> <span class='ocrx_word' id='word_1_296' title='bbox 364 1855 456 1875; x_wconf 88' lang='lat' dir='ltr'><strong>meus</strong></span> <span class='ocrx_word' id='word_1_297' title='bbox 479 1855 598 1876; x_wconf 92' lang='lat' dir='ltr'><strong>nomen</strong></span> <span class='ocrx_word' id='word_1_298' title='bbox 621 1856 727 1877; x_wconf 89' lang='lat' dir='ltr'><strong>meum</strong></span> <span class='ocrx_word' id='word_1_299' title='bbox 750 1848 782 1877; x_wconf 90' lang='lat' dir='ltr'><strong>in</strong></span> <span class='ocrx_word' id='word_1_300' title='bbox 806 1847 862 1877; x_wconf 86' lang='lat' dir='ltr'><strong>illa</strong></span> <span class='ocrx_word' id='word_1_301' title='bbox 886 1848 949 1885; x_wconf 76' lang='lat' dir='ltr'><strong>die,</strong></span> <span class='ocrx_word' id='word_1_302' title='bbox 966 1849 1041 1888; x_wconf 91' lang='lat' dir='ltr'><strong>quia</strong></span> <span class='ocrx_word' id='word_1_303' title='bbox 1053 1858 1116 1887; x_wconf 84' lang='lat' dir='ltr'><strong>ego</strong></span> 
     </span>
     <span class='ocr_line' id='line_1_47' title="bbox 294 1887 1116 1929; baseline 0.004 -13"><span class='ocrx_word' id='word_1_304' title='bbox 294 1887 365 1926; x_wconf 86' lang='lat' dir='ltr'><strong>ipse</strong></span> <span class='ocrx_word' id='word_1_305' title='bbox 389 1888 441 1927; x_wconf 93' lang='lat' dir='ltr'><strong>qui</strong></span> <span class='ocrx_word' id='word_1_306' title='bbox 465 1887 626 1929; x_wconf 78' lang='lat' dir='ltr'><strong>loquebar</strong></span> <span class='ocrx_word' id='word_1_307' title='bbox 649 1899 728 1919; x_wconf 87' lang='lat' dir='ltr'><strong>ecce</strong></span> <span class='ocrx_word' id='word_1_308' title='bbox 752 1890 926 1924; x_wconf 67' lang='lat' dir='ltr'><strong>adsum.2⁹&#39;)</strong></span> <span class='ocrx_word' id='word_1_309' title='bbox 971 1890 1012 1920; x_wconf 89' lang='lat' dir='ltr'><strong>Et</strong></span> <span class='ocrx_word' id='word_1_310' title='bbox 1034 1890 1116 1919; x_wconf 92' lang='lat' dir='ltr'>LIII.</span> 
     </span>
     <span class='ocr_line' id='line_1_48' title="bbox 297 1928 1116 1963; baseline 0.006 -5"><span class='ocrx_word' id='word_1_311' title='bbox 297 1928 420 1959; x_wconf 81' lang='lat' dir='ltr'><strong>Notitia</strong></span> <span class='ocrx_word' id='word_1_312' title='bbox 467 1932 537 1961; x_wconf 88' lang='lat' dir='ltr'><strong>eius</strong></span> <span class='ocrx_word' id='word_1_313' title='bbox 581 1931 770 1962; x_wconf 86' lang='lat' dir='ltr'><strong>iustificabit</strong></span> <span class='ocrx_word' id='word_1_314' title='bbox 799 1931 921 1962; x_wconf 83' lang='lat' dir='ltr'><strong>multos</strong></span> <span class='ocrx_word' id='word_1_315' title='bbox 946 1932 980 1963; x_wconf 87' lang='lat' dir='ltr'><strong>Si</strong></span> <span class='ocrx_word' id='word_1_316' title='bbox 1015 1942 1116 1963; x_wconf 81' lang='lat' dir='ltr'><strong>nosse</strong></span> 
     </span>
     <span class='ocr_line' id='line_1_49' title="bbox 295 1970 1117 2011; baseline 0.005 -10"><span class='ocrx_word' id='word_1_317' title='bbox 295 1970 462 2002; x_wconf 79' lang='lat' dir='ltr'><strong>Christum</strong></span> <span class='ocrx_word' id='word_1_318' title='bbox 485 1973 650 2011; x_wconf 76' lang='lat' dir='ltr'><strong>iustificat,</strong></span> <span class='ocrx_word' id='word_1_319' title='bbox 675 1984 814 2005; x_wconf 75' lang='lat' dir='ltr'><strong>necesse</strong></span> <span class='ocrx_word' id='word_1_320' title='bbox 838 1982 888 2005; x_wconf 81' lang='lat' dir='ltr'><strong>est</strong></span> <span class='ocrx_word' id='word_1_321' title='bbox 912 1986 985 2005; x_wconf 89' lang='lat' dir='ltr'><strong>eum</strong></span> <span class='ocrx_word' id='word_1_322' title='bbox 1008 1975 1117 2006; x_wconf 88' lang='lat' dir='ltr'><strong>Deum</strong></span> 
     </span>
     <span class='ocr_line' id='line_1_50' title="bbox 295 2015 1116 2058; baseline 0.005 -15"><span class='ocrx_word' id='word_1_323' title='bbox 295 2023 389 2050; x_wconf 79' lang='lat' dir='ltr'><strong>esse,</strong></span> <span class='ocrx_word' id='word_1_324' title='bbox 418 2015 500 2045; x_wconf 90' lang='lat' dir='ltr'><strong>Nam</strong></span> <span class='ocrx_word' id='word_1_325' title='bbox 524 2016 607 2046; x_wconf 84' lang='lat' dir='ltr'><strong>haec</strong></span> <span class='ocrx_word' id='word_1_326' title='bbox 636 2017 750 2047; x_wconf 83' lang='lat' dir='ltr'><strong>notitia</strong></span> <span class='ocrx_word' id='word_1_327' title='bbox 781 2017 942 2058; x_wconf 72' lang='lat' dir='ltr'><strong>significat</strong></span> <span class='ocrx_word' id='word_1_328' title='bbox 972 2028 1038 2048; x_wconf 88' lang='lat' dir='ltr'><strong>non</strong></span> <span class='ocrx_word' id='word_1_329' title='bbox 1063 2027 1116 2047; x_wconf 90' lang='lat' dir='ltr'><strong>so-</strong></span> 
     </span>
     <span class='ocr_line' id='line_1_51' title="bbox 295 2055 1116 2099; baseline 0.006 -14"><span class='ocrx_word' id='word_1_330' title='bbox 295 2055 362 2085; x_wconf 90' lang='lat' dir='ltr'><strong>lum</strong></span> <span class='ocrx_word' id='word_1_331' title='bbox 385 2057 498 2087; x_wconf 86' lang='lat' dir='ltr'><strong>videre</strong></span> <span class='ocrx_word' id='word_1_332' title='bbox 523 2057 578 2088; x_wconf 68' lang='lat' dir='ltr'><strong>vel</strong></span> <span class='ocrx_word' id='word_1_333' title='bbox 601 2059 714 2089; x_wconf 84' lang='lat' dir='ltr'><strong>audire</strong></span> <span class='ocrx_word' id='word_1_334' title='bbox 731 2066 960 2099; x_wconf 80' lang='lat' dir='ltr'><strong>praesentem,</strong></span> <span class='ocrx_word' id='word_1_335' title='bbox 988 2061 1048 2090; x_wconf 86' lang='lat' dir='ltr'><strong>sed</strong></span> <span class='ocrx_word' id='word_1_336' title='bbox 1074 2061 1116 2090; x_wconf 89' lang='lat' dir='ltr'><strong>si-</strong></span> 
     </span>
     <span class='ocr_line' id='line_1_52' title="bbox 294 2098 1115 2138; baseline 0.007 -12"><span class='ocrx_word' id='word_1_337' title='bbox 294 2098 427 2138; x_wconf 80' lang='lat' dir='ltr'><strong>gnificat</strong></span> <span class='ocrx_word' id='word_1_338' title='bbox 450 2099 600 2131; x_wconf 89' lang='lat' dir='ltr'><strong>fiduciam</strong></span> <span class='ocrx_word' id='word_1_339' title='bbox 614 2107 645 2131; x_wconf 86' lang='lat' dir='ltr'><strong>et</strong></span> <span class='ocrx_word' id='word_1_340' title='bbox 660 2102 913 2138; x_wconf 77' lang='lat' dir='ltr'><strong>invocationem,</strong></span> <span class='ocrx_word' id='word_1_341' title='bbox 937 2103 1020 2133; x_wconf 82' lang='lat' dir='ltr'><strong>sicut</strong></span> <span class='ocrx_word' id='word_1_342' title='bbox 1033 2102 1115 2132; x_wconf 86' lang='lat' dir='ltr'><strong>alias</strong></span> 
     </span>
     <span class='ocr_line' id='line_1_53' title="bbox 295 2140 1115 2185; baseline 0.007 -16"><span class='ocrx_word' id='word_1_343' title='bbox 295 2140 340 2170; x_wconf 86' lang='lat' dir='ltr'><strong>ait</strong></span> <span class='ocrx_word' id='word_1_344' title='bbox 362 2140 490 2172; x_wconf 86' lang='lat' dir='ltr'><strong>Esaias.</strong></span> <span class='ocrx_word' id='word_1_345' title='bbox 537 2142 571 2173; x_wconf 91' lang='lat' dir='ltr'><strong>In</strong></span> <span class='ocrx_word' id='word_1_346' title='bbox 602 2153 641 2173; x_wconf 92' lang='lat' dir='ltr'><strong>eo</strong></span> <span class='ocrx_word' id='word_1_347' title='bbox 675 2150 792 2185; x_wconf 82' lang='lat' dir='ltr'><strong>gentes</strong></span> <span class='ocrx_word' id='word_1_348' title='bbox 823 2146 1014 2185; x_wconf 88' lang='lat' dir='ltr'><strong>sperabunt.</strong></span> <span class='ocrx_word' id='word_1_349' title='bbox 1069 2145 1115 2175; x_wconf 88' lang='lat' dir='ltr'><strong>lta</strong></span> 
     </span>
     <span class='ocr_line' id='line_1_54' title="bbox 295 2183 1116 2227; baseline 0.01 -17"><span class='ocrx_word' id='word_1_350' title='bbox 295 2183 615 2227; x_wconf 60' lang='lat' dir='ltr'><strong>scripturasaepius</strong></span> <span class='ocrx_word' id='word_1_351' title='bbox 637 2188 782 2225; x_wconf 82' lang='lat' dir='ltr'><strong>practice</strong></span> <span class='ocrx_word' id='word_1_352' title='bbox 804 2197 866 2217; x_wconf 86' lang='lat' dir='ltr'><strong>nos</strong></span> <span class='ocrx_word' id='word_1_353' title='bbox 892 2188 987 2218; x_wconf 88' lang='lat' dir='ltr'><strong>docet</strong></span> <span class='ocrx_word' id='word_1_354' title='bbox 1011 2188 1051 2218; x_wconf 87' lang='lat' dir='ltr'><strong>de</strong></span> <span class='ocrx_word' id='word_1_355' title='bbox 1071 2188 1116 2218; x_wconf 95' lang='lat' dir='ltr'><strong>di-</strong></span> 
     </span>
     <span class='ocr_line' id='line_1_55' title="bbox 295 2225 1116 2260; baseline 0.007 -6"><span class='ocrx_word' id='word_1_356' title='bbox 295 2225 429 2257; x_wconf 65' lang='lat' dir='ltr'><strong>vinitate</strong></span> <span class='ocrx_word' id='word_1_357' title='bbox 452 2226 574 2257; x_wconf 75' lang='lat' dir='ltr'><strong>Christi</strong></span> <span class='ocrx_word' id='word_1_358' title='bbox 605 2235 636 2258; x_wconf 87' lang='lat' dir='ltr'><strong>et</strong></span> <span class='ocrx_word' id='word_1_359' title='bbox 665 2227 775 2260; x_wconf 87' lang='lat' dir='ltr'><strong>officia</strong></span> <span class='ocrx_word' id='word_1_360' title='bbox 806 2231 876 2260; x_wconf 87' lang='lat' dir='ltr'><strong>eius</strong></span> <span class='ocrx_word' id='word_1_361' title='bbox 910 2230 1006 2260; x_wconf 89' lang='lat' dir='ltr'><strong>nobis</strong></span> <span class='ocrx_word' id='word_1_362' title='bbox 1030 2240 1116 2260; x_wconf 87' lang='lat' dir='ltr'><strong>com-</strong></span> 
     </span>
     <span class='ocr_line' id='line_1_56' title="bbox 294 2268 1117 2303; baseline 0.009 -7"><span class='ocrx_word' id='word_1_363' title='bbox 294 2268 445 2299; x_wconf 85' lang='lat' dir='ltr'><strong>mendat.</strong></span> <span class='ocrx_word' id='word_1_364' title='bbox 482 2277 517 2300; x_wconf 81' lang='lat' dir='ltr'><strong>ut</strong></span> <span class='ocrx_word' id='word_1_365' title='bbox 544 2269 640 2301; x_wconf 83' lang='lat' dir='ltr'><strong>fidem</strong></span> <span class='ocrx_word' id='word_1_366' title='bbox 674 2273 707 2301; x_wconf 96' lang='lat' dir='ltr'><strong>in</strong></span> <span class='ocrx_word' id='word_1_367' title='bbox 742 2273 837 2302; x_wconf 87' lang='lat' dir='ltr'><strong>nobis</strong></span> <span class='ocrx_word' id='word_1_368' title='bbox 867 2273 987 2303; x_wconf 84' lang='lat' dir='ltr'><strong>excitet</strong></span> <span class='ocrx_word' id='word_1_369' title='bbox 1015 2278 1047 2303; x_wconf 86' lang='lat' dir='ltr'><strong>et</strong></span> <span class='ocrx_word' id='word_1_370' title='bbox 1077 2273 1117 2303; x_wconf 92' lang='lat' dir='ltr'><strong>de</strong></span> 
     </span>
     <span class='ocr_line' id='line_1_57' title="bbox 295 2311 1117 2354; baseline 0.009 -15"><span class='ocrx_word' id='word_1_371' title='bbox 295 2319 377 2339; x_wconf 86' lang='lat' dir='ltr'><strong>vero</strong></span> <span class='ocrx_word' id='word_1_372' title='bbox 402 2311 491 2343; x_wconf 81' lang='lat' dir='ltr'><strong>cultu</strong></span> <span class='ocrx_word' id='word_1_373' title='bbox 514 2322 575 2343; x_wconf 86' lang='lat' dir='ltr'><strong>nos</strong></span> <span class='ocrx_word' id='word_1_374' title='bbox 599 2314 728 2351; x_wconf 71' lang='lat' dir='ltr'><strong>doceat,</strong></span> <span class='ocrx_word' id='word_1_375' title='bbox 751 2316 827 2354; x_wconf 84' lang='lat' dir='ltr'><strong>quia</strong></span> <span class='ocrx_word' id='word_1_376' title='bbox 845 2315 877 2344; x_wconf 89' lang='lat' dir='ltr'><strong>in</strong></span> <span class='ocrx_word' id='word_1_377' title='bbox 901 2314 958 2345; x_wconf 82' lang='lat' dir='ltr'><strong>tali</strong></span> <span class='ocrx_word' id='word_1_378' title='bbox 980 2325 1043 2346; x_wconf 91' lang='lat' dir='ltr'><strong>usu</strong></span> <span class='ocrx_word' id='word_1_379' title='bbox 1067 2325 1117 2345; x_wconf 89' lang='lat' dir='ltr'><strong>re-</strong></span> 
     </span>
     <span class='ocr_line' id='line_1_58' title="bbox 296 2352 1117 2398; baseline 0.009 -17"><span class='ocrx_word' id='word_1_380' title='bbox 296 2352 379 2384; x_wconf 89' lang='lat' dir='ltr'><strong>ctius</strong></span> <span class='ocrx_word' id='word_1_381' title='bbox 402 2356 614 2396; x_wconf 83' lang='lat' dir='ltr'><strong>agnoscimus</strong></span> <span class='ocrx_word' id='word_1_382' title='bbox 631 2355 796 2387; x_wconf 86' lang='lat' dir='ltr'><strong>Christum</strong></span> <span class='ocrx_word' id='word_1_383' title='bbox 820 2367 917 2398; x_wconf 83' lang='lat' dir='ltr'><strong>quam</strong></span> <span class='ocrx_word' id='word_1_384' title='bbox 939 2359 971 2388; x_wconf 94' lang='lat' dir='ltr'><strong>in</strong></span> <span class='ocrx_word' id='word_1_385' title='bbox 996 2358 1117 2388; x_wconf 80' lang='lat' dir='ltr'><strong>ociosis</strong></span> 
     </span>
    </p>
   </div>
   <div class='ocr_carea' id='block_1_8' title="bbox 166 2419 347 2423">
    <p class='ocr_par' dir='ltr' id='par_1_9' title="bbox 166 2419 347 2423">
     <span class='ocr_line' id='line_1_59' title="bbox 166 2419 347 2423; baseline 0 0"><span class='ocrx_word' id='word_1_386' title='bbox 166 2419 347 2423; x_wconf 95' lang='lat' dir='ltr'><strong> </strong></span> 
     </span>
    </p>
   </div>
   <div class='ocr_carea' id='block_1_9' title="bbox 142 2440 1046 2473">
    <p class='ocr_par' dir='ltr' id='par_1_10' title="bbox 142 2440 1046 2473">
     <span class='ocr_line' id='line_1_60' title="bbox 142 2440 1046 2473; baseline 0 -7"><span class='ocrx_word' id='word_1_387' title='bbox 142 2443 188 2473; x_wconf 79' lang='lat'><strong>27)</strong></span> <span class='ocrx_word' id='word_1_388' title='bbox 208 2449 284 2468; x_wconf 89' lang='lat' dir='ltr'><strong>nemo</strong></span> <span class='ocrx_word' id='word_1_389' title='bbox 302 2442 366 2469; x_wconf 79' lang='lat' dir='ltr'><strong>tollit</strong></span> <span class='ocrx_word' id='word_1_390' title='bbox 385 2448 442 2466; x_wconf 83' lang='lat' dir='ltr'><strong>eam</strong></span> <span class='ocrx_word' id='word_1_391' title='bbox 463 2456 494 2459; x_wconf 87' lang='lat'><strong>—</strong></span> <span class='ocrx_word' id='word_1_392' title='bbox 514 2442 597 2467; x_wconf 82' lang='lat' dir='ltr'><strong>nabeo</strong></span> <span class='ocrx_word' id='word_1_393' title='bbox 617 2441 678 2473; x_wconf 63' lang='lat' dir='ltr'><strong>ete]</strong></span> <span class='ocrx_word' id='word_1_394' title='bbox 698 2440 773 2466; x_wconf 73' lang='lat' dir='ltr'><strong>haec</strong></span> <span class='ocrx_word' id='word_1_395' title='bbox 792 2443 823 2466; x_wconf 79' lang='lat' dir='ltr'><strong>in</strong></span> <span class='ocrx_word' id='word_1_396' title='bbox 841 2443 913 2467; x_wconf 82' lang='lat' dir='ltr'><strong>Editt.</strong></span> <span class='ocrx_word' id='word_1_397' title='bbox 934 2442 1046 2467; x_wconf 73' lang='lat' dir='ltr'><strong>desunt.</strong></span> 
     </span>
    </p>
   </div>
   <div class='ocr_carea' id='block_1_10' title="bbox 143 2491 1002 2565">
    <p class='ocr_par' dir='ltr' id='par_1_11' title="bbox 143 2491 1002 2565">
     <span class='ocr_line' id='line_1_61' title="bbox 143 2491 1002 2525; baseline -0.002 -7"><span class='ocrx_word' id='word_1_398' title='bbox 143 2493 189 2523; x_wconf 84' lang='lat'><strong>28)</strong></span> <span class='ocrx_word' id='word_1_399' title='bbox 209 2494 252 2518; x_wconf 75' lang='lat' dir='ltr'><strong>MS.</strong></span> <span class='ocrx_word' id='word_1_400' title='bbox 268 2495 341 2525; x_wconf 75' lang='lat' dir='ltr'><strong>post</strong></span> <span class='ocrx_word' id='word_1_401' title='bbox 359 2496 432 2523; x_wconf 79' lang='lat' dir='ltr'><strong>pater</strong></span> <span class='ocrx_word' id='word_1_402' title='bbox 451 2491 538 2517; x_wconf 78' lang='lat' dir='ltr'><strong>habet</strong></span> <span class='ocrx_word' id='word_1_403' title='bbox 558 2498 657 2517; x_wconf 77' lang='lat' dir='ltr'><strong>vocem</strong></span> <span class='ocrx_word' id='word_1_404' title='bbox 678 2492 779 2517; x_wconf 75' lang='lat' dir='ltr'><strong>futurae</strong></span> <span class='ocrx_word' id='word_1_405' title='bbox 800 2491 1002 2517; x_wconf 73' lang='lat' dir='ltr'><strong>obliteratam.</strong></span> 
     </span>
     <span class='ocr_line' id='line_1_62' title="bbox 143 2534 784 2565; baseline 0 -6"><span class='ocrx_word' id='word_1_406' title='bbox 143 2535 190 2565; x_wconf 77' lang='lat'><strong>29)</strong></span> <span class='ocrx_word' id='word_1_407' title='bbox 207 2536 263 2561; x_wconf 86' lang='lat' dir='ltr'><strong>Esa.</strong></span> <span class='ocrx_word' id='word_1_408' title='bbox 284 2537 324 2561; x_wconf 74' lang='lat'><strong>52.</strong></span> <span class='ocrx_word' id='word_1_409' title='bbox 343 2549 376 2553; x_wconf 92' lang='lat'>—</span> <span class='ocrx_word' id='word_1_410' title='bbox 396 2536 508 2565; x_wconf 71' lang='lat' dir='ltr'><strong>adsum]</strong></span> <span class='ocrx_word' id='word_1_411' title='bbox 528 2535 558 2559; x_wconf 82' lang='lat' dir='ltr'><strong>in</strong></span> <span class='ocrx_word' id='word_1_412' title='bbox 578 2535 651 2560; x_wconf 82' lang='lat' dir='ltr'><strong>Editt.</strong></span> <span class='ocrx_word' id='word_1_413' title='bbox 672 2534 784 2559; x_wconf 77' lang='lat' dir='ltr'><strong>desunt.</strong></span> 
     </span>
    </p>
   </div>
   <div class='ocr_carea' id='block_1_11' title="bbox 1130 206 1137 717">
    <p class='ocr_par' dir='ltr' id='par_1_12' title="bbox 1130 206 1137 717">
     <span class='ocr_line' id='line_1_63' title="bbox 1130 206 1137 717; baseline 0 0"><span class='ocrx_word' id='word_1_414' title='bbox 1130 206 1137 717; x_wconf 95' lang='lat' dir='ltr'><strong> </strong></span> 
     </span>
    </p>
   </div>
   <div class='ocr_carea' id='block_1_12' title="bbox 1133 868 1146 2543">
    <p class='ocr_par' dir='ltr' id='par_1_13' title="bbox 1133 868 1146 2543">
     <span class='ocr_line' id='line_1_64' title="bbox 1133 868 1146 2543; baseline 0 0"><span class='ocrx_word' id='word_1_415' title='bbox 1133 868 1146 2543; x_wconf 95' lang='lat' dir='ltr'><strong> </strong></span> 
     </span>
    </p>
   </div>
   <div class='ocr_carea' id='block_1_13' title="bbox 1154 195 1986 2400">
    <p class='ocr_par' dir='ltr' id='par_1_14' title="bbox 1154 195 1985 1155">
     <span class='ocr_line' id='line_1_65' title="bbox 1154 195 1976 236; baseline 0 -9"><span class='ocrx_word' id='word_1_416' title='bbox 1154 196 1447 236; x_wconf 82' lang='lat' dir='ltr'><strong>speculationibus.</strong></span> <span class='ocrx_word' id='word_1_417' title='bbox 1464 196 1520 226; x_wconf 88' lang='lat' dir='ltr'><strong>Ps.</strong></span> <span class='ocrx_word' id='word_1_418' title='bbox 1541 196 1668 228; x_wconf 86' lang='lat' dir='ltr'>XLIIII.</span> <span class='ocrx_word' id='word_1_419' title='bbox 1690 200 1753 235; x_wconf 80' lang='lat' dir='ltr'><strong>[vs.</strong></span> <span class='ocrx_word' id='word_1_420' title='bbox 1770 196 1832 233; x_wconf 65' lang='lat'><strong>12]</strong></span> <span class='ocrx_word' id='word_1_421' title='bbox 1846 195 1888 226; x_wconf 87' lang='lat' dir='ltr'><strong>Et</strong></span> <span class='ocrx_word' id='word_1_422' title='bbox 1901 206 1976 227; x_wconf 89' lang='lat' dir='ltr'><strong>con-</strong></span> 
     </span>
     <span class='ocr_line' id='line_1_66' title="bbox 1155 238 1977 279; baseline 0 -11"><span class='ocrx_word' id='word_1_423' title='bbox 1155 239 1303 279; x_wconf 85' lang='lat' dir='ltr'><strong>cupiscet</strong></span> <span class='ocrx_word' id='word_1_424' title='bbox 1318 249 1376 269; x_wconf 81' lang='lat' dir='ltr'><strong>rex</strong></span> <span class='ocrx_word' id='word_1_425' title='bbox 1389 239 1541 270; x_wconf 86' lang='lat' dir='ltr'><strong>decorem</strong></span> <span class='ocrx_word' id='word_1_426' title='bbox 1553 246 1654 276; x_wconf 79' lang='lat' dir='ltr'><strong>tuum,</strong></span> <span class='ocrx_word' id='word_1_427' title='bbox 1669 240 1822 279; x_wconf 87' lang='lat' dir='ltr'><strong>quoniam</strong></span> <span class='ocrx_word' id='word_1_428' title='bbox 1838 244 1899 269; x_wconf 88' lang='lat' dir='ltr'><strong>etc.</strong></span> <span class='ocrx_word' id='word_1_429' title='bbox 1916 238 1977 268; x_wconf 88' lang='lat' dir='ltr'><strong>Hic</strong></span> 
     </span>
     <span class='ocr_line' id='line_1_67' title="bbox 1155 279 1975 322; baseline -0.001 -11"><span class='ocrx_word' id='word_1_430' title='bbox 1155 291 1267 321; x_wconf 82' lang='lat' dir='ltr'><strong>regem</strong></span> <span class='ocrx_word' id='word_1_431' title='bbox 1292 283 1399 322; x_wconf 90' lang='lat' dir='ltr'><strong>ipsum</strong></span> <span class='ocrx_word' id='word_1_432' title='bbox 1422 281 1588 312; x_wconf 83' lang='lat' dir='ltr'><strong>Christum</strong></span> <span class='ocrx_word' id='word_1_433' title='bbox 1610 283 1756 312; x_wconf 90' lang='lat' dir='ltr'><strong>nominat</strong></span> <span class='ocrx_word' id='word_1_434' title='bbox 1778 281 1896 318; x_wconf 80' lang='lat' dir='ltr'><strong>Deum,</strong></span> <span class='ocrx_word' id='word_1_435' title='bbox 1919 279 1975 310; x_wconf 87' lang='lat' dir='ltr'><strong>Ps.</strong></span> 
     </span>
     <span class='ocr_line' id='line_1_68' title="bbox 1155 321 1976 361; baseline -0.001 -8"><span class='ocrx_word' id='word_1_436' title='bbox 1155 323 1271 353; x_wconf 87' lang='lat' dir='ltr'>LXXI.</span> <span class='ocrx_word' id='word_1_437' title='bbox 1317 324 1358 354; x_wconf 88' lang='lat' dir='ltr'><strong>Et</strong></span> <span class='ocrx_word' id='word_1_438' title='bbox 1391 324 1549 355; x_wconf 87' lang='lat' dir='ltr'><strong>timebunt</strong></span> <span class='ocrx_word' id='word_1_439' title='bbox 1578 334 1670 361; x_wconf 85' lang='lat' dir='ltr'><strong>eum,</strong></span> <span class='ocrx_word' id='word_1_440' title='bbox 1700 325 1807 354; x_wconf 90' lang='lat' dir='ltr'><strong>donec</strong></span> <span class='ocrx_word' id='word_1_441' title='bbox 1835 321 1888 353; x_wconf 89' lang='lat' dir='ltr'><strong>sol</strong></span> <span class='ocrx_word' id='word_1_442' title='bbox 1912 328 1976 353; x_wconf 93' lang='lat' dir='ltr'><strong>etc.</strong></span> 
     </span>
     <span class='ocr_line' id='line_1_69' title="bbox 1156 365 1977 406; baseline -0.001 -11"><span class='ocrx_word' id='word_1_443' title='bbox 1156 365 1236 396; x_wconf 85' lang='lat' dir='ltr'><strong>Item</strong></span> <span class='ocrx_word' id='word_1_444' title='bbox 1259 365 1301 396; x_wconf 85' lang='lat' dir='ltr'><strong>Et</strong></span> <span class='ocrx_word' id='word_1_445' title='bbox 1330 367 1515 396; x_wconf 85' lang='lat' dir='ltr'><strong>adorabunt</strong></span> <span class='ocrx_word' id='word_1_446' title='bbox 1538 377 1612 397; x_wconf 91' lang='lat' dir='ltr'><strong>eum</strong></span> <span class='ocrx_word' id='word_1_447' title='bbox 1642 376 1756 396; x_wconf 90' lang='lat' dir='ltr'><strong>omnes</strong></span> <span class='ocrx_word' id='word_1_448' title='bbox 1786 375 1883 406; x_wconf 84' lang='lat' dir='ltr'><strong>reges</strong></span> <span class='ocrx_word' id='word_1_449' title='bbox 1914 370 1977 395; x_wconf 89' lang='lat' dir='ltr'><strong>ter-</strong></span> 
     </span>
     <span class='ocr_line' id='line_1_70' title="bbox 1156 407 1978 448; baseline 0 -11"><span class='ocrx_word' id='word_1_450' title='bbox 1156 418 1224 438; x_wconf 85' lang='lat' dir='ltr'><strong>rae.</strong></span> <span class='ocrx_word' id='word_1_451' title='bbox 1270 408 1330 438; x_wconf 84' lang='lat' dir='ltr'><strong>Hic</strong></span> <span class='ocrx_word' id='word_1_452' title='bbox 1363 409 1515 439; x_wconf 82' lang='lat' dir='ltr'><strong>tribuitur</strong></span> <span class='ocrx_word' id='word_1_453' title='bbox 1545 408 1677 439; x_wconf 86' lang='lat' dir='ltr'><strong>Christo</strong></span> <span class='ocrx_word' id='word_1_454' title='bbox 1707 409 1875 445; x_wconf 72' lang='lat' dir='ltr'><strong>divinitas,</strong></span> <span class='ocrx_word' id='word_1_455' title='bbox 1903 407 1978 448; x_wconf 88' lang='lat' dir='ltr'><strong>quia</strong></span> 
     </span>
     <span class='ocr_line' id='line_1_71' title="bbox 1156 450 1978 491; baseline -0.001 -11"><span class='ocrx_word' id='word_1_456' title='bbox 1156 450 1311 490; x_wconf 69' lang='lat' dir='ltr'><strong>loquitur,</strong></span> <span class='ocrx_word' id='word_1_457' title='bbox 1334 460 1402 480; x_wconf 91' lang='lat' dir='ltr'><strong>non</strong></span> <span class='ocrx_word' id='word_1_458' title='bbox 1425 451 1466 481; x_wconf 87' lang='lat' dir='ltr'><strong>de</strong></span> <span class='ocrx_word' id='word_1_459' title='bbox 1485 450 1601 481; x_wconf 84' lang='lat' dir='ltr'><strong>officiis</strong></span> <span class='ocrx_word' id='word_1_460' title='bbox 1626 461 1709 491; x_wconf 85' lang='lat' dir='ltr'><strong>quae</strong></span> <span class='ocrx_word' id='word_1_461' title='bbox 1724 451 1860 491; x_wconf 85' lang='lat' dir='ltr'><strong>regibus</strong></span> <span class='ocrx_word' id='word_1_462' title='bbox 1884 459 1978 490; x_wconf 88' lang='lat' dir='ltr'><strong>prae-</strong></span> 
     </span>
     <span class='ocr_line' id='line_1_72' title="bbox 1158 491 1979 533; baseline -0.002 -11"><span class='ocrx_word' id='word_1_463' title='bbox 1158 493 1306 523; x_wconf 86' lang='lat' dir='ltr'><strong>sentibus</strong></span> <span class='ocrx_word' id='word_1_464' title='bbox 1329 499 1549 533; x_wconf 74' lang='lat' dir='ltr'><strong>praestantur,</strong></span> <span class='ocrx_word' id='word_1_465' title='bbox 1572 494 1632 523; x_wconf 89' lang='lat' dir='ltr'><strong>sed</strong></span> <span class='ocrx_word' id='word_1_466' title='bbox 1653 495 1692 523; x_wconf 85' lang='lat' dir='ltr'><strong>de</strong></span> <span class='ocrx_word' id='word_1_467' title='bbox 1705 498 1865 533; x_wconf 82' lang='lat' dir='ltr'><strong>perpetuo</strong></span> <span class='ocrx_word' id='word_1_468' title='bbox 1881 491 1979 522; x_wconf 87' lang='lat' dir='ltr'><strong>unius</strong></span> 
     </span>
     <span class='ocr_line' id='line_1_73' title="bbox 1157 536 1981 576; baseline -0.002 -11"><span class='ocrx_word' id='word_1_469' title='bbox 1157 544 1322 576; x_wconf 87' lang='lat' dir='ltr'><strong>personae</strong></span> <span class='ocrx_word' id='word_1_470' title='bbox 1355 545 1458 575; x_wconf 82' lang='lat' dir='ltr'><strong>regno</strong></span> <span class='ocrx_word' id='word_1_471' title='bbox 1499 541 1532 565; x_wconf 86' lang='lat' dir='ltr'><strong>et</strong></span> <span class='ocrx_word' id='word_1_472' title='bbox 1571 536 1612 565; x_wconf 92' lang='lat' dir='ltr'><strong>de</strong></span> <span class='ocrx_word' id='word_1_473' title='bbox 1648 536 1873 571; x_wconf 72' lang='lat' dir='ltr'><strong>invocatione,</strong></span> <span class='ocrx_word' id='word_1_474' title='bbox 1915 543 1981 574; x_wconf 86' lang='lat' dir='ltr'><strong>qua</strong></span> 
     </span>
     <span class='ocr_line' id='line_1_74' title="bbox 1159 576 1980 617; baseline -0.004 -10"><span class='ocrx_word' id='word_1_475' title='bbox 1159 576 1311 608; x_wconf 86' lang='lat' dir='ltr'><strong>Christus</strong></span> <span class='ocrx_word' id='word_1_476' title='bbox 1345 584 1505 617; x_wconf 87' lang='lat' dir='ltr'><strong>perpetuo</strong></span> <span class='ocrx_word' id='word_1_477' title='bbox 1536 576 1653 608; x_wconf 87' lang='lat' dir='ltr'><strong>colitur</strong></span> <span class='ocrx_word' id='word_1_478' title='bbox 1681 578 1777 607; x_wconf 87' lang='lat' dir='ltr'><strong>etiam</strong></span> <span class='ocrx_word' id='word_1_479' title='bbox 1811 587 1884 607; x_wconf 86' lang='lat' dir='ltr'><strong>cum</strong></span> <span class='ocrx_word' id='word_1_480' title='bbox 1913 584 1980 605; x_wconf 88' lang='lat' dir='ltr'><strong>non</strong></span> 
     </span>
     <span class='ocr_line' id='line_1_75' title="bbox 1159 618 1980 650; baseline -0.005 0"><span class='ocrx_word' id='word_1_481' title='bbox 1159 626 1376 650; x_wconf 83' lang='lat' dir='ltr'><strong>conversatur</strong></span> <span class='ocrx_word' id='word_1_482' title='bbox 1404 620 1576 650; x_wconf 88' lang='lat' dir='ltr'><strong>nobiscum</strong></span> <span class='ocrx_word' id='word_1_483' title='bbox 1604 619 1784 650; x_wconf 79' lang='lat' dir='ltr'><strong>visibiliter.</strong></span> <span class='ocrx_word' id='word_1_484' title='bbox 1831 618 1873 648; x_wconf 86' lang='lat' dir='ltr'><strong>Et</strong></span> <span class='ocrx_word' id='word_1_485' title='bbox 1895 618 1980 647; x_wconf 92' lang='lat' dir='ltr'><strong>simi-</strong></span> 
     </span>
     <span class='ocr_line' id='line_1_76' title="bbox 1159 661 1981 702; baseline -0.005 -10"><span class='ocrx_word' id='word_1_486' title='bbox 1159 661 1202 692; x_wconf 87' lang='lat' dir='ltr'><strong>lia</strong></span> <span class='ocrx_word' id='word_1_487' title='bbox 1231 663 1264 693; x_wconf 91' lang='lat' dir='ltr'><strong>in</strong></span> <span class='ocrx_word' id='word_1_488' title='bbox 1293 663 1466 702; x_wconf 83' lang='lat' dir='ltr'><strong>scripturis</strong></span> <span class='ocrx_word' id='word_1_489' title='bbox 1495 668 1669 692; x_wconf 84' lang='lat' dir='ltr'><strong>occurrent</strong></span> <span class='ocrx_word' id='word_1_490' title='bbox 1700 671 1785 702; x_wconf 79' lang='lat' dir='ltr'><strong>quae</strong></span> <span class='ocrx_word' id='word_1_491' title='bbox 1813 661 1981 690; x_wconf 79' lang='lat' dir='ltr'><strong>studiosus</strong></span> 
     </span>
     <span class='ocr_line' id='line_1_77' title="bbox 1158 701 1981 745; baseline -0.005 -11"><span class='ocrx_word' id='word_1_492' title='bbox 1158 704 1265 735; x_wconf 86' lang='lat' dir='ltr'><strong>lector</strong></span> <span class='ocrx_word' id='word_1_493' title='bbox 1276 702 1375 735; x_wconf 82' lang='lat' dir='ltr'><strong>facile</strong></span> <span class='ocrx_word' id='word_1_494' title='bbox 1388 710 1559 745; x_wconf 81' lang='lat' dir='ltr'><strong>agnoscet.</strong></span> <span class='ocrx_word' id='word_1_495' title='bbox 1584 704 1639 734; x_wconf 82' lang='lat' dir='ltr'><strong>Ps.</strong></span> <span class='ocrx_word' id='word_1_496' title='bbox 1654 704 1736 734; x_wconf 81' lang='lat' dir='ltr'><strong>CIX.</strong></span> <span class='ocrx_word' id='word_1_497' title='bbox 1753 708 1814 741; x_wconf 87' lang='lat' dir='ltr'><strong>[vs.</strong></span> <span class='ocrx_word' id='word_1_498' title='bbox 1831 703 1872 741; x_wconf 92' lang='lat' dir='ltr'><strong>l.]</strong></span> <span class='ocrx_word' id='word_1_499' title='bbox 1891 701 1981 732; x_wconf 71' lang='lat' dir='ltr'><strong>Dixit</strong></span> 
     </span>
     <span class='ocr_line' id='line_1_78' title="bbox 1159 743 1982 787; baseline -0.006 -10"><span class='ocrx_word' id='word_1_500' title='bbox 1159 754 1222 778; x_wconf 88' lang='lat' dir='ltr'><strong>etc.</strong></span> <span class='ocrx_word' id='word_1_501' title='bbox 1236 747 1314 777; x_wconf 91' lang='lat' dir='ltr'><strong>Inde</strong></span> <span class='ocrx_word' id='word_1_502' title='bbox 1328 753 1577 787; x_wconf 82' lang='lat' dir='ltr'><strong>argumentatur</strong></span> <span class='ocrx_word' id='word_1_503' title='bbox 1590 748 1594 764; x_wconf 92' lang='lat'><strong>¹</strong></span> <span class='ocrx_word' id='word_1_504' title='bbox 1608 757 1645 777; x_wconf 88' lang='lat' dir='ltr'><strong>se</strong></span> <span class='ocrx_word' id='word_1_505' title='bbox 1664 756 1730 776; x_wconf 90' lang='grc'><strong>11011</strong></span> <span class='ocrx_word' id='word_1_506' title='bbox 1744 746 1852 775; x_wconf 91' lang='lat' dir='ltr'><strong>solum</strong></span> <span class='ocrx_word' id='word_1_507' title='bbox 1870 743 1982 779; x_wconf 79' lang='lat' dir='ltr'><strong>filium,</strong></span> 
     </span>
     <span class='ocr_line' id='line_1_79' title="bbox 1161 788 1981 820; baseline -0.007 0"><span class='ocrx_word' id='word_1_508' title='bbox 1161 790 1222 820; x_wconf 83' lang='lat' dir='ltr'><strong>sed</strong></span> <span class='ocrx_word' id='word_1_509' title='bbox 1246 790 1343 820; x_wconf 87' lang='lat' dir='ltr'><strong>etiam</strong></span> <span class='ocrx_word' id='word_1_510' title='bbox 1367 790 1531 820; x_wconf 86' lang='lat' dir='ltr'><strong>dominum</strong></span> <span class='ocrx_word' id='word_1_511' title='bbox 1550 789 1701 820; x_wconf 81' lang='lat' dir='ltr'><strong>Davidis.</strong></span> <span class='ocrx_word' id='word_1_512' title='bbox 1747 788 1869 818; x_wconf 85' lang='lat' dir='ltr'><strong>Verum</strong></span> <span class='ocrx_word' id='word_1_513' title='bbox 1892 790 1981 815; x_wconf 89' lang='lat' dir='ltr'><strong>totus</strong></span> 
     </span>
     <span class='ocr_line' id='line_1_80' title="bbox 1160 827 1983 872; baseline -0.006 -11"><span class='ocrx_word' id='word_1_514' title='bbox 1160 843 1209 872; x_wconf 88' lang='lat' dir='ltr'><strong>ps.</strong></span> <span class='ocrx_word' id='word_1_515' title='bbox 1233 832 1277 863; x_wconf 91' lang='lat' dir='ltr'><strong>ibi</strong></span> <span class='ocrx_word' id='word_1_516' title='bbox 1302 832 1630 872; x_wconf 90' lang='lat' dir='ltr'><strong>comprehendendus</strong></span> <span class='ocrx_word' id='word_1_517' title='bbox 1654 838 1715 862; x_wconf 90' lang='lat' dir='ltr'><strong>est.</strong></span> <span class='ocrx_word' id='word_1_518' title='bbox 1750 830 1874 859; x_wconf 77' lang='lat' dir='ltr'><strong>Postea</strong></span> <span class='ocrx_word' id='word_1_519' title='bbox 1898 827 1983 857; x_wconf 91' lang='lat' dir='ltr'><strong>enim</strong></span> 
     </span>
     <span class='ocr_line' id='line_1_81' title="bbox 1161 868 1982 915; baseline -0.007 -11"><span class='ocrx_word' id='word_1_520' title='bbox 1161 875 1316 904; x_wconf 85' lang='lat' dir='ltr'><strong>describit</strong></span> <span class='ocrx_word' id='word_1_521' title='bbox 1346 885 1483 915; x_wconf 84' lang='lat' dir='ltr'><strong>regnum</strong></span> <span class='ocrx_word' id='word_1_522' title='bbox 1508 874 1629 904; x_wconf 85' lang='lat' dir='ltr'><strong>Christi</strong></span> <span class='ocrx_word' id='word_1_523' title='bbox 1661 872 1748 903; x_wconf 90' lang='lat' dir='ltr'><strong>Sede</strong></span> <span class='ocrx_word' id='word_1_524' title='bbox 1778 878 1842 901; x_wconf 78' lang='lat' dir='ltr'><strong>etc.</strong></span> <span class='ocrx_word' id='word_1_525' title='bbox 1900 868 1982 899; x_wconf 88' lang='lat' dir='ltr'><strong>Cum</strong></span> 
     </span>
     <span class='ocr_line' id='line_1_82' title="bbox 1160 917 1984 956; baseline -0.006 -10"><span class='ocrx_word' id='word_1_526' title='bbox 1160 923 1270 946; x_wconf 84' lang='lat' dir='ltr'><strong>autem</strong></span> <span class='ocrx_word' id='word_1_527' title='bbox 1294 917 1363 956; x_wconf 86' lang='lat' dir='ltr'><strong>pari</strong></span> <span class='ocrx_word' id='word_1_528' title='bbox 1388 917 1535 956; x_wconf 84' lang='lat' dir='ltr'><strong>potentia</strong></span> <span class='ocrx_word' id='word_1_529' title='bbox 1565 921 1679 955; x_wconf 82' lang='lat' dir='ltr'><strong>regnet</strong></span> <span class='ocrx_word' id='word_1_530' title='bbox 1704 925 1777 944; x_wconf 81' lang='lat' dir='ltr'><strong>cum</strong></span> <span class='ocrx_word' id='word_1_531' title='bbox 1799 919 1904 952; x_wconf 76' lang='lat' dir='ltr'><strong>patre,</strong></span> <span class='ocrx_word' id='word_1_532' title='bbox 1932 921 1984 941; x_wconf 89' lang='lat' dir='ltr'><strong>se-</strong></span> 
     </span>
     <span class='ocr_line' id='line_1_83' title="bbox 1161 954 1984 998; baseline -0.006 -10"><span class='ocrx_word' id='word_1_533' title='bbox 1161 960 1270 998; x_wconf 77' lang='lat' dir='ltr'><strong>quitlu·</strong></span> <span class='ocrx_word' id='word_1_534' title='bbox 1293 958 1460 987; x_wconf 84' lang='lat' dir='ltr'><strong>Christum</strong></span> <span class='ocrx_word' id='word_1_535' title='bbox 1482 957 1589 986; x_wconf 89' lang='lat' dir='ltr'><strong>Deum</strong></span> <span class='ocrx_word' id='word_1_536' title='bbox 1614 966 1706 992; x_wconf 81' lang='lat' dir='ltr'><strong>esse,</strong></span> <span class='ocrx_word' id='word_1_537' title='bbox 1741 966 1813 985; x_wconf 89' lang='lat' dir='ltr'><strong>cum</strong></span> <span class='ocrx_word' id='word_1_538' title='bbox 1838 954 1984 994; x_wconf 86' lang='lat' dir='ltr'><strong>potentia</strong></span> 
     </span>
     <span class='ocr_line' id='line_1_84' title="bbox 1161 996 1983 1037; baseline -0.005 -8"><span class='ocrx_word' id='word_1_539' title='bbox 1161 996 1201 1029; x_wconf 82' lang='lat' dir='ltr'><strong>sit</strong></span> <span class='ocrx_word' id='word_1_540' title='bbox 1214 1000 1350 1030; x_wconf 81' lang='lat' dir='ltr'><strong>infinita.</strong></span> <span class='ocrx_word' id='word_1_541' title='bbox 1376 998 1432 1028; x_wconf 90' lang='lat' dir='ltr'><strong>Ps.</strong></span> <span class='ocrx_word' id='word_1_542' title='bbox 1446 999 1483 1027; x_wconf 90' lang='lat'><strong>11.</strong></span> <span class='ocrx_word' id='word_1_543' title='bbox 1499 1002 1561 1035; x_wconf 83' lang='lat' dir='ltr'><strong>[vs.</strong></span> <span class='ocrx_word' id='word_1_544' title='bbox 1575 999 1620 1036; x_wconf 85' lang='lat'><strong>7.]</strong></span> <span class='ocrx_word' id='word_1_545' title='bbox 1634 998 1706 1037; x_wconf 81' lang='lat' dir='ltr'><strong>Ego</strong></span> <span class='ocrx_word' id='word_1_546' title='bbox 1718 997 1816 1027; x_wconf 89' lang='lat' dir='ltr'><strong>hodie</strong></span> <span class='ocrx_word' id='word_1_547' title='bbox 1830 997 1927 1037; x_wconf 81' lang='lat' dir='ltr'><strong>genui</strong></span> <span class='ocrx_word' id='word_1_548' title='bbox 1940 1001 1983 1025; x_wconf 81' lang='lat' dir='ltr'><strong>te.</strong></span> 
     </span>
     <span class='ocr_line' id='line_1_85' title="bbox 1160 1038 1985 1078; baseline -0.004 -8"><span class='ocrx_word' id='word_1_549' title='bbox 1160 1042 1232 1071; x_wconf 90' lang='lat' dir='ltr'><strong>Hoc</strong></span> <span class='ocrx_word' id='word_1_550' title='bbox 1262 1041 1302 1070; x_wconf 91' lang='lat' dir='ltr'><strong>de</strong></span> <span class='ocrx_word' id='word_1_551' title='bbox 1333 1039 1406 1070; x_wconf 91' lang='lat' dir='ltr'><strong>solo</strong></span> <span class='ocrx_word' id='word_1_552' title='bbox 1436 1039 1569 1070; x_wconf 90' lang='lat' dir='ltr'><strong>Christo</strong></span> <span class='ocrx_word' id='word_1_553' title='bbox 1604 1040 1730 1069; x_wconf 81' lang='lat' dir='ltr'><strong>dicitur.</strong></span> <span class='ocrx_word' id='word_1_554' title='bbox 1793 1039 1852 1068; x_wconf 76' lang='lat' dir='ltr'><strong>Est</strong></span> <span class='ocrx_word' id='word_1_555' title='bbox 1887 1038 1985 1078; x_wconf 80' lang='lat' dir='ltr'><strong>igitur</strong></span> 
     </span>
     <span class='ocr_line' id='line_1_86' title="bbox 1160 1080 1985 1122; baseline -0.002 -10"><span class='ocrx_word' id='word_1_556' title='bbox 1160 1089 1278 1113; x_wconf 85' lang='lat' dir='ltr'><strong>natura</strong></span> <span class='ocrx_word' id='word_1_557' title='bbox 1304 1082 1365 1112; x_wconf 72' lang='lat' dir='ltr'><strong>Dei</strong></span> <span class='ocrx_word' id='word_1_558' title='bbox 1394 1081 1490 1111; x_wconf 78' lang='lat' dir='ltr'><strong>filius.</strong></span> <span class='ocrx_word' id='word_1_559' title='bbox 1541 1081 1653 1116; x_wconf 87' lang='lat' dir='ltr'><strong>Quare</strong></span> <span class='ocrx_word' id='word_1_560' title='bbox 1676 1080 1798 1122; x_wconf 89' lang='lat' dir='ltr'><strong>aliquid</strong></span> <span class='ocrx_word' id='word_1_561' title='bbox 1821 1081 1884 1111; x_wconf 92' lang='lat' dir='ltr'><strong>Dei</strong></span> <span class='ocrx_word' id='word_1_562' title='bbox 1907 1089 1985 1110; x_wconf 76' lang='lat' dir='ltr'><strong>vere</strong></span> 
     </span>
     <span class='ocr_line' id='line_1_87' title="bbox 1161 1124 1436 1155; baseline -0.007 0"><span class='ocrx_word' id='word_1_563' title='bbox 1161 1131 1211 1155; x_wconf 82' lang='lat' dir='ltr'><strong>est</strong></span> <span class='ocrx_word' id='word_1_564' title='bbox 1235 1126 1268 1155; x_wconf 92' lang='lat' dir='ltr'><strong>in</strong></span> <span class='ocrx_word' id='word_1_565' title='bbox 1292 1124 1436 1154; x_wconf 89' lang='lat' dir='ltr'><strong>Christo.</strong></span> 
     </span>
    </p>

    <p class='ocr_par' dir='ltr' id='par_1_15' title="bbox 1161 1167 1986 2400">
     <span class='ocr_line' id='line_1_88' title="bbox 1205 1167 1986 1211; baseline 0.004 -13"><span class='ocrx_word' id='word_1_566' title='bbox 1205 1168 1240 1198; x_wconf 87' lang='lat' dir='ltr'><strong>Si</strong></span> <span class='ocrx_word' id='word_1_567' title='bbox 1281 1167 1432 1197; x_wconf 87' lang='lat' dir='ltr'><strong>obiicitur</strong></span> <span class='ocrx_word' id='word_1_568' title='bbox 1466 1174 1616 1198; x_wconf 87' lang='lat' dir='ltr'><strong>naturam</strong></span> <span class='ocrx_word' id='word_1_569' title='bbox 1648 1168 1790 1199; x_wconf 66' lang='lat' dir='ltr'><strong>dixinam</strong></span> <span class='ocrx_word' id='word_1_570' title='bbox 1819 1180 1884 1200; x_wconf 89' lang='lat' dir='ltr'><strong>non</strong></span> <span class='ocrx_word' id='word_1_571' title='bbox 1906 1171 1986 1211; x_wconf 79' lang='lat' dir='ltr'><strong>pati,</strong></span> 
     </span>
     <span class='ocr_line' id='line_1_89' title="bbox 1161 1208 1985 1251; baseline 0.004 -11"><span class='ocrx_word' id='word_1_572' title='bbox 1161 1220 1228 1240; x_wconf 89' lang='lat' dir='ltr'><strong>non</strong></span> <span class='ocrx_word' id='word_1_573' title='bbox 1250 1210 1344 1240; x_wconf 90' lang='lat' dir='ltr'><strong>mori.</strong></span> <span class='ocrx_word' id='word_1_574' title='bbox 1369 1208 1535 1240; x_wconf 86' lang='lat' dir='ltr'><strong>Christum</strong></span> <span class='ocrx_word' id='word_1_575' title='bbox 1560 1217 1667 1241; x_wconf 88' lang='lat' dir='ltr'><strong>autem</strong></span> <span class='ocrx_word' id='word_1_576' title='bbox 1690 1222 1826 1251; x_wconf 80' lang='lat' dir='ltr'><strong>passum</strong></span> <span class='ocrx_word' id='word_1_577' title='bbox 1850 1219 1881 1242; x_wconf 83' lang='lat' dir='ltr'><strong>et</strong></span> <span class='ocrx_word' id='word_1_578' title='bbox 1900 1223 1985 1243; x_wconf 90' lang='lat' dir='ltr'><strong>mor-</strong></span> 
     </span>
     <span class='ocr_line' id='line_1_90' title="bbox 1162 1251 1984 1293; baseline 0.001 -9"><span class='ocrx_word' id='word_1_579' title='bbox 1162 1259 1262 1284; x_wconf 87' lang='lat' dir='ltr'><strong>tuum.</strong></span> <span class='ocrx_word' id='word_1_580' title='bbox 1309 1251 1468 1293; x_wconf 81' lang='lat' dir='ltr'><strong>Vulgaris</strong></span> <span class='ocrx_word' id='word_1_581' title='bbox 1491 1252 1611 1283; x_wconf 86' lang='lat' dir='ltr'><strong>solutio</strong></span> <span class='ocrx_word' id='word_1_582' title='bbox 1636 1259 1697 1290; x_wconf 74' lang='lat' dir='ltr'><strong>est,</strong></span> <span class='ocrx_word' id='word_1_583' title='bbox 1711 1252 1793 1284; x_wconf 84' lang='lat' dir='ltr'><strong>Cum</strong></span> <span class='ocrx_word' id='word_1_584' title='bbox 1813 1255 1896 1285; x_wconf 86' lang='lat' dir='ltr'><strong>duae</strong></span> <span class='ocrx_word' id='word_1_585' title='bbox 1919 1256 1984 1286; x_wconf 86' lang='lat' dir='ltr'><strong>sint</strong></span> 
     </span>
     <span class='ocr_line' id='line_1_91' title="bbox 1161 1294 1985 1337; baseline 0.002 -11"><span class='ocrx_word' id='word_1_586' title='bbox 1161 1302 1300 1326; x_wconf 88' lang='lat' dir='ltr'><strong>naturae</strong></span> <span class='ocrx_word' id='word_1_587' title='bbox 1322 1295 1355 1324; x_wconf 93' lang='lat' dir='ltr'><strong>in</strong></span> <span class='ocrx_word' id='word_1_588' title='bbox 1379 1294 1523 1330; x_wconf 75' lang='lat' dir='ltr'><strong>Chm‘sto,</strong></span> <span class='ocrx_word' id='word_1_589' title='bbox 1547 1296 1709 1336; x_wconf 87' lang='lat' dir='ltr'><strong>quaedam</strong></span> <span class='ocrx_word' id='word_1_590' title='bbox 1732 1298 1865 1337; x_wconf 86' lang='lat' dir='ltr'><strong>propria</strong></span> <span class='ocrx_word' id='word_1_591' title='bbox 1888 1298 1985 1328; x_wconf 85' lang='lat' dir='ltr'><strong>unius</strong></span> 
     </span>
     <span class='ocr_line' id='line_1_92' title="bbox 1161 1339 1985 1380; baseline 0 -11"><span class='ocrx_word' id='word_1_592' title='bbox 1161 1345 1299 1369; x_wconf 88' lang='lat' dir='ltr'><strong>naturae</strong></span> <span class='ocrx_word' id='word_1_593' title='bbox 1318 1343 1405 1374; x_wconf 79' lang='lat' dir='ltr'><strong>sunt,</strong></span> <span class='ocrx_word' id='word_1_594' title='bbox 1428 1344 1537 1368; x_wconf 83' lang='lat' dir='ltr'><strong>tamen</strong></span> <span class='ocrx_word' id='word_1_595' title='bbox 1555 1348 1621 1368; x_wconf 92' lang='lat' dir='ltr'><strong>non</strong></span> <span class='ocrx_word' id='word_1_596' title='bbox 1640 1339 1817 1378; x_wconf 83' lang='lat' dir='ltr'><strong>impediunt</strong></span> <span class='ocrx_word' id='word_1_597' title='bbox 1842 1349 1906 1380; x_wconf 88' lang='lat' dir='ltr'><strong>quo</strong></span> <span class='ocrx_word' id='word_1_598' title='bbox 1929 1340 1985 1370; x_wconf 79' lang='lat' dir='ltr'><strong>mi—</strong></span> 
     </span>
     <span class='ocr_line' id='line_1_93' title="bbox 1162 1378 1985 1422; baseline 0.001 -11"><span class='ocrx_word' id='word_1_599' title='bbox 1162 1391 1224 1411; x_wconf 89' lang='lat' dir='ltr'><strong>nus</strong></span> <span class='ocrx_word' id='word_1_600' title='bbox 1259 1380 1344 1410; x_wconf 85' lang='lat' dir='ltr'><strong>adsit</strong></span> <span class='ocrx_word' id='word_1_601' title='bbox 1379 1378 1485 1410; x_wconf 84' lang='lat' dir='ltr'><strong>altera</strong></span> <span class='ocrx_word' id='word_1_602' title='bbox 1518 1387 1647 1411; x_wconf 88' lang='lat' dir='ltr'><strong>natura.</strong></span> <span class='ocrx_word' id='word_1_603' title='bbox 1703 1381 1842 1422; x_wconf 87' lang='lat' dir='ltr'><strong>Propria</strong></span> <span class='ocrx_word' id='word_1_604' title='bbox 1877 1389 1985 1412; x_wconf 85' lang='lat' dir='ltr'><strong>autem</strong></span> 
     </span>
     <span class='ocr_line' id='line_1_94' title="bbox 1162 1422 1983 1464; baseline 0.001 -11"><span class='ocrx_word' id='word_1_605' title='bbox 1162 1429 1239 1453; x_wconf 88' lang='lat' dir='ltr'><strong>sunt</strong></span> <span class='ocrx_word' id='word_1_606' title='bbox 1262 1422 1346 1452; x_wconf 90' lang='lat' dir='ltr'><strong>haec</strong></span> <span class='ocrx_word' id='word_1_607' title='bbox 1369 1422 1532 1453; x_wconf 87' lang='lat' dir='ltr'><strong>humanae</strong></span> <span class='ocrx_word' id='word_1_608' title='bbox 1556 1429 1705 1460; x_wconf 77' lang='lat' dir='ltr'><strong>naturae,</strong></span> <span class='ocrx_word' id='word_1_609' title='bbox 1724 1425 1802 1464; x_wconf 75' lang='lat' dir='ltr'><strong>pati,</strong></span> <span class='ocrx_word' id='word_1_610' title='bbox 1821 1426 1903 1454; x_wconf 83' lang='lat' dir='ltr'><strong>mori</strong></span> <span class='ocrx_word' id='word_1_611' title='bbox 1921 1430 1983 1454; x_wconf 86' lang='lat' dir='ltr'><strong>etc.</strong></span> 
     </span>
     <span class='ocr_line' id='line_1_95' title="bbox 1162 1464 1983 1506; baseline 0.001 -10"><span class='ocrx_word' id='word_1_612' title='bbox 1162 1466 1239 1496; x_wconf 90' lang='lat' dir='ltr'><strong>Ideo</strong></span> <span class='ocrx_word' id='word_1_613' title='bbox 1264 1472 1293 1495; x_wconf 91' lang='lat' dir='ltr'><strong>et</strong></span> <span class='ocrx_word' id='word_1_614' title='bbox 1317 1465 1437 1496; x_wconf 86' lang='lat' dir='ltr'><strong>Petrus</strong></span> <span class='ocrx_word' id='word_1_615' title='bbox 1461 1465 1551 1503; x_wconf 78' lang='lat' dir='ltr'><strong>dixit,</strong></span> <span class='ocrx_word' id='word_1_616' title='bbox 1575 1464 1742 1496; x_wconf 86' lang='lat' dir='ltr'><strong>Christum</strong></span> <span class='ocrx_word' id='word_1_617' title='bbox 1761 1476 1896 1506; x_wconf 85' lang='lat' dir='ltr'><strong>passum</strong></span> <span class='ocrx_word' id='word_1_618' title='bbox 1920 1474 1983 1497; x_wconf 86' lang='lat' dir='ltr'><strong>etc.</strong></span> 
     </span>
     <span class='ocr_line' id='line_1_96' title="bbox 1162 1507 1985 1548; baseline 0.001 -10"><span class='ocrx_word' id='word_1_619' title='bbox 1162 1508 1377 1538; x_wconf 84' lang='lat' dir='ltr'><strong>Recentiores</strong></span> <span class='ocrx_word' id='word_1_620' title='bbox 1402 1508 1557 1538; x_wconf 81' lang='lat' dir='ltr'><strong>doctores</strong></span> <span class='ocrx_word' id='word_1_621' title='bbox 1580 1507 1682 1538; x_wconf 82' lang='lat' dir='ltr'><strong>multa</strong></span> <span class='ocrx_word' id='word_1_622' title='bbox 1699 1510 1877 1548; x_wconf 68' lang='lat' dir='ltr'><strong>disputant,</strong></span> <span class='ocrx_word' id='word_1_623' title='bbox 1892 1508 1985 1539; x_wconf 77' lang='lat' dir='ltr'><strong>Chri-</strong></span> 
     </span>
     <span class='ocr_line' id='line_1_97' title="bbox 1162 1548 1986 1592; baseline 0 -11"><span class='ocrx_word' id='word_1_624' title='bbox 1162 1557 1250 1581; x_wconf 87' lang='lat' dir='ltr'><strong>stum</strong></span> <span class='ocrx_word' id='word_1_625' title='bbox 1273 1549 1369 1580; x_wconf 88' lang='lat' dir='ltr'><strong>simul</strong></span> <span class='ocrx_word' id='word_1_626' title='bbox 1391 1548 1494 1580; x_wconf 82' lang='lat' dir='ltr'><strong>fuisse</strong></span> <span class='ocrx_word' id='word_1_627' title='bbox 1516 1551 1645 1581; x_wconf 84' lang='lat' dir='ltr'><strong>beatum</strong></span> <span class='ocrx_word' id='word_1_628' title='bbox 1669 1557 1700 1581; x_wconf 91' lang='lat' dir='ltr'><strong>et</strong></span> <span class='ocrx_word' id='word_1_629' title='bbox 1713 1552 1745 1581; x_wconf 87' lang='lat' dir='ltr'><strong>iu</strong></span> <span class='ocrx_word' id='word_1_630' title='bbox 1765 1561 1891 1581; x_wconf 85' lang='lat' dir='ltr'><strong>summo</strong></span> <span class='ocrx_word' id='word_1_631' title='bbox 1907 1562 1986 1592; x_wconf 86' lang='lat' dir='ltr'><strong>gau-</strong></span> 
     </span>
     <span class='ocr_line' id='line_1_98' title="bbox 1163 1593 1985 1633; baseline 0.001 -10"><span class='ocrx_word' id='word_1_632' title='bbox 1163 1594 1216 1623; x_wconf 91' lang='lat' dir='ltr'><strong>dio</strong></span> <span class='ocrx_word' id='word_1_633' title='bbox 1240 1594 1329 1623; x_wconf 63' lang='lat' dir='ltr'><strong>iuxta</strong></span> <span class='ocrx_word' id='word_1_634' title='bbox 1353 1594 1557 1633; x_wconf 88' lang='lat' dir='ltr'><strong>superiorem</strong></span> <span class='ocrx_word' id='word_1_635' title='bbox 1580 1594 1763 1633; x_wconf 81' lang='lat' dir='ltr'><strong>portionem</strong></span> <span class='ocrx_word' id='word_1_636' title='bbox 1782 1594 1918 1624; x_wconf 84' lang='lat' dir='ltr'><strong>rationis</strong></span> <span class='ocrx_word' id='word_1_637' title='bbox 1932 1593 1985 1624; x_wconf 81' lang='lat' dir='ltr'><strong>vel</strong></span> 
     </span>
     <span class='ocr_line' id='line_1_99' title="bbox 1162 1635 1983 1676; baseline 0.001 -11"><span class='ocrx_word' id='word_1_638' title='bbox 1162 1635 1324 1666; x_wconf 88' lang='lat' dir='ltr'><strong>humanae</strong></span> <span class='ocrx_word' id='word_1_639' title='bbox 1357 1636 1474 1666; x_wconf 87' lang='lat' dir='ltr'><strong>mentis</strong></span> <span class='ocrx_word' id='word_1_640' title='bbox 1508 1646 1594 1676; x_wconf 86' lang='lat' dir='ltr'><strong>quae</strong></span> <span class='ocrx_word' id='word_1_641' title='bbox 1628 1636 1770 1666; x_wconf 83' lang='lat' dir='ltr'><strong>intuetur</strong></span> <span class='ocrx_word' id='word_1_642' title='bbox 1804 1637 1900 1666; x_wconf 90' lang='lat' dir='ltr'><strong>deum</strong></span> <span class='ocrx_word' id='word_1_643' title='bbox 1935 1642 1983 1673; x_wconf 18' lang='lat' dir='ltr'><strong>(rut</strong></span> 
     </span>
     <span class='ocr_line' id='line_1_100' title="bbox 1164 1677 1985 1717; baseline 0.001 -9"><span class='ocrx_word' id='word_1_644' title='bbox 1164 1679 1281 1717; x_wconf 83' lang='lat' dir='ltr'><strong>aium.)</strong></span> <span class='ocrx_word' id='word_1_645' title='bbox 1307 1684 1339 1708; x_wconf 89' lang='lat' dir='ltr'><strong>et</strong></span> <span class='ocrx_word' id='word_1_646' title='bbox 1367 1679 1400 1708; x_wconf 89' lang='lat' dir='ltr'><strong>in</strong></span> <span class='ocrx_word' id='word_1_647' title='bbox 1433 1679 1567 1709; x_wconf 81' lang='lat' dir='ltr'><strong>summis</strong></span> <span class='ocrx_word' id='word_1_648' title='bbox 1604 1677 1772 1708; x_wconf 88' lang='lat' dir='ltr'><strong>doloribus</strong></span> <span class='ocrx_word' id='word_1_649' title='bbox 1806 1679 1985 1709; x_wconf 85' lang='lat' dir='ltr'><strong>secundum</strong></span> 
     </span>
     <span class='ocr_line' id='line_1_101' title="bbox 1163 1720 1985 1761; baseline 0.004 -12"><span class='ocrx_word' id='word_1_650' title='bbox 1163 1721 1348 1760; x_wconf 76' lang='lat' dir='ltr'><strong>portionem</strong></span> <span class='ocrx_word' id='word_1_651' title='bbox 1371 1720 1574 1758; x_wconf 51' lang='lat' dir='ltr'><strong>inferiorem.</strong></span> <span class='ocrx_word' id='word_1_652' title='bbox 1598 1723 1835 1761; x_wconf 80' lang='lat' dir='ltr'><strong>propemodum</strong></span> <span class='ocrx_word' id='word_1_653' title='bbox 1857 1728 1891 1752; x_wconf 90' lang='lat' dir='ltr'><strong>ut</strong></span> <span class='ocrx_word' id='word_1_654' title='bbox 1916 1722 1985 1753; x_wconf 85' lang='lat' dir='ltr'><strong>Ma-</strong></span> 
     </span>
     <span class='ocr_line' id='line_1_102' title="bbox 1163 1761 1985 1806; baseline 0.005 -14"><span class='ocrx_word' id='word_1_655' title='bbox 1163 1761 1292 1792; x_wconf 84' lang='lat' dir='ltr'><strong>nichaei</strong></span> <span class='ocrx_word' id='word_1_656' title='bbox 1315 1763 1537 1800; x_wconf 69' lang='lat' dir='ltr'><strong>somniarunt.</strong></span> <span class='ocrx_word' id='word_1_657' title='bbox 1567 1762 1667 1794; x_wconf 88' lang='lat' dir='ltr'><strong>filium</strong></span> <span class='ocrx_word' id='word_1_658' title='bbox 1690 1764 1753 1794; x_wconf 78' lang='lat' dir='ltr'><strong>Dei</strong></span> <span class='ocrx_word' id='word_1_659' title='bbox 1782 1765 1813 1794; x_wconf 91' lang='lat' dir='ltr'><strong>in</strong></span> <span class='ocrx_word' id='word_1_660' title='bbox 1838 1771 1985 1806; x_wconf 84' lang='lat' dir='ltr'><strong>recepta-</strong></span> 
     </span>
     <span class='ocr_line' id='line_1_103' title="bbox 1165 1804 1985 1846; baseline 0.005 -12"><span class='ocrx_word' id='word_1_661' title='bbox 1165 1804 1238 1835; x_wconf 78' lang='lat' dir='ltr'><strong>culo</strong></span> <span class='ocrx_word' id='word_1_662' title='bbox 1258 1814 1394 1845; x_wconf 86' lang='lat' dir='ltr'><strong>passum</strong></span> <span class='ocrx_word' id='word_1_663' title='bbox 1418 1815 1505 1835; x_wconf 82' lang='lat' dir='ltr'><strong>esse.</strong></span> <span class='ocrx_word' id='word_1_664' title='bbox 1528 1805 1646 1840; x_wconf 72' lang='lat' dir='ltr'><strong>Has30)</strong></span> <span class='ocrx_word' id='word_1_665' title='bbox 1676 1807 1911 1846; x_wconf 87' lang='lat' dir='ltr'><strong>disputationes</strong></span> <span class='ocrx_word' id='word_1_666' title='bbox 1935 1818 1985 1838; x_wconf 93' lang='lat' dir='ltr'><strong>re-</strong></span> 
     </span>
     <span class='ocr_line' id='line_1_104' title="bbox 1163 1847 1985 1888; baseline 0.004 -11"><span class='ocrx_word' id='word_1_667' title='bbox 1163 1847 1349 1888; x_wconf 86' lang='lat' dir='ltr'><strong>linquamus</strong></span> <span class='ocrx_word' id='word_1_668' title='bbox 1383 1848 1527 1888; x_wconf 81' lang='lat' dir='ltr'><strong>ipsarum</strong></span> <span class='ocrx_word' id='word_1_669' title='bbox 1553 1848 1556 1873; x_wconf 85' lang='grc' dir='ltr'>Ι</span> <span class='ocrx_word' id='word_1_670' title='bbox 1582 1850 1762 1879; x_wconf 76' lang='lat' dir='ltr'><strong>autoribuS.</strong></span> <span class='ocrx_word' id='word_1_671' title='bbox 1817 1849 1895 1880; x_wconf 85' lang='lat' dir='ltr'><strong>Mihi</strong></span> <span class='ocrx_word' id='word_1_672' title='bbox 1919 1860 1985 1880; x_wconf 89' lang='lat' dir='ltr'><strong>ma-</strong></span> 
     </span>
     <span class='ocr_line' id='line_1_105' title="bbox 1164 1889 1985 1931; baseline 0.004 -12"><span class='ocrx_word' id='word_1_673' title='bbox 1164 1891 1214 1931; x_wconf 82' lang='lat' dir='ltr'><strong>gis</strong></span> <span class='ocrx_word' id='word_1_674' title='bbox 1248 1889 1356 1930; x_wconf 87' lang='lat' dir='ltr'><strong>placet</strong></span> <span class='ocrx_word' id='word_1_675' title='bbox 1391 1891 1478 1930; x_wconf 88' lang='lat' dir='ltr'><strong>quod</strong></span> <span class='ocrx_word' id='word_1_676' title='bbox 1510 1891 1612 1931; x_wconf 89' lang='lat' dir='ltr'><strong>inquit</strong></span> <span class='ocrx_word' id='word_1_677' title='bbox 1644 1891 1788 1929; x_wconf 79' lang='lat' dir='ltr'><strong>Ireneus,</strong></span> <span class='ocrx_word' id='word_1_678' title='bbox 1820 1892 1985 1922; x_wconf 87' lang='lat' dir='ltr'><strong>Christum</strong></span> 
     </span>
     <span class='ocr_line' id='line_1_106' title="bbox 1163 1934 1984 1974; baseline 0.004 -12"><span class='ocrx_word' id='word_1_679' title='bbox 1163 1942 1298 1974; x_wconf 88' lang='lat' dir='ltr'><strong>passum</strong></span> <span class='ocrx_word' id='word_1_680' title='bbox 1323 1942 1399 1962; x_wconf 82' lang='lat' dir='ltr'><strong>esse</strong></span> <span class='ocrx_word' id='word_1_681' title='bbox 1422 1934 1651 1973; x_wconf 82' lang='lat' dir='ltr'><strong>requiescente</strong></span> <span class='ocrx_word' id='word_1_682' title='bbox 1675 1935 1794 1971; x_wconf 63' lang='lat' dir='ltr'><strong>verbo„</strong></span> <span class='ocrx_word' id='word_1_683' title='bbox 1822 1942 1857 1965; x_wconf 85' lang='lat' dir='ltr'><strong>ut</strong></span> <span class='ocrx_word' id='word_1_684' title='bbox 1882 1935 1984 1965; x_wconf 86' lang='lat' dir='ltr'><strong>cruci—</strong></span> 
     </span>
     <span class='ocr_line' id='line_1_107' title="bbox 1164 1975 1983 2019; baseline 0.005 -14"><span class='ocrx_word' id='word_1_685' title='bbox 1164 1976 1220 2016; x_wconf 79' lang='lat' dir='ltr'><strong>figi</strong></span> <span class='ocrx_word' id='word_1_686' title='bbox 1246 1986 1286 2005; x_wconf 78' lang='lat' dir='ltr'><strong>ac</strong></span> <span class='ocrx_word' id='word_1_687' title='bbox 1305 1976 1386 2005; x_wconf 88' lang='lat' dir='ltr'><strong>mori</strong></span> <span class='ocrx_word' id='word_1_688' title='bbox 1404 1982 1530 2015; x_wconf 75' lang='lat' dir='ltr'><strong>posset,</strong></span> <span class='ocrx_word' id='word_1_689' title='bbox 1544 1975 1642 2006; x_wconf 78' lang='lat' dir='ltr'><strong>Certe</strong></span> <span class='ocrx_word' id='word_1_690' title='bbox 1661 1976 1726 2007; x_wconf 74' lang='lat' dir='ltr'><strong>hoc</strong></span> <span class='ocrx_word' id='word_1_691' title='bbox 1745 1978 1867 2008; x_wconf 88' lang='lat' dir='ltr'><strong>sentire</strong></span> <span class='ocrx_word' id='word_1_692' title='bbox 1887 1989 1983 2019; x_wconf 91' lang='lat' dir='ltr'><strong>opor-</strong></span> 
     </span>
     <span class='ocr_line' id='line_1_108' title="bbox 1164 2016 1982 2060; baseline 0.005 -12"><span class='ocrx_word' id='word_1_693' title='bbox 1164 2024 1210 2048; x_wconf 87' lang='lat' dir='ltr'><strong>tet</strong></span> <span class='ocrx_word' id='word_1_694' title='bbox 1234 2018 1321 2058; x_wconf 87' lang='lat' dir='ltr'><strong>quod</strong></span> <span class='ocrx_word' id='word_1_695' title='bbox 1341 2016 1426 2048; x_wconf 85' lang='lat' dir='ltr'><strong>filius</strong></span> <span class='ocrx_word' id='word_1_696' title='bbox 1451 2019 1502 2048; x_wconf 85' lang='lat' dir='ltr'><strong>dei</strong></span> <span class='ocrx_word' id='word_1_697' title='bbox 1514 2017 1700 2049; x_wconf 85' lang='lat' dir='ltr'><strong>humiliatus</strong></span> <span class='ocrx_word' id='word_1_698' title='bbox 1725 2020 1777 2057; x_wconf 71' lang='lat' dir='ltr'><strong>sit,</strong></span> <span class='ocrx_word' id='word_1_699' title='bbox 1803 2021 1891 2060; x_wconf 93' lang='lat' dir='ltr'><strong>quod</strong></span> <span class='ocrx_word' id='word_1_700' title='bbox 1914 2020 1982 2052; x_wconf 84' lang='lat' dir='ltr'><strong>fue-</strong></span> 
     </span>
     <span class='ocr_line' id='line_1_109' title="bbox 1164 2061 1983 2101; baseline 0.006 -12"><span class='ocrx_word' id='word_1_701' title='bbox 1164 2061 1204 2090; x_wconf 80' lang='lat' dir='ltr'><strong>rit</strong></span> <span class='ocrx_word' id='word_1_702' title='bbox 1228 2061 1371 2096; x_wconf 69' lang='lat' dir='ltr'><strong>victima,</strong></span> <span class='ocrx_word' id='word_1_703' title='bbox 1396 2061 1583 2101; x_wconf 87' lang='lat' dir='ltr'><strong>redemptor</strong></span> <span class='ocrx_word' id='word_1_704' title='bbox 1607 2068 1669 2091; x_wconf 85' lang='lat' dir='ltr'><strong>etc.</strong></span> <span class='ocrx_word' id='word_1_705' title='bbox 1716 2061 1913 2093; x_wconf 81' lang='lat' dir='ltr'><strong>Scholastiei</strong></span> <span class='ocrx_word' id='word_1_706' title='bbox 1938 2064 1983 2094; x_wconf 94' lang='lat' dir='ltr'><strong>di-</strong></span> 
     </span>
     <span class='ocr_line' id='line_1_110' title="bbox 1165 2104 1984 2143; baseline 0.005 -11"><span class='ocrx_word' id='word_1_707' title='bbox 1165 2109 1242 2133; x_wconf 86' lang='lat' dir='ltr'><strong>cunt</strong></span> <span class='ocrx_word' id='word_1_708' title='bbox 1276 2104 1570 2134; x_wconf 75' lang='lat' dir='ltr'><strong>communicatione</strong></span> <span class='ocrx_word' id='word_1_709' title='bbox 1603 2104 1791 2135; x_wconf 86' lang='lat' dir='ltr'><strong>idiomatum</strong></span> <span class='ocrx_word' id='word_1_710' title='bbox 1817 2107 1860 2135; x_wconf 71' lang='lat'><strong>3¹)</strong></span> <span class='ocrx_word' id='word_1_711' title='bbox 1909 2106 1984 2143; x_wconf 73' lang='lat' dir='ltr'><strong>dici,</strong></span> 
     </span>
     <span class='ocr_line' id='line_1_111' title="bbox 1163 2145 1985 2186; baseline 0.002 -10"><span class='ocrx_word' id='word_1_712' title='bbox 1163 2145 1257 2176; x_wconf 89' lang='lat' dir='ltr'><strong>Deus</strong></span> <span class='ocrx_word' id='word_1_713' title='bbox 1282 2151 1331 2175; x_wconf 87' lang='lat' dir='ltr'><strong>est</strong></span> <span class='ocrx_word' id='word_1_714' title='bbox 1355 2155 1487 2185; x_wconf 65' lang='lat' dir='ltr'><strong>passus,</strong></span> <span class='ocrx_word' id='word_1_715' title='bbox 1511 2146 1546 2175; x_wconf 88' lang='lat' dir='ltr'><strong>Id</strong></span> <span class='ocrx_word' id='word_1_716' title='bbox 1569 2156 1635 2176; x_wconf 92' lang='lat' dir='ltr'><strong>non</strong></span> <span class='ocrx_word' id='word_1_717' title='bbox 1659 2147 1822 2186; x_wconf 77' lang='lat' dir='ltr'><strong>improbo,</strong></span> <span class='ocrx_word' id='word_1_718' title='bbox 1853 2149 1913 2178; x_wconf 88' lang='lat' dir='ltr'><strong>sed</strong></span> <span class='ocrx_word' id='word_1_719' title='bbox 1936 2154 1985 2178; x_wconf 86' lang='lat' dir='ltr'><strong>ta-</strong></span> 
     </span>
     <span class='ocr_line' id='line_1_112' title="bbox 1163 2188 1984 2230; baseline 0.002 -12"><span class='ocrx_word' id='word_1_720' title='bbox 1163 2198 1237 2218; x_wconf 85' lang='lat' dir='ltr'><strong>men</strong></span> <span class='ocrx_word' id='word_1_721' title='bbox 1261 2188 1373 2228; x_wconf 86' lang='lat' dir='ltr'><strong>quaeri</strong></span> <span class='ocrx_word' id='word_1_722' title='bbox 1396 2194 1519 2228; x_wconf 75' lang='lat' dir='ltr'><strong>potest,</strong></span> <span class='ocrx_word' id='word_1_723' title='bbox 1542 2195 1649 2219; x_wconf 87' lang='lat' dir='ltr'><strong>utrum</strong></span> <span class='ocrx_word' id='word_1_724' title='bbox 1668 2189 1748 2218; x_wconf 84' lang='lat' dir='ltr'><strong>satis</strong></span> <span class='ocrx_word' id='word_1_725' title='bbox 1767 2188 1909 2230; x_wconf 63' lang='lat' dir='ltr'><strong>explicet</strong></span> <span class='ocrx_word' id='word_1_726' title='bbox 1926 2189 1984 2220; x_wconf 91' lang='lat' dir='ltr'><strong>hu-</strong></span> 
     </span>
     <span class='ocr_line' id='line_1_113' title="bbox 1164 2229 1985 2272; baseline 0.004 -12"><span class='ocrx_word' id='word_1_727' title='bbox 1164 2229 1374 2261; x_wconf 86' lang='lat' dir='ltr'><strong>miliationem</strong></span> <span class='ocrx_word' id='word_1_728' title='bbox 1405 2230 1475 2261; x_wconf 89' lang='lat' dir='ltr'><strong>Filii</strong></span> <span class='ocrx_word' id='word_1_729' title='bbox 1494 2231 1567 2261; x_wconf 89' lang='lat' dir='ltr'><strong>Dei.</strong></span> <span class='ocrx_word' id='word_1_730' title='bbox 1613 2231 1695 2262; x_wconf 86' lang='lat' dir='ltr'><strong>Sunt</strong></span> <span class='ocrx_word' id='word_1_731' title='bbox 1726 2232 1824 2272; x_wconf 83' lang='lat' dir='ltr'><strong>igitur</strong></span> <span class='ocrx_word' id='word_1_732' title='bbox 1852 2238 1985 2272; x_wconf 83' lang='lat' dir='ltr'><strong>praeter</strong></span> 
     </span>
     <span class='ocr_line' id='line_1_114' title="bbox 1163 2271 1984 2314; baseline 0.001 -11"><span class='ocrx_word' id='word_1_733' title='bbox 1163 2272 1251 2304; x_wconf 82' lang='lat' dir='ltr'><strong>illam</strong></span> <span class='ocrx_word' id='word_1_734' title='bbox 1275 2271 1471 2303; x_wconf 80' lang='lat' dir='ltr'><strong>solutionem</strong></span> <span class='ocrx_word' id='word_1_735' title='bbox 1494 2284 1589 2314; x_wconf 83' lang='lat' dir='ltr'><strong>quam</strong></span> <span class='ocrx_word' id='word_1_736' title='bbox 1614 2274 1677 2303; x_wconf 76' lang='lat' dir='ltr'><strong>dixi</strong></span> <span class='ocrx_word' id='word_1_737' title='bbox 1691 2274 1731 2303; x_wconf 86' lang='lat' dir='ltr'><strong>de</strong></span> <span class='ocrx_word' id='word_1_738' title='bbox 1751 2274 1878 2304; x_wconf 89' lang='lat' dir='ltr'><strong>duabus</strong></span> <span class='ocrx_word' id='word_1_739' title='bbox 1891 2281 1984 2305; x_wconf 82' lang='lat' dir='ltr'><strong>natu-</strong></span> 
     </span>
     <span class='ocr_line' id='line_1_115' title="bbox 1164 2314 1982 2347; baseline 0.001 -1"><span class='ocrx_word' id='word_1_740' title='bbox 1164 2317 1209 2346; x_wconf 86' lang='lat' dir='ltr'><strong>ris</strong></span> <span class='ocrx_word' id='word_1_741' title='bbox 1237 2316 1467 2346; x_wconf 76' lang='lat' dir='ltr'><strong>observandae</strong></span> <span class='ocrx_word' id='word_1_742' title='bbox 1498 2317 1594 2346; x_wconf 87' lang='lat' dir='ltr'><strong>etiam</strong></span> <span class='ocrx_word' id='word_1_743' title='bbox 1623 2314 1706 2346; x_wconf 83' lang='lat' dir='ltr'><strong>aliae</strong></span> <span class='ocrx_word' id='word_1_744' title='bbox 1735 2316 1917 2347; x_wconf 85' lang='lat' dir='ltr'><strong>solutiones</strong></span> <span class='ocrx_word' id='word_1_745' title='bbox 1941 2317 1982 2347; x_wconf 91' lang='lat' dir='ltr'><strong>de</strong></span> 
     </span>
     <span class='ocr_line' id='line_1_116' title="bbox 1166 2357 1983 2400; baseline 0.002 -13"><span class='ocrx_word' id='word_1_746' title='bbox 1166 2358 1351 2388; x_wconf 81' lang='lat' dir='ltr'><strong>conditione</strong></span> <span class='ocrx_word' id='word_1_747' title='bbox 1398 2364 1428 2388; x_wconf 88' lang='lat' dir='ltr'><strong>et</strong></span> <span class='ocrx_word' id='word_1_748' title='bbox 1471 2357 1604 2395; x_wconf 76' lang='lat' dir='ltr'><strong>officiis,</strong></span> <span class='ocrx_word' id='word_1_749' title='bbox 1652 2359 1813 2398; x_wconf 85' lang='lat' dir='ltr'><strong>quaedam</strong></span> <span class='ocrx_word' id='word_1_750' title='bbox 1855 2369 1983 2400; x_wconf 88' lang='lat' dir='ltr'><strong>compe-</strong></span> 
     </span>
    </p>
   </div>
   <div class='ocr_carea' id='block_1_14' title="bbox 1165 2483 1806 2565">
    <p class='ocr_par' dir='ltr' id='par_1_16' title="bbox 1165 2483 1806 2565">
     <span class='ocr_line' id='line_1_117' title="bbox 1165 2483 1806 2514; baseline -0.005 -3"><span class='ocrx_word' id='word_1_751' title='bbox 1165 2488 1210 2514; x_wconf 80' lang='grc'><strong>30)</strong></span> <span class='ocrx_word' id='word_1_752' title='bbox 1229 2487 1272 2511; x_wconf 76' lang='lat' dir='ltr'><strong>Ms.</strong></span> <span class='ocrx_word' id='word_1_753' title='bbox 1294 2487 1363 2509; x_wconf 76' lang='lat' dir='ltr'><strong>ante</strong></span> <span class='ocrx_word' id='word_1_754' title='bbox 1381 2486 1431 2510; x_wconf 84' lang='lat' dir='ltr'><strong>Has</strong></span> <span class='ocrx_word' id='word_1_755' title='bbox 1451 2483 1537 2509; x_wconf 69' lang='lat' dir='ltr'><strong>habet</strong></span> <span class='ocrx_word' id='word_1_756' title='bbox 1558 2487 1587 2510; x_wconf 72' lang='lat' dir='ltr'><strong>At</strong></span> <span class='ocrx_word' id='word_1_757' title='bbox 1606 2483 1806 2510; x_wconf 76' lang='lat' dir='ltr'><strong>obliteratum.</strong></span> 
     </span>
     <span class='ocr_line' id='line_1_118' title="bbox 1165 2535 1638 2565; baseline -0.002 -4"><span class='ocrx_word' id='word_1_758' title='bbox 1165 2538 1211 2565; x_wconf 84' lang='lat'><strong>31)</strong></span> <span class='ocrx_word' id='word_1_759' title='bbox 1230 2536 1392 2565; x_wconf 81' lang='lat' dir='ltr'><strong>ldiomatum]</strong></span> <span class='ocrx_word' id='word_1_760' title='bbox 1411 2536 1453 2560; x_wconf 67' lang='grc' dir='ltr'><strong>ΜΞ.</strong></span> <span class='ocrx_word' id='word_1_761' title='bbox 1474 2535 1638 2560; x_wconf 78' lang='lat' dir='ltr'><strong>ideomatum.</strong></span> 
     </span>
    </p>
   </div>
   <div class='ocr_carea' id='block_1_15' title="bbox 2070 103 2133 135">
    <p class='ocr_par' dir='ltr' id='par_1_17' title="bbox 2070 103 2133 135">
     <span class='ocr_line' id='line_1_119' title="bbox 2070 103 2133 135; baseline 0.032 -2"><span class='ocrx_word' id='word_1_762' title='bbox 2070 103 2133 135; x_wconf 82' lang='lat'><strong>266</strong></span> 
     </span>
    </p>
   </div>
   <div class='ocr_carea' id='block_1_16' title="bbox 2019 751 2099 779">
    <p class='ocr_par' dir='ltr' id='par_1_18' title="bbox 2019 751 2099 779">
     <span class='ocr_line' id='line_1_120' title="bbox 2019 751 2099 779; baseline 0 -4"><span class='ocrx_word' id='word_1_763' title='bbox 2019 751 2057 779; x_wconf 90' lang='grc'><strong>13,</strong></span> <span class='ocrx_word' id='word_1_764' title='bbox 2075 751 2099 776; x_wconf 83' lang='lat' dir='ltr'><strong>b.</strong></span> 
     </span>
    </p>
   </div>
   <div class='ocr_carea' id='block_1_17' title="bbox 2023 1860 2102 1889">
    <p class='ocr_par' dir='ltr' id='par_1_19' title="bbox 2023 1860 2102 1889">
     <span class='ocr_line' id='line_1_121' title="bbox 2023 1860 2102 1889; baseline 0.013 -7"><span class='ocrx_word' id='word_1_765' title='bbox 2023 1860 2061 1889; x_wconf 77' lang='lat'><strong>14,</strong></span> <span class='ocrx_word' id='word_1_766' title='bbox 2079 1866 2102 1884; x_wconf 87' lang='lat' dir='ltr'><strong>a.</strong></span> 
     </span>
    </p>
   </div>
  </div>
 </body>
</html>
