<?xml version="1.0" encoding="UTF-8"?>
<!DOCTYPE html PUBLIC "-//W3C//DTD XHTML 1.0 Transitional//EN"
    "http://www.w3.org/TR/xhtml1/DTD/xhtml1-transitional.dtd">
<html xmlns="http://www.w3.org/1999/xhtml" xml:lang="en" lang="en">
 <head>
  <title>
</title>
<meta http-equiv="Content-Type" content="text/html;charset=utf-8" />
  <meta name='ocr-system' content='tesseract 3.04.00' />
  <meta name='ocr-capabilities' content='ocr_page ocr_carea ocr_par ocr_line ocrx_word'/>
</head>
<body>
  <div class='ocr_page' id='page_1' title='image "./operaquaesupersu21melauoft/operaquaesupersu21melauoft_0272.png"; bbox 0 0 2358 2933; ppageno 0'>
   <div class='ocr_carea' id='block_1_1' title="bbox 243 116 306 145">
    <p class='ocr_par' dir='ltr' id='par_1_1' title="bbox 243 116 306 145">
     <span class='ocr_line' id='line_1_1' title="bbox 243 116 306 145; baseline 0 0"><span class='ocrx_word' id='word_1_1' title='bbox 243 116 306 145; x_wconf 69' lang='grc' dir='ltr'>ι115</span> 
     </span>
    </p>
   </div>
   <div class='ocr_carea' id='block_1_2' title="bbox 244 208 1241 248">
    <p class='ocr_par' dir='ltr' id='par_1_2' title="bbox 244 208 1241 248">
     <span class='ocr_line' id='line_1_2' title="bbox 244 208 1241 248; baseline 0.008 -12"><span class='ocrx_word' id='word_1_2' title='bbox 244 215 275 236; x_wconf 83' lang='lat' dir='ltr'>et</span> <span class='ocrx_word' id='word_1_3' title='bbox 300 209 452 238; x_wconf 77' lang='lat' dir='ltr'>exercitia</span> <span class='ocrx_word' id='word_1_4' title='bbox 478 218 534 238; x_wconf 86' lang='lat' dir='ltr'>scu</span> <span class='ocrx_word' id='word_1_5' title='bbox 560 208 740 248; x_wconf 76' lang='lat' dir='ltr'>disciplina.</span> <span class='ocrx_word' id='word_1_6' title='bbox 772 209 854 240; x_wconf 86' lang='lat' dir='ltr'>Nam</span> <span class='ocrx_word' id='word_1_7' title='bbox 879 221 955 241; x_wconf 82' lang='lat' dir='ltr'>vera</span> <span class='ocrx_word' id='word_1_8' title='bbox 979 218 1007 241; x_wconf 88' lang='lat' dir='ltr'>et</span> <span class='ocrx_word' id='word_1_9' title='bbox 1032 222 1098 242; x_wconf 89' lang='lat' dir='ltr'>non</span> <span class='ocrx_word' id='word_1_10' title='bbox 1122 214 1217 244; x_wconf 86' lang='lat' dir='ltr'>simu·</span> <span class='ocrx_word' id='word_1_11' title='bbox 1238 218 1241 229; x_wconf 80' lang='lat'><em>&#39;</em></span> 
     </span>
    </p>
   </div>
   <div class='ocr_carea' id='block_1_3' title="bbox 231 248 1216 2372">
    <p class='ocr_par' dir='ltr' id='par_1_3' title="bbox 237 248 1216 754">
     <span class='ocr_line' id='line_1_3' title="bbox 245 248 1216 293; baseline 0.008 -16"><span class='ocrx_word' id='word_1_12' title='bbox 245 248 366 287; x_wconf 67' lang='lat' dir='ltr'>lan-1⁷⁷)</span> <span class='ocrx_word' id='word_1_13' title='bbox 399 250 601 280; x_wconf 65' lang='lat' dir='ltr'>mortitii-atio</span> <span class='ocrx_word' id='word_1_14' title='bbox 634 251 665 280; x_wconf 88' lang='lat' dir='ltr'>tit</span> <span class='ocrx_word' id='word_1_15' title='bbox 696 261 754 290; x_wconf 80' lang='lat' dir='ltr'>per</span> <span class='ocrx_word' id='word_1_16' title='bbox 778 263 907 282; x_wconf 83' lang='lat' dir='ltr'>crucem</span> <span class='ocrx_word' id='word_1_17' title='bbox 937 260 967 283; x_wconf 79' lang='lat' dir='ltr'>ct</span> <span class='ocrx_word' id='word_1_18' title='bbox 990 253 1216 293; x_wconf 79' lang='lat' dir='ltr'>afflictionem,</span> 
     </span>
     <span class='ocr_line' id='line_1_4' title="bbox 243 290 1214 331; baseline 0.007 -11"><span class='ocrx_word' id='word_1_19' title='bbox 243 299 275 320; x_wconf 85' lang='lat' dir='ltr'>ut</span> <span class='ocrx_word' id='word_1_20' title='bbox 292 290 414 320; x_wconf 80' lang='lat' dir='ltr'>Paulus</span> <span class='ocrx_word' id='word_1_21' title='bbox 436 292 534 331; x_wconf 79' lang='lat' dir='ltr'>inquit</span> <span class='ocrx_word' id='word_1_22' title='bbox 549 292 590 327; x_wconf 72' lang='lat'>12.</span> <span class='ocrx_word' id='word_1_23' title='bbox 611 291 686 322; x_wconf 66' lang='lat' dir='ltr'>For.</span> <span class='ocrx_word' id='word_1_24' title='bbox 701 293 730 322; x_wconf 72' lang='lat'>4.</span> <span class='ocrx_word' id='word_1_25' title='bbox 748 294 828 331; x_wconf 58' lang='lat' dir='ltr'>lul:</span> <span class='ocrx_word' id='word_1_26' title='bbox 852 294 1117 326; x_wconf 71' lang='lat' dir='ltr'>Circunil&#39;erimus</span> <span class='ocrx_word' id='word_1_27' title='bbox 1131 308 1214 327; x_wconf 91' lang='lat' dir='ltr'>mor-</span> 
     </span>
     <span class='ocr_line' id='line_1_5' title="bbox 243 332 1213 375; baseline 0.008 -14"><span class='ocrx_word' id='word_1_28' title='bbox 243 333 448 362; x_wconf 72' lang='lat' dir='ltr'>tificationem</span> <span class='ocrx_word' id='word_1_29' title='bbox 473 332 592 363; x_wconf 66' lang='lat' dir='ltr'>t‘hristi</span> <span class='ocrx_word' id='word_1_30' title='bbox 617 335 647 363; x_wconf 88' lang='lat' dir='ltr'>in</span> <span class='ocrx_word' id='word_1_31' title='bbox 672 345 811 375; x_wconf 87' lang='lat' dir='ltr'>corpore</span> <span class='ocrx_word' id='word_1_32' title='bbox 830 344 954 367; x_wconf 84' lang='lat' dir='ltr'>nostro.</span> <span class='ocrx_word' id='word_1_33' title='bbox 991 337 1067 368; x_wconf 91' lang='lat' dir='ltr'>ltem</span> <span class='ocrx_word' id='word_1_34' title='bbox 1082 338 1213 369; x_wconf 76' lang='lat' dir='ltr'>Rom-S.</span> 
     </span>
     <span class='ocr_line' id='line_1_6' title="bbox 243 374 1213 419; baseline 0.009 -17"><span class='ocrx_word' id='word_1_35' title='bbox 243 378 307 410; x_wconf 60' lang='lat' dir='ltr'>ivs.</span> <span class='ocrx_word' id='word_1_36' title='bbox 325 374 384 410; x_wconf 55' lang='lat'>104</span> <span class='ocrx_word' id='word_1_37' title='bbox 400 374 527 414; x_wconf 67' lang='lat' dir='ltr'>foi-pus</span> <span class='ocrx_word' id='word_1_38' title='bbox 552 376 767 407; x_wconf 77' lang='lat' dir='ltr'>mortificatur</span> <span class='ocrx_word' id='word_1_39' title='bbox 788 385 922 418; x_wconf 87' lang='lat' dir='ltr'>propter</span> <span class='ocrx_word' id='word_1_40' title='bbox 940 387 1120 419; x_wconf 89' lang='lat' dir='ltr'>peccatum.</span> <span class='ocrx_word' id='word_1_41' title='bbox 1152 381 1213 411; x_wconf 70' lang='lat' dir='ltr'>Ubi</span> 
     </span>
     <span class='ocr_line' id='line_1_7' title="bbox 241 416 1213 462; baseline 0.011 -19"><span class='ocrx_word' id='word_1_42' title='bbox 241 416 371 454; x_wconf 76' lang='lat' dir='ltr'><strong>proprie</strong></span> <span class='ocrx_word' id='word_1_43' title='bbox 395 417 434 445; x_wconf 82' lang='lat' dir='ltr'>dc</span> <span class='ocrx_word' id='word_1_44' title='bbox 458 418 545 446; x_wconf 71' lang='lat' dir='ltr'>veris</span> <span class='ocrx_word' id='word_1_45' title='bbox 569 420 762 448; x_wconf 82' lang='lat' dir='ltr'>terroribus.</span> <span class='ocrx_word' id='word_1_46' title='bbox 778 421 820 451; x_wconf 58' lang='lat'>⁷⁸)</span> <span class='ocrx_word' id='word_1_47' title='bbox 845 431 945 451; x_wconf 84' lang='lat' dir='ltr'>crure</span> <span class='ocrx_word' id='word_1_48' title='bbox 969 429 999 452; x_wconf 90' lang='lat' dir='ltr'>et</span> <span class='ocrx_word' id='word_1_49' title='bbox 1023 423 1095 462; x_wconf 86' lang='lat' dir='ltr'>ipsa</span> <span class='ocrx_word' id='word_1_50' title='bbox 1110 429 1213 453; x_wconf 88' lang='lat' dir='ltr'>morte</span> 
     </span>
     <span class='ocr_line' id='line_1_8' title="bbox 242 456 1212 505; baseline 0.01 -19"><span class='ocrx_word' id='word_1_51' title='bbox 242 456 392 496; x_wconf 81' lang='lat' dir='ltr'>loquitur.</span> <span class='ocrx_word' id='word_1_52' title='bbox 415 468 479 488; x_wconf 90' lang='lat' dir='ltr'>non</span> <span class='ocrx_word' id='word_1_53' title='bbox 503 459 544 489; x_wconf 86' lang='lat' dir='ltr'>dc</span> <span class='ocrx_word' id='word_1_54' title='bbox 567 459 758 491; x_wconf 73' lang='lat' dir='ltr'>voluntariis</span> <span class='ocrx_word' id='word_1_55' title='bbox 782 463 956 493; x_wconf 77' lang='lat' dir='ltr'>exercitiis.</span> <span class='ocrx_word' id='word_1_56' title='bbox 1001 464 1111 505; x_wconf 82' lang='lat' dir='ltr'>Atque</span> <span class='ocrx_word' id='word_1_57' title='bbox 1130 464 1212 496; x_wconf 88' lang='lat' dir='ltr'>haec</span> 
     </span>
     <span class='ocr_line' id='line_1_9' title="bbox 241 499 1210 543; baseline 0.01 -16"><span class='ocrx_word' id='word_1_58' title='bbox 241 499 423 530; x_wconf 82' lang='lat' dir='ltr'>ohedientia</span> <span class='ocrx_word' id='word_1_59' title='bbox 454 500 596 531; x_wconf 80' lang='lat' dir='ltr'>tolerare</span> <span class='ocrx_word' id='word_1_60' title='bbox 620 501 834 541; x_wconf 72' lang='lat' dir='ltr'>afflictiones,</span> <span class='ocrx_word' id='word_1_61' title='bbox 862 508 1050 536; x_wconf 77' lang='lat' dir='ltr'>necessaria</span> <span class='ocrx_word' id='word_1_62' title='bbox 1080 514 1146 543; x_wconf 83' lang='lat' dir='ltr'>est,</span> <span class='ocrx_word' id='word_1_63' title='bbox 1181 515 1210 537; x_wconf 90' lang='lat' dir='ltr'>ct</span> 
     </span>
     <span class='ocr_line' id='line_1_10' title="bbox 239 541 1210 584; baseline 0.011 -15"><span class='ocrx_word' id='word_1_64' title='bbox 239 547 288 570; x_wconf 82' lang='lat' dir='ltr'>est</span> <span class='ocrx_word' id='word_1_65' title='bbox 311 541 419 571; x_wconf 84' lang='lat' dir='ltr'>cultus</span> <span class='ocrx_word' id='word_1_66' title='bbox 444 545 639 584; x_wconf 77' lang='lat' dir='ltr'>praecipuus</span> <span class='ocrx_word' id='word_1_67' title='bbox 670 553 870 576; x_wconf 87' lang='lat' dir='ltr'>sanctorum.</span> <span class='ocrx_word' id='word_1_68' title='bbox 916 548 1007 578; x_wconf 73' lang='lat' dir='ltr'>Sicut</span> <span class='ocrx_word' id='word_1_69' title='bbox 1033 548 1140 580; x_wconf 73' lang='lat' dir='ltr'>David</span> <span class='ocrx_word' id='word_1_70' title='bbox 1165 551 1210 579; x_wconf 89' lang='lat' dir='ltr'>in-</span> 
     </span>
     <span class='ocr_line' id='line_1_11' title="bbox 238 583 1210 630; baseline 0.01 -18"><span class='ocrx_word' id='word_1_71' title='bbox 238 583 304 623; x_wconf 82' lang='lat' dir='ltr'>quit</span> <span class='ocrx_word' id='word_1_72' title='bbox 330 583 400 621; x_wconf 77' lang='lat' dir='ltr'>[Ps.</span> <span class='ocrx_word' id='word_1_73' title='bbox 414 584 467 621; x_wconf 65' lang='grc'><strong>511,</strong></span> <span class='ocrx_word' id='word_1_74' title='bbox 483 585 566 622; x_wconf 55' lang='lat'>194:</span> <span class='ocrx_word' id='word_1_75' title='bbox 593 585 795 618; x_wconf 78' lang='lat' dir='ltr'>Sacrificium</span> <span class='ocrx_word' id='word_1_76' title='bbox 819 589 910 626; x_wconf 83' lang='lat' dir='ltr'>Deo,</span> <span class='ocrx_word' id='word_1_77' title='bbox 934 591 1068 630; x_wconf 83' lang='lat' dir='ltr'>spiritus</span> <span class='ocrx_word' id='word_1_78' title='bbox 1092 593 1210 622; x_wconf 84' lang='lat' dir='ltr'>contri-</span> 
     </span>
     <span class='ocr_line' id='line_1_12' title="bbox 238 624 1210 671; baseline 0.005 -14"><span class='ocrx_word' id='word_1_79' title='bbox 238 624 378 658; x_wconf 76' lang='lat' dir='ltr'>bulatus.</span> <span class='ocrx_word' id='word_1_80' title='bbox 424 627 502 657; x_wconf 81' lang='lat' dir='ltr'>ltem</span> <span class='ocrx_word' id='word_1_81' title='bbox 518 627 626 665; x_wconf 75' lang='lat' dir='ltr'>{Rom-</span> <span class='ocrx_word' id='word_1_82' title='bbox 640 630 671 666; x_wconf 68' lang='grc' dir='ltr'>ὃ,</span> <span class='ocrx_word' id='word_1_83' title='bbox 683 629 767 667; x_wconf 66' lang='grc'><strong>29.1;</strong></span> <span class='ocrx_word' id='word_1_84' title='bbox 791 632 927 671; x_wconf 77' lang='lat' dir='ltr'>Oportet</span> <span class='ocrx_word' id='word_1_85' title='bbox 947 643 1007 662; x_wconf 81' lang='lat' dir='ltr'>nos</span> <span class='ocrx_word' id='word_1_86' title='bbox 1022 632 1210 664; x_wconf 74' lang='lat' dir='ltr'>conformes</span> 
     </span>
     <span class='ocr_line' id='line_1_13' title="bbox 237 669 1209 713; baseline 0.006 -12"><span class='ocrx_word' id='word_1_87' title='bbox 237 673 305 702; x_wconf 84' lang='lat' dir='ltr'>tieri</span> <span class='ocrx_word' id='word_1_88' title='bbox 330 669 478 711; x_wconf 77' lang='lat' dir='ltr'>imaginis</span> <span class='ocrx_word' id='word_1_89' title='bbox 504 669 558 700; x_wconf 79' lang='lat' dir='ltr'>filii</span> <span class='ocrx_word' id='word_1_90' title='bbox 578 669 650 701; x_wconf 88' lang='lat' dir='ltr'>Dei.</span> <span class='ocrx_word' id='word_1_91' title='bbox 687 671 763 702; x_wconf 88' lang='lat' dir='ltr'>ltem</span> <span class='ocrx_word' id='word_1_92' title='bbox 777 672 882 708; x_wconf 72' lang='grc'><strong>1110111.</strong></span> <span class='ocrx_word' id='word_1_93' title='bbox 899 674 948 711; x_wconf 77' lang='lat'>12,</span> <span class='ocrx_word' id='word_1_94' title='bbox 964 675 1024 713; x_wconf 74' lang='lat' dir='ltr'>l·.l²</span> <span class='ocrx_word' id='word_1_95' title='bbox 1048 675 1209 707; x_wconf 80' lang='lat' dir='ltr'>Exhibete</span> 
     </span>
     <span class='ocr_line' id='line_1_14' title="bbox 237 711 812 754; baseline 0.007 -13"><span class='ocrx_word' id='word_1_96' title='bbox 237 723 373 754; x_wconf 82' lang='lat' dir='ltr'>corpora</span> <span class='ocrx_word' id='word_1_97' title='bbox 398 722 508 743; x_wconf 77' lang='lat' dir='ltr'>vestra</span> <span class='ocrx_word' id='word_1_98' title='bbox 531 711 671 744; x_wconf 80' lang='lat' dir='ltr'>hostiam</span> <span class='ocrx_word' id='word_1_99' title='bbox 695 715 812 745; x_wconf 69' lang='lat' dir='ltr'>vivam.</span> 
     </span>
    </p>

    <p class='ocr_par' dir='ltr' id='par_1_4' title="bbox 231 756 1209 1255">
     <span class='ocr_line' id='line_1_15' title="bbox 321 756 1208 796; baseline 0.006 -11"><span class='ocrx_word' id='word_1_100' title='bbox 321 756 385 785; x_wconf 85' lang='lat' dir='ltr'>Sed</span> <span class='ocrx_word' id='word_1_101' title='bbox 426 762 558 796; x_wconf 76' lang='lat' dir='ltr'>praeter</span> <span class='ocrx_word' id='word_1_102' title='bbox 591 757 675 787; x_wconf 86' lang='lat' dir='ltr'>hanc</span> <span class='ocrx_word' id='word_1_103' title='bbox 715 757 995 789; x_wconf 83' lang='lat' dir='ltr'>mortificationem</span> <span class='ocrx_word' id='word_1_104' title='bbox 1034 766 1083 790; x_wconf 89' lang='lat' dir='ltr'>est</span> <span class='ocrx_word' id='word_1_105' title='bbox 1122 759 1208 790; x_wconf 89' lang='lat' dir='ltr'>aliud</span> 
     </span>
     <span class='ocr_line' id='line_1_16' title="bbox 236 797 1209 841; baseline 0.005 -14"><span class='ocrx_word' id='word_1_106' title='bbox 236 799 399 837; x_wconf 76' lang='lat' dir='ltr'>quoddam</span> <span class='ocrx_word' id='word_1_107' title='bbox 424 797 640 829; x_wconf 73' lang='lat' dir='ltr'>voluntarium</span> <span class='ocrx_word' id='word_1_108' title='bbox 664 801 808 831; x_wconf 79' lang='lat' dir='ltr'>exercitii</span> <span class='ocrx_word' id='word_1_109' title='bbox 833 810 937 841; x_wconf 80' lang='lat' dir='ltr'>genus</span> <span class='ocrx_word' id='word_1_110' title='bbox 969 803 1209 838; x_wconf 78' lang='lat' dir='ltr'>necessarium3</span> 
     </span>
     <span class='ocr_line' id='line_1_17' title="bbox 236 839 1208 881; baseline 0.007 -13"><span class='ocrx_word' id='word_1_111' title='bbox 236 840 276 869; x_wconf 88' lang='lat' dir='ltr'>de</span> <span class='ocrx_word' id='word_1_112' title='bbox 305 851 369 880; x_wconf 85' lang='lat' dir='ltr'>quo</span> <span class='ocrx_word' id='word_1_113' title='bbox 399 839 549 871; x_wconf 72' lang='lat' dir='ltr'>Christus</span> <span class='ocrx_word' id='word_1_114' title='bbox 580 842 656 871; x_wconf 88' lang='lat' dir='ltr'>dicit</span> <span class='ocrx_word' id='word_1_115' title='bbox 688 841 781 877; x_wconf 75' lang='lat' dir='ltr'>{Luc-</span> <span class='ocrx_word' id='word_1_116' title='bbox 800 843 852 879; x_wconf 76' lang='lat'>21,</span> <span class='ocrx_word' id='word_1_117' title='bbox 872 843 955 881; x_wconf 58' lang='lat'>344:</span> <span class='ocrx_word' id='word_1_118' title='bbox 991 843 1133 880; x_wconf 75' lang='lat' dir='ltr'>Cavete,</span> <span class='ocrx_word' id='word_1_119' title='bbox 1168 854 1208 875; x_wconf 89' lang='lat' dir='ltr'>ne</span> 
     </span>
     <span class='ocr_line' id='line_1_18' title="bbox 235 884 1207 925; baseline 0.002 -11"><span class='ocrx_word' id='word_1_120' title='bbox 235 885 333 914; x_wconf 83' lang='lat' dir='ltr'>corda</span> <span class='ocrx_word' id='word_1_121' title='bbox 364 892 474 914; x_wconf 71' lang='lat' dir='ltr'>vestra</span> <span class='ocrx_word' id='word_1_122' title='bbox 506 891 684 925; x_wconf 73' lang='lat' dir='ltr'>graventur</span> <span class='ocrx_word' id='word_1_123' title='bbox 713 884 859 925; x_wconf 85' lang='lat' dir='ltr'>crapula.</span> <span class='ocrx_word' id='word_1_124' title='bbox 910 885 989 916; x_wconf 87' lang='lat' dir='ltr'>ltem</span> <span class='ocrx_word' id='word_1_125' title='bbox 1014 885 1137 916; x_wconf 89' lang='lat' dir='ltr'>Paulus</span> <span class='ocrx_word' id='word_1_126' title='bbox 1162 887 1207 924; x_wconf 91' lang='lat' dir='ltr'>[l.</span> 
     </span>
     <span class='ocr_line' id='line_1_19' title="bbox 235 926 1207 967; baseline 0.001 -10"><span class='ocrx_word' id='word_1_127' title='bbox 235 928 310 957; x_wconf 73' lang='lat' dir='ltr'>Cor.</span> <span class='ocrx_word' id='word_1_128' title='bbox 324 927 354 956; x_wconf 85' lang='lat'>9.</span> <span class='ocrx_word' id='word_1_129' title='bbox 368 927 452 963; x_wconf 62' lang='lat'>221:</span> <span class='ocrx_word' id='word_1_130' title='bbox 477 926 612 967; x_wconf 59' lang='lat' dir='ltr'>castigo</span> <span class='ocrx_word' id='word_1_131' title='bbox 629 937 751 967; x_wconf 87' lang='lat' dir='ltr'>corpus</span> <span class='ocrx_word' id='word_1_132' title='bbox 779 937 884 958; x_wconf 90' lang='lat' dir='ltr'>meum</span> <span class='ocrx_word' id='word_1_133' title='bbox 908 934 938 958; x_wconf 87' lang='lat' dir='ltr'>et</span> <span class='ocrx_word' id='word_1_134' title='bbox 962 929 993 957; x_wconf 95' lang='lat' dir='ltr'>in</span> <span class='ocrx_word' id='word_1_135' title='bbox 1017 929 1207 959; x_wconf 83' lang='lat' dir='ltr'>servitutem</span> 
     </span>
     <span class='ocr_line' id='line_1_20' title="bbox 236 968 1208 1007; baseline 0.001 -8"><span class='ocrx_word' id='word_1_136' title='bbox 236 970 359 1006; x_wconf 55' lang='lat' dir='ltr'>redigo.</span> <span class='ocrx_word' id='word_1_137' title='bbox 405 968 444 998; x_wconf 83' lang='lat' dir='ltr'>Et</span> <span class='ocrx_word' id='word_1_138' title='bbox 470 968 565 1000; x_wconf 86' lang='lat' dir='ltr'>huius</span> <span class='ocrx_word' id='word_1_139' title='bbox 589 970 732 1000; x_wconf 77' lang='lat' dir='ltr'>exercitii</span> <span class='ocrx_word' id='word_1_140' title='bbox 757 970 830 1000; x_wconf 72' lang='lat' dir='ltr'>(inis</span> <span class='ocrx_word' id='word_1_141' title='bbox 855 979 931 1000; x_wconf 87' lang='lat' dir='ltr'>esse</span> <span class='ocrx_word' id='word_1_142' title='bbox 951 971 1060 1007; x_wconf 74' lang='lat' dir='ltr'>debet,</span> <span class='ocrx_word' id='word_1_143' title='bbox 1083 980 1149 1001; x_wconf 91' lang='lat' dir='ltr'>non</span> <span class='ocrx_word' id='word_1_144' title='bbox 1172 978 1208 1001; x_wconf 92' lang='lat' dir='ltr'>ut</span> 
     </span>
     <span class='ocr_line' id='line_1_21' title="bbox 235 1004 1208 1053; baseline 0.004 -14"><span class='ocrx_word' id='word_1_145' title='bbox 235 1004 416 1042; x_wconf 66' lang='lat' dir='ltr'>satisfaciat</span> <span class='ocrx_word' id='word_1_146' title='bbox 440 1022 499 1051; x_wconf 88' lang='lat' dir='ltr'>pro</span> <span class='ocrx_word' id='word_1_147' title='bbox 523 1013 678 1052; x_wconf 78' lang='lat' dir='ltr'>pcccatis.</span> <span class='ocrx_word' id='word_1_148' title='bbox 702 1022 761 1042; x_wconf 84' lang='lat' dir='ltr'>seu</span> <span class='ocrx_word' id='word_1_149' title='bbox 785 1013 879 1053; x_wconf 81' lang='lat' dir='ltr'>quasi</span> <span class='ocrx_word' id='word_1_150' title='bbox 893 1012 985 1043; x_wconf 86' lang='lat' dir='ltr'>Deus</span> <span class='ocrx_word' id='word_1_151' title='bbox 1009 1014 1152 1053; x_wconf 88' lang='lat' dir='ltr'>requirat</span> <span class='ocrx_word' id='word_1_152' title='bbox 1174 1014 1208 1043; x_wconf 88' lang='lat' dir='ltr'>id</span> 
     </span>
     <span class='ocr_line' id='line_1_22' title="bbox 234 1053 1208 1095; baseline 0.002 -12"><span class='ocrx_word' id='word_1_153' title='bbox 234 1060 388 1094; x_wconf 76' lang='lat' dir='ltr'>tanquam</span> <span class='ocrx_word' id='word_1_154' title='bbox 416 1053 551 1091; x_wconf 73' lang='lat' dir='ltr'>cultum,</span> <span class='ocrx_word' id='word_1_155' title='bbox 587 1065 625 1085; x_wconf 71' lang='lat' dir='ltr'>at·</span> <span class='ocrx_word' id='word_1_156' title='bbox 654 1065 718 1085; x_wconf 85' lang='lat' dir='ltr'>non</span> <span class='ocrx_word' id='word_1_157' title='bbox 750 1061 884 1095; x_wconf 85' lang='lat' dir='ltr'>propter</span> <span class='ocrx_word' id='word_1_158' title='bbox 911 1054 1009 1085; x_wconf 83' lang='lat' dir='ltr'>aliam</span> <span class='ocrx_word' id='word_1_159' title='bbox 1043 1065 1208 1093; x_wconf 76' lang='lat' dir='ltr'><strong>caussam,</strong></span> 
     </span>
     <span class='ocr_line' id='line_1_23' title="bbox 231 1095 1208 1135; baseline 0.001 -9"><span class='ocrx_word' id='word_1_160' title='bbox 231 1096 292 1126; x_wconf 87' lang='lat' dir='ltr'>sed</span> <span class='ocrx_word' id='word_1_161' title='bbox 315 1096 388 1126; x_wconf 85' lang='lat' dir='ltr'>finis</span> <span class='ocrx_word' id='word_1_162' title='bbox 412 1097 464 1133; x_wconf 80' lang='lat' dir='ltr'>sit.</span> <span class='ocrx_word' id='word_1_163' title='bbox 488 1103 521 1127; x_wconf 91' lang='lat' dir='ltr'>ut</span> <span class='ocrx_word' id='word_1_164' title='bbox 542 1095 716 1127; x_wconf 84' lang='lat' dir='ltr'>coherceat</span> <span class='ocrx_word' id='word_1_165' title='bbox 741 1107 884 1135; x_wconf 75' lang='lat' dir='ltr'>carnem,</span> <span class='ocrx_word' id='word_1_166' title='bbox 907 1107 948 1127; x_wconf 91' lang='lat' dir='ltr'>ne</span> <span class='ocrx_word' id='word_1_167' title='bbox 971 1098 1127 1128; x_wconf 79' lang='lat' dir='ltr'>saturitas</span> <span class='ocrx_word' id='word_1_168' title='bbox 1151 1098 1208 1127; x_wconf 90' lang='lat' dir='ltr'>ob-</span> 
     </span>
     <span class='ocr_line' id='line_1_24' title="bbox 232 1139 1208 1177; baseline 0.002 -9"><span class='ocrx_word' id='word_1_169' title='bbox 232 1145 302 1169; x_wconf 84' lang='lat' dir='ltr'>ruat</span> <span class='ocrx_word' id='word_1_170' title='bbox 327 1148 398 1177; x_wconf 79' lang='lat' dir='ltr'>nos,</span> <span class='ocrx_word' id='word_1_171' title='bbox 423 1144 451 1168; x_wconf 81' lang='lat' dir='ltr'>et</span> <span class='ocrx_word' id='word_1_172' title='bbox 477 1139 589 1169; x_wconf 82' lang='lat' dir='ltr'>reddat</span> <span class='ocrx_word' id='word_1_173' title='bbox 614 1149 753 1170; x_wconf 87' lang='lat' dir='ltr'>securos</span> <span class='ocrx_word' id='word_1_174' title='bbox 776 1145 807 1169; x_wconf 90' lang='lat' dir='ltr'>et</span> <span class='ocrx_word' id='word_1_175' title='bbox 832 1140 969 1170; x_wconf 83' lang='lat' dir='ltr'>otiosos.</span> <span class='ocrx_word' id='word_1_176' title='bbox 1016 1140 1089 1174; x_wconf 79' lang='lat' dir='ltr'>Qua</span> <span class='ocrx_word' id='word_1_177' title='bbox 1113 1149 1154 1170; x_wconf 81' lang='lat' dir='ltr'>ex</span> <span class='ocrx_word' id='word_1_178' title='bbox 1172 1150 1208 1170; x_wconf 88' lang='lat' dir='ltr'>re</span> 
     </span>
     <span class='ocr_line' id='line_1_25' title="bbox 232 1180 1207 1223; baseline 0.002 -13"><span class='ocrx_word' id='word_1_179' title='bbox 232 1182 279 1218; x_wconf 75' lang='lat' dir='ltr'>tit,</span> <span class='ocrx_word' id='word_1_180' title='bbox 303 1189 336 1212; x_wconf 90' lang='lat' dir='ltr'>ut</span> <span class='ocrx_word' id='word_1_181' title='bbox 359 1180 507 1211; x_wconf 88' lang='lat' dir='ltr'>homines</span> <span class='ocrx_word' id='word_1_182' title='bbox 532 1182 755 1222; x_wconf 88' lang='lat' dir='ltr'>obtemperent</span> <span class='ocrx_word' id='word_1_183' title='bbox 780 1188 810 1212; x_wconf 89' lang='lat' dir='ltr'>et</span> <span class='ocrx_word' id='word_1_184' title='bbox 835 1181 1021 1223; x_wconf 81' lang='lat' dir='ltr'>indulgeant</span> <span class='ocrx_word' id='word_1_185' title='bbox 1037 1181 1207 1212; x_wconf 84' lang='lat' dir='ltr'>affectibus</span> 
     </span>
     <span class='ocr_line' id='line_1_26' title="bbox 232 1226 351 1255; baseline 0.008 0"><span class='ocrx_word' id='word_1_186' title='bbox 232 1226 351 1255; x_wconf 80' lang='lat' dir='ltr'>carnis.</span> 
     </span>
    </p>

    <p class='ocr_par' dir='ltr' id='par_1_5' title="bbox 231 1265 1208 1902">
     <span class='ocr_line' id='line_1_27' title="bbox 318 1265 1207 1308; baseline -0.002 -9"><span class='ocrx_word' id='word_1_187' title='bbox 318 1268 447 1300; x_wconf 82' lang='lat' dir='ltr'>Debent</span> <span class='ocrx_word' id='word_1_188' title='bbox 482 1276 591 1299; x_wconf 81' lang='lat' dir='ltr'>autem</span> <span class='ocrx_word' id='word_1_189' title='bbox 625 1267 721 1298; x_wconf 84' lang='lat' dir='ltr'>huius</span> <span class='ocrx_word' id='word_1_190' title='bbox 752 1268 883 1308; x_wconf 84' lang='lat' dir='ltr'>generis</span> <span class='ocrx_word' id='word_1_191' title='bbox 913 1276 989 1297; x_wconf 80' lang='lat' dir='ltr'>esse</span> <span class='ocrx_word' id='word_1_192' title='bbox 1015 1265 1207 1306; x_wconf 77' lang='lat' dir='ltr'>multiplicia</span> 
     </span>
     <span class='ocr_line' id='line_1_28' title="bbox 235 1308 1206 1347; baseline -0.003 -5"><span class='ocrx_word' id='word_1_193' title='bbox 235 1312 404 1342; x_wconf 82' lang='lat' dir='ltr'>exercitia:</span> <span class='ocrx_word' id='word_1_194' title='bbox 429 1311 653 1347; x_wconf 75' lang='lat' dir='ltr'>Abstinentia,</span> <span class='ocrx_word' id='word_1_195' title='bbox 677 1311 815 1340; x_wconf 82' lang='lat' dir='ltr'>intentio</span> <span class='ocrx_word' id='word_1_196' title='bbox 838 1308 1062 1340; x_wconf 70' lang='lat' dir='ltr'>vehementior</span> <span class='ocrx_word' id='word_1_197' title='bbox 1084 1309 1116 1338; x_wconf 93' lang='lat' dir='ltr'>in</span> <span class='ocrx_word' id='word_1_198' title='bbox 1139 1315 1206 1339; x_wconf 88' lang='lat' dir='ltr'>stu-</span> 
     </span>
     <span class='ocr_line' id='line_1_29' title="bbox 234 1350 1206 1393; baseline -0.004 -9"><span class='ocrx_word' id='word_1_199' title='bbox 234 1355 296 1393; x_wconf 78' lang='lat' dir='ltr'>dia,</span> <span class='ocrx_word' id='word_1_200' title='bbox 321 1353 466 1390; x_wconf 69' lang='lat' dir='ltr'>labores,</span> <span class='ocrx_word' id='word_1_201' title='bbox 490 1363 605 1384; x_wconf 85' lang='lat' dir='ltr'>sacrae</span> <span class='ocrx_word' id='word_1_202' title='bbox 628 1352 797 1383; x_wconf 86' lang='lat' dir='ltr'>lectiones.</span> <span class='ocrx_word' id='word_1_203' title='bbox 843 1352 919 1382; x_wconf 92' lang='lat' dir='ltr'>ldeo</span> <span class='ocrx_word' id='word_1_204' title='bbox 934 1350 1057 1381; x_wconf 88' lang='lat' dir='ltr'>Paulus</span> <span class='ocrx_word' id='word_1_205' title='bbox 1080 1351 1206 1391; x_wconf 85' lang='lat' dir='ltr'>praeci-</span> 
     </span>
     <span class='ocr_line' id='line_1_30' title="bbox 231 1395 1207 1442; baseline -0.007 -12"><span class='ocrx_word' id='word_1_206' title='bbox 231 1401 277 1442; x_wconf 90' lang='lat' dir='ltr'>pit</span> <span class='ocrx_word' id='word_1_207' title='bbox 303 1398 527 1437; x_wconf 78' lang='lat' dir='ltr'><strong>{C01.3.16.]:</strong></span> <span class='ocrx_word' id='word_1_208' title='bbox 562 1396 733 1426; x_wconf 77' lang='lat' dir='ltr'>D‹›centes</span> <span class='ocrx_word' id='word_1_209' title='bbox 763 1401 794 1424; x_wconf 92' lang='lat' dir='ltr'>et</span> <span class='ocrx_word' id='word_1_210' title='bbox 817 1395 1032 1424; x_wconf 82' lang='lat' dir='ltr'>admonentes</span> <span class='ocrx_word' id='word_1_211' title='bbox 1055 1403 1116 1424; x_wconf 69' lang='lat' dir='ltr'>vos</span> <span class='ocrx_word' id='word_1_212' title='bbox 1139 1403 1207 1424; x_wconf 88' lang='lat' dir='ltr'>mu-</span> 
     </span>
     <span class='ocr_line' id='line_1_31' title="bbox 234 1435 1206 1477; baseline -0.009 -3"><span class='ocrx_word' id='word_1_213' title='bbox 234 1451 289 1474; x_wconf 83' lang='lat' dir='ltr'>tuo</span> <span class='ocrx_word' id='word_1_214' title='bbox 314 1440 457 1472; x_wconf 81' lang='lat' dir='ltr'>Psalmis</span> <span class='ocrx_word' id='word_1_215' title='bbox 481 1446 512 1469; x_wconf 84' lang='lat' dir='ltr'>et</span> <span class='ocrx_word' id='word_1_216' title='bbox 536 1438 744 1470; x_wconf 86' lang='lat' dir='ltr'>cantionibus</span> <span class='ocrx_word' id='word_1_217' title='bbox 768 1436 1002 1477; x_wconf 76' lang='lat' dir='ltr'>spiritualibus.</span> <span class='ocrx_word' id='word_1_218' title='bbox 1055 1435 1206 1475; x_wconf 85' lang='lat' dir='ltr'>Denique</span> 
     </span>
     <span class='ocr_line' id='line_1_32' title="bbox 233 1478 1207 1522; baseline -0.008 -7"><span class='ocrx_word' id='word_1_219' title='bbox 233 1485 297 1515; x_wconf 85' lang='lat' dir='ltr'>huc</span> <span class='ocrx_word' id='word_1_220' title='bbox 320 1490 387 1513; x_wconf 86' lang='lat' dir='ltr'>tota</span> <span class='ocrx_word' id='word_1_221' title='bbox 412 1480 583 1522; x_wconf 73' lang='lat' dir='ltr'>disciplina</span> <span class='ocrx_word' id='word_1_222' title='bbox 605 1481 754 1521; x_wconf 79' lang='lat' dir='ltr'>pertinet.</span> <span class='ocrx_word' id='word_1_223' title='bbox 789 1480 855 1510; x_wconf 86' lang='lat' dir='ltr'>Sed</span> <span class='ocrx_word' id='word_1_224' title='bbox 878 1478 963 1509; x_wconf 79' lang='lat' dir='ltr'>hanc</span> <span class='ocrx_word' id='word_1_225' title='bbox 986 1488 1074 1508; x_wconf 89' lang='lat' dir='ltr'>nunc</span> <span class='ocrx_word' id='word_1_226' title='bbox 1093 1488 1207 1517; x_wconf 84' lang='lat' dir='ltr'>super-</span> 
     </span>
     <span class='ocr_line' id='line_1_33' title="bbox 235 1520 1207 1560; baseline -0.007 -4"><span class='ocrx_word' id='word_1_227' title='bbox 235 1528 367 1557; x_wconf 83' lang='lat' dir='ltr'>bissime</span> <span class='ocrx_word' id='word_1_228' title='bbox 391 1525 537 1555; x_wconf 80' lang='lat' dir='ltr'>excussit</span> <span class='ocrx_word' id='word_1_229' title='bbox 560 1523 712 1560; x_wconf 84' lang='lat' dir='ltr'>mundus,</span> <span class='ocrx_word' id='word_1_230' title='bbox 736 1528 767 1552; x_wconf 90' lang='lat' dir='ltr'>et</span> <span class='ocrx_word' id='word_1_231' title='bbox 789 1522 886 1552; x_wconf 82' lang='lat' dir='ltr'>sumit</span> <span class='ocrx_word' id='word_1_232' title='bbox 913 1521 975 1551; x_wconf 83' lang='lat' dir='ltr'>sibi</span> <span class='ocrx_word' id='word_1_233' title='bbox 998 1520 1207 1550; x_wconf 84' lang='lat' dir='ltr'>immodicam</span> 
     </span>
     <span class='ocr_line' id='line_1_34' title="bbox 233 1562 1205 1609; baseline -0.009 -9"><span class='ocrx_word' id='word_1_234' title='bbox 233 1569 415 1606; x_wconf 70' lang='lat' dir='ltr'>licentiam,</span> <span class='ocrx_word' id='word_1_235' title='bbox 445 1579 504 1609; x_wconf 87' lang='lat' dir='ltr'>pro</span> <span class='ocrx_word' id='word_1_236' title='bbox 534 1577 596 1607; x_wconf 85' lang='lat' dir='ltr'>qua</span> <span class='ocrx_word' id='word_1_237' title='bbox 628 1574 748 1607; x_wconf 79' lang='lat' dir='ltr'>graves</span> <span class='ocrx_word' id='word_1_238' title='bbox 776 1573 903 1605; x_wconf 88' lang='lat' dir='ltr'>poenas</span> <span class='ocrx_word' id='word_1_239' title='bbox 934 1562 1109 1603; x_wconf 88' lang='lat' dir='ltr'>aliquando</span> <span class='ocrx_word' id='word_1_240' title='bbox 1133 1562 1205 1592; x_wconf 90' lang='lat' dir='ltr'>Deo</span> 
     </span>
     <span class='ocr_line' id='line_1_35' title="bbox 235 1603 1206 1648; baseline -0.009 -5"><span class='ocrx_word' id='word_1_241' title='bbox 235 1613 369 1643; x_wconf 83' lang='lat' dir='ltr'>daturus</span> <span class='ocrx_word' id='word_1_242' title='bbox 394 1621 454 1641; x_wconf 78' lang='lat' dir='ltr'>est.</span> <span class='ocrx_word' id='word_1_243' title='bbox 500 1609 582 1639; x_wconf 72' lang='lat' dir='ltr'>Nam</span> <span class='ocrx_word' id='word_1_244' title='bbox 612 1614 841 1648; x_wconf 81' lang='lat' dir='ltr'>praeterquam</span> <span class='ocrx_word' id='word_1_245' title='bbox 869 1606 956 1646; x_wconf 89' lang='lat' dir='ltr'>quod</span> <span class='ocrx_word' id='word_1_246' title='bbox 979 1606 1051 1645; x_wconf 86' lang='lat' dir='ltr'>ipsa</span> <span class='ocrx_word' id='word_1_247' title='bbox 1074 1603 1206 1635; x_wconf 87' lang='lat' dir='ltr'>licentia</span> 
     </span>
     <span class='ocr_line' id='line_1_36' title="bbox 235 1645 1207 1690; baseline -0.008 -6"><span class='ocrx_word' id='word_1_248' title='bbox 235 1656 409 1684; x_wconf 81' lang='lat' dir='ltr'>coniuncta</span> <span class='ocrx_word' id='word_1_249' title='bbox 434 1658 483 1681; x_wconf 73' lang='lat' dir='ltr'>est</span> <span class='ocrx_word' id='word_1_250' title='bbox 508 1662 579 1681; x_wconf 85' lang='lat' dir='ltr'>cmn</span> <span class='ocrx_word' id='word_1_251' title='bbox 609 1649 855 1690; x_wconf 82' lang='lat' dir='ltr'>intemperantia</span> <span class='ocrx_word' id='word_1_252' title='bbox 878 1654 909 1678; x_wconf 89' lang='lat' dir='ltr'>et</span> <span class='ocrx_word' id='word_1_253' title='bbox 931 1647 1003 1678; x_wconf 86' lang='lat' dir='ltr'>aliis</span> <span class='ocrx_word' id='word_1_254' title='bbox 1027 1645 1137 1678; x_wconf 82' lang='lat' dir='ltr'>multis</span> <span class='ocrx_word' id='word_1_255' title='bbox 1160 1647 1207 1677; x_wconf 81' lang='lat' dir='ltr'>vi-</span> 
     </span>
     <span class='ocr_line' id='line_1_37' title="bbox 234 1689 1207 1732; baseline -0.008 -6"><span class='ocrx_word' id='word_1_256' title='bbox 234 1697 303 1732; x_wconf 85' lang='lat' dir='ltr'>tiis,</span> <span class='ocrx_word' id='word_1_257' title='bbox 327 1694 406 1725; x_wconf 91' lang='lat' dir='ltr'>illud</span> <span class='ocrx_word' id='word_1_258' title='bbox 429 1693 505 1725; x_wconf 87' lang='lat' dir='ltr'>mali</span> <span class='ocrx_word' id='word_1_259' title='bbox 529 1694 624 1723; x_wconf 85' lang='lat' dir='ltr'>etiam</span> <span class='ocrx_word' id='word_1_260' title='bbox 647 1691 762 1728; x_wconf 79' lang='lat' dir='ltr'>habet,</span> <span class='ocrx_word' id='word_1_261' title='bbox 789 1691 876 1731; x_wconf 90' lang='lat' dir='ltr'>quod</span> <span class='ocrx_word' id='word_1_262' title='bbox 899 1691 931 1721; x_wconf 89' lang='lat' dir='ltr'>in</span> <span class='ocrx_word' id='word_1_263' title='bbox 954 1689 1010 1720; x_wconf 89' lang='lat' dir='ltr'>tali</span> <span class='ocrx_word' id='word_1_264' title='bbox 1034 1690 1207 1719; x_wconf 87' lang='lat' dir='ltr'>barbarica</span> 
     </span>
     <span class='ocr_line' id='line_1_38' title="bbox 233 1732 1208 1779; baseline -0.013 -6"><span class='ocrx_word' id='word_1_265' title='bbox 233 1741 297 1773; x_wconf 57' lang='lat' dir='ltr'>vita</span> <span class='ocrx_word' id='word_1_266' title='bbox 329 1750 393 1770; x_wconf 80' lang='lat' dir='ltr'>non</span> <span class='ocrx_word' id='word_1_267' title='bbox 422 1743 531 1779; x_wconf 84' lang='lat' dir='ltr'>potest</span> <span class='ocrx_word' id='word_1_268' title='bbox 559 1735 668 1766; x_wconf 82' lang='lat' dir='ltr'>doceri</span> <span class='ocrx_word' id='word_1_269' title='bbox 698 1741 753 1765; x_wconf 89' lang='lat' dir='ltr'>aut</span> <span class='ocrx_word' id='word_1_270' title='bbox 783 1733 955 1764; x_wconf 82' lang='lat' dir='ltr'>assuefieri</span> <span class='ocrx_word' id='word_1_271' title='bbox 985 1733 1137 1763; x_wconf 80' lang='lat' dir='ltr'>iuventus</span> <span class='ocrx_word' id='word_1_272' title='bbox 1167 1732 1208 1761; x_wconf 92' lang='lat' dir='ltr'>ad</span> 
     </span>
     <span class='ocr_line' id='line_1_39' title="bbox 233 1773 1207 1825; baseline -0.013 -10"><span class='ocrx_word' id='word_1_273' title='bbox 233 1784 439 1825; x_wconf 60' lang='lat' dir='ltr'>religionem</span> <span class='ocrx_word' id='word_1_274' title='bbox 463 1789 493 1810; x_wconf 75' lang='lat' dir='ltr'>et</span> <span class='ocrx_word' id='word_1_275' title='bbox 512 1778 665 1821; x_wconf 85' lang='lat' dir='ltr'>paulatim</span> <span class='ocrx_word' id='word_1_276' title='bbox 677 1777 777 1808; x_wconf 90' lang='lat' dir='ltr'>induit</span> <span class='ocrx_word' id='word_1_277' title='bbox 797 1781 1015 1815; x_wconf 85' lang='lat' dir='ltr'>contemptum</span> <span class='ocrx_word' id='word_1_278' title='bbox 1028 1773 1207 1815; x_wconf 80' lang='lat' dir='ltr'>religionis.</span> 
     </span>
     <span class='ocr_line' id='line_1_40' title="bbox 236 1817 1208 1862; baseline -0.012 -5"><span class='ocrx_word' id='word_1_279' title='bbox 236 1827 354 1857; x_wconf 77' lang='lat' dir='ltr'>Postea</span> <span class='ocrx_word' id='word_1_280' title='bbox 380 1824 534 1862; x_wconf 60' lang='lat' dir='ltr'>grandior</span> <span class='ocrx_word' id='word_1_281' title='bbox 557 1828 648 1851; x_wconf 85' lang='lat' dir='ltr'>aetas</span> <span class='ocrx_word' id='word_1_282' title='bbox 672 1829 778 1861; x_wconf 91' lang='lat' dir='ltr'>neque</span> <span class='ocrx_word' id='word_1_283' title='bbox 802 1817 1004 1849; x_wconf 82' lang='lat' dir='ltr'>intellectum</span> <span class='ocrx_word' id='word_1_284' title='bbox 1027 1826 1134 1856; x_wconf 88' lang='lat' dir='ltr'>neque</span> <span class='ocrx_word' id='word_1_285' title='bbox 1158 1826 1208 1845; x_wconf 90' lang='grc'><strong>1-8-</strong></span> 
     </span>
     <span class='ocr_line' id='line_1_41' title="bbox 238 1858 1133 1902; baseline -0.013 -3"><span class='ocrx_word' id='word_1_286' title='bbox 238 1860 411 1899; x_wconf 65' lang='grc' dir='ltr'>νθῐθιιῐῑὶιῖιι</span> <span class='ocrx_word' id='word_1_287' title='bbox 437 1876 487 1897; x_wconf 87' lang='lat' dir='ltr'>ne‹</span> <span class='ocrx_word' id='word_1_288' title='bbox 503 1877 542 1896; x_wconf 82' lang='lat' dir='ltr'>uc</span> <span class='ocrx_word' id='word_1_289' title='bbox 566 1864 717 1895; x_wconf 78' lang='lat' dir='ltr'>exercitia</span> <span class='ocrx_word' id='word_1_290' title='bbox 740 1861 809 1892; x_wconf 89' lang='lat' dir='ltr'>ulla</span> <span class='ocrx_word' id='word_1_291' title='bbox 832 1860 1001 1902; x_wconf 78' lang='lat' dir='ltr'>religionis</span> <span class='ocrx_word' id='word_1_292' title='bbox 1024 1858 1133 1888; x_wconf 89' lang='lat' dir='ltr'>habet.</span> 
     </span>
    </p>

    <p class='ocr_par' dir='ltr' id='par_1_6' title="bbox 237 1901 1210 2241">
     <span class='ocr_line' id='line_1_42' title="bbox 322 1901 1209 1950; baseline -0.014 -10"><span class='ocrx_word' id='word_1_293' title='bbox 322 1909 445 1941; x_wconf 65' lang='lat' dir='ltr'>Paulus</span> <span class='ocrx_word' id='word_1_294' title='bbox 462 1908 556 1949; x_wconf 70' lang='lat' dir='ltr'>lhph.</span> <span class='ocrx_word' id='word_1_295' title='bbox 570 1906 659 1944; x_wconf 67' lang='lat'>6‚4.]</span> <span class='ocrx_word' id='word_1_296' title='bbox 671 1904 827 1945; x_wconf 86' lang='lat' dir='ltr'>praecipit</span> <span class='ocrx_word' id='word_1_297' title='bbox 850 1903 1052 1944; x_wconf 66' lang='lat' dir='ltr'>parentibuS,</span> <span class='ocrx_word' id='word_1_298' title='bbox 1074 1907 1109 1930; x_wconf 89' lang='lat' dir='ltr'>ut</span> <span class='ocrx_word' id='word_1_299' title='bbox 1133 1901 1209 1950; x_wconf 62' lang='lat' dir='ltr'>eflu-</span> 
     </span>
     <span class='ocr_line' id='line_1_43' title="bbox 238 1943 1208 1988; baseline -0.015 -2"><span class='ocrx_word' id='word_1_300' title='bbox 238 1962 308 1987; x_wconf 83' lang='lat' dir='ltr'>cent</span> <span class='ocrx_word' id='word_1_301' title='bbox 342 1953 464 1983; x_wconf 79' lang='lat' dir='ltr'>liberos</span> <span class='ocrx_word' id='word_1_302' title='bbox 496 1952 528 1981; x_wconf 92' lang='lat' dir='ltr'>in</span> <span class='ocrx_word' id='word_1_303' title='bbox 557 1947 725 1988; x_wconf 72' lang='lat' dir='ltr'>disciplina</span> <span class='ocrx_word' id='word_1_304' title='bbox 757 1952 787 1976; x_wconf 90' lang='lat' dir='ltr'>et</span> <span class='ocrx_word' id='word_1_305' title='bbox 818 1945 1036 1975; x_wconf 87' lang='lat' dir='ltr'>admonitione</span> <span class='ocrx_word' id='word_1_306' title='bbox 1064 1943 1208 1973; x_wconf 85' lang='lat' dir='ltr'>D0m1n1.</span> 
     </span>
     <span class='ocr_line' id='line_1_44' title="bbox 237 1984 1209 2035; baseline -0.013 -8"><span class='ocrx_word' id='word_1_307' title='bbox 237 1994 421 2035; x_wconf 74' lang='lat' dir='ltr'>Disciplina</span> <span class='ocrx_word' id='word_1_308' title='bbox 452 2000 559 2023; x_wconf 89' lang='lat' dir='ltr'>autem</span> <span class='ocrx_word' id='word_1_309' title='bbox 588 1989 749 2031; x_wconf 83' lang='lat' dir='ltr'>significat</span> <span class='ocrx_word' id='word_1_310' title='bbox 779 1994 879 2017; x_wconf 88' lang='lat' dir='ltr'>totam</span> <span class='ocrx_word' id='word_1_311' title='bbox 913 1984 1209 2019; x_wconf 81' lang='lat' dir='ltr'>assuefactionem3</span> 
     </span>
     <span class='ocr_line' id='line_1_45' title="bbox 239 2027 1209 2069; baseline -0.014 0"><span class='ocrx_word' id='word_1_312' title='bbox 239 2046 266 2069; x_wconf 78' lang='lat' dir='ltr'>et</span> <span class='ocrx_word' id='word_1_313' title='bbox 292 2039 368 2068; x_wconf 91' lang='lat' dir='ltr'>huic</span> <span class='ocrx_word' id='word_1_314' title='bbox 391 2035 460 2067; x_wconf 74' lang='lat' dir='ltr'>vult</span> <span class='ocrx_word' id='word_1_315' title='bbox 484 2035 557 2065; x_wconf 91' lang='lat' dir='ltr'>addi</span> <span class='ocrx_word' id='word_1_316' title='bbox 581 2032 832 2063; x_wconf 85' lang='lat' dir='ltr'>admonitionem</span> <span class='ocrx_word' id='word_1_317' title='bbox 845 2029 988 2065; x_wconf 75' lang='lat' dir='ltr'>Domini.</span> <span class='ocrx_word' id='word_1_318' title='bbox 1012 2029 1044 2058; x_wconf 88' lang='lat' dir='ltr'>id</span> <span class='ocrx_word' id='word_1_319' title='bbox 1067 2033 1129 2063; x_wconf 74' lang='lat' dir='ltr'>est‚</span> <span class='ocrx_word' id='word_1_320' title='bbox 1153 2027 1209 2056; x_wconf 93' lang='lat' dir='ltr'>do-</span> 
     </span>
     <span class='ocr_line' id='line_1_46' title="bbox 240 2067 1209 2111; baseline -0.013 0"><span class='ocrx_word' id='word_1_321' title='bbox 240 2082 376 2111; x_wconf 86' lang='lat' dir='ltr'>ctrinam</span> <span class='ocrx_word' id='word_1_322' title='bbox 399 2088 458 2107; x_wconf 81' lang='lat' dir='ltr'>seu</span> <span class='ocrx_word' id='word_1_323' title='bbox 480 2077 614 2106; x_wconf 71' lang='lat' dir='ltr'>verbum</span> <span class='ocrx_word' id='word_1_324' title='bbox 627 2074 700 2104; x_wconf 85' lang='lat' dir='ltr'>Dei.</span> <span class='ocrx_word' id='word_1_325' title='bbox 746 2072 827 2103; x_wconf 90' lang='lat' dir='ltr'>Cum</span> <span class='ocrx_word' id='word_1_326' title='bbox 851 2078 958 2102; x_wconf 81' lang='lat' dir='ltr'>autem</span> <span class='ocrx_word' id='word_1_327' title='bbox 983 2071 1075 2100; x_wconf 87' lang='lat' dir='ltr'>Deus</span> <span class='ocrx_word' id='word_1_328' title='bbox 1100 2070 1140 2099; x_wconf 88' lang='lat' dir='ltr'>sit</span> <span class='ocrx_word' id='word_1_329' title='bbox 1164 2067 1209 2098; x_wconf 89' lang='lat' dir='ltr'>ef-</span> 
     </span>
     <span class='ocr_line' id='line_1_47' title="bbox 239 2110 1210 2161; baseline -0.013 -8"><span class='ocrx_word' id='word_1_330' title='bbox 239 2123 322 2153; x_wconf 76' lang='lat' dir='ltr'>ficax</span> <span class='ocrx_word' id='word_1_331' title='bbox 346 2131 404 2161; x_wconf 90' lang='lat' dir='ltr'>per</span> <span class='ocrx_word' id='word_1_332' title='bbox 423 2121 557 2149; x_wconf 68' lang='lat' dir='ltr'>verbum</span> <span class='ocrx_word' id='word_1_333' title='bbox 581 2127 685 2153; x_wconf 77' lang='lat' dir='ltr'>suuni,</span> <span class='ocrx_word' id='word_1_334' title='bbox 708 2116 810 2145; x_wconf 88' lang='lat' dir='ltr'>aderit</span> <span class='ocrx_word' id='word_1_335' title='bbox 833 2113 896 2150; x_wconf 76' lang='lat' dir='ltr'>his,</span> <span class='ocrx_word' id='word_1_336' title='bbox 921 2114 973 2154; x_wconf 91' lang='lat' dir='ltr'>qui</span> <span class='ocrx_word' id='word_1_337' title='bbox 994 2112 1114 2142; x_wconf 86' lang='lat' dir='ltr'>habent</span> <span class='ocrx_word' id='word_1_338' title='bbox 1127 2110 1210 2140; x_wconf 89' lang='lat' dir='ltr'>haec</span> 
     </span>
     <span class='ocr_line' id='line_1_48' title="bbox 238 2155 1210 2199; baseline -0.014 -3"><span class='ocrx_word' id='word_1_339' title='bbox 238 2164 397 2196; x_wconf 79' lang='lat' dir='ltr'>exercitia</span> <span class='ocrx_word' id='word_1_340' title='bbox 432 2161 577 2192; x_wconf 81' lang='lat' dir='ltr'>discendi</span> <span class='ocrx_word' id='word_1_341' title='bbox 609 2166 640 2190; x_wconf 80' lang='lat' dir='ltr'>et</span> <span class='ocrx_word' id='word_1_342' title='bbox 675 2157 838 2199; x_wconf 82' lang='lat' dir='ltr'>cogitandi</span> <span class='ocrx_word' id='word_1_343' title='bbox 868 2156 960 2186; x_wconf 64' lang='lat' dir='ltr'>verbi</span> <span class='ocrx_word' id='word_1_344' title='bbox 988 2155 1051 2185; x_wconf 86' lang='lat' dir='ltr'>Dei</span> <span class='ocrx_word' id='word_1_345' title='bbox 1081 2160 1111 2184; x_wconf 91' lang='lat' dir='ltr'>et</span> <span class='ocrx_word' id='word_1_346' title='bbox 1139 2163 1210 2193; x_wconf 87' lang='lat' dir='ltr'>pre-</span> 
     </span>
     <span class='ocr_line' id='line_1_49' title="bbox 240 2199 1038 2241; baseline -0.015 -3"><span class='ocrx_word' id='word_1_347' title='bbox 240 2207 349 2237; x_wconf 82' lang='lat' dir='ltr'>candi.</span> <span class='ocrx_word' id='word_1_348' title='bbox 396 2206 505 2241; x_wconf 82' lang='lat' dir='ltr'>Quare</span> <span class='ocrx_word' id='word_1_349' title='bbox 527 2213 592 2233; x_wconf 88' lang='lat' dir='ltr'>non</span> <span class='ocrx_word' id='word_1_350' title='bbox 617 2208 664 2232; x_wconf 81' lang='lat' dir='ltr'>est</span> <span class='ocrx_word' id='word_1_351' title='bbox 689 2199 812 2230; x_wconf 85' lang='lat' dir='ltr'>inutilis</span> <span class='ocrx_word' id='word_1_352' title='bbox 837 2199 1038 2229; x_wconf 84' lang='lat' dir='ltr'>exercitatio.</span> 
     </span>
    </p>

    <p class='ocr_par' dir='ltr' id='par_1_7' title="bbox 239 2238 1210 2372">
     <span class='ocr_line' id='line_1_50' title="bbox 327 2238 1210 2285; baseline -0.014 -6"><span class='ocrx_word' id='word_1_353' title='bbox 327 2249 500 2279; x_wconf 80' lang='lat' dir='ltr'>Praeterea</span> <span class='ocrx_word' id='word_1_354' title='bbox 524 2254 641 2285; x_wconf 80' lang='lat' dir='ltr'>inagna</span> <span class='ocrx_word' id='word_1_355' title='bbox 655 2243 704 2273; x_wconf 73' lang='lat' dir='ltr'>w&#39;s</span> <span class='ocrx_word' id='word_1_356' title='bbox 718 2248 767 2272; x_wconf 85' lang='lat' dir='ltr'>est</span> <span class='ocrx_word' id='word_1_357' title='bbox 787 2240 1049 2271; x_wconf 77' lang='lat' dir='ltr'>consuetudinis:</span> <span class='ocrx_word' id='word_1_358' title='bbox 1074 2238 1126 2279; x_wconf 89' lang='lat' dir='ltr'>qui</span> <span class='ocrx_word' id='word_1_359' title='bbox 1143 2247 1210 2268; x_wconf 85' lang='lat' dir='ltr'>non</span> 
     </span>
     <span class='ocr_line' id='line_1_51' title="bbox 239 2281 1210 2323; baseline -0.015 0"><span class='ocrx_word' id='word_1_360' title='bbox 239 2298 315 2323; x_wconf 86' lang='lat' dir='ltr'>sunt</span> <span class='ocrx_word' id='word_1_361' title='bbox 345 2288 521 2321; x_wconf 69' lang='lat' dir='ltr'>assuefacti</span> <span class='ocrx_word' id='word_1_362' title='bbox 551 2288 591 2317; x_wconf 85' lang='lat' dir='ltr'>ab</span> <span class='ocrx_word' id='word_1_363' title='bbox 623 2287 752 2316; x_wconf 89' lang='lat' dir='ltr'>ineunte</span> <span class='ocrx_word' id='word_1_364' title='bbox 775 2291 900 2319; x_wconf 75' lang='lat' dir='ltr'>aetate,</span> <span class='ocrx_word' id='word_1_365' title='bbox 929 2288 1044 2322; x_wconf 73' lang='lat' dir='ltr'>postea</span> <span class='ocrx_word' id='word_1_366' title='bbox 1067 2281 1210 2322; x_wconf 80' lang='lat' dir='ltr'>grandes</span> 
     </span>
     <span class='ocr_line' id='line_1_52' title="bbox 240 2323 1209 2372; baseline -0.015 -7"><span class='ocrx_word' id='word_1_367' title='bbox 240 2339 317 2365; x_wconf 81' lang='lat' dir='ltr'>natu</span> <span class='ocrx_word' id='word_1_368' title='bbox 348 2342 453 2372; x_wconf 86' lang='lat' dir='ltr'>neque</span> <span class='ocrx_word' id='word_1_369' title='bbox 482 2329 661 2369; x_wconf 80' lang='lat' dir='ltr'>intelligent</span> <span class='ocrx_word' id='word_1_370' title='bbox 697 2336 802 2367; x_wconf 84' lang='lat' dir='ltr'>neque</span> <span class='ocrx_word' id='word_1_371' title='bbox 837 2331 1008 2355; x_wconf 80' lang='lat' dir='ltr'>accersent</span> <span class='ocrx_word' id='word_1_372' title='bbox 1043 2323 1209 2353; x_wconf 73' lang='lat' dir='ltr'>exercitia.</span> 
     </span>
    </p>
   </div>
   <div class='ocr_carea' id='block_1_4' title="bbox 241 2364 1233 2413">
    <p class='ocr_par' dir='ltr' id='par_1_8' title="bbox 241 2364 1233 2413">
     <span class='ocr_line' id='line_1_53' title="bbox 241 2364 1233 2413; baseline -0.012 -8"><span class='ocrx_word' id='word_1_373' title='bbox 241 2378 405 2411; x_wconf 82' lang='lat' dir='ltr'>Quantum</span> <span class='ocrx_word' id='word_1_374' title='bbox 430 2373 526 2413; x_wconf 83' lang='lat' dir='ltr'>igitur</span> <span class='ocrx_word' id='word_1_375' title='bbox 548 2380 734 2411; x_wconf 85' lang='lat' dir='ltr'>possumus,</span> <span class='ocrx_word' id='word_1_376' title='bbox 757 2369 797 2398; x_wconf 90' lang='lat' dir='ltr'>ad</span> <span class='ocrx_word' id='word_1_377' title='bbox 822 2367 904 2397; x_wconf 87' lang='lat' dir='ltr'>haec</span> <span class='ocrx_word' id='word_1_378' title='bbox 927 2366 1080 2396; x_wconf 82' lang='lat' dir='ltr'>exercitia</span> <span class='ocrx_word' id='word_1_379' title='bbox 1102 2364 1211 2394; x_wconf 83' lang='lat' dir='ltr'>horte·</span> <span class='ocrx_word' id='word_1_380' title='bbox 1232 2408 1233 2411; x_wconf 13' lang='grc' dir='ltr'><strong>Ἴ</strong></span> 
     </span>
    </p>
   </div>
   <div class='ocr_carea' id='block_1_5' title="bbox 243 2496 1057 2578">
    <p class='ocr_par' dir='ltr' id='par_1_9' title="bbox 243 2496 1057 2578">
     <span class='ocr_line' id='line_1_54' title="bbox 243 2496 679 2530; baseline -0.021 -5"><span class='ocrx_word' id='word_1_381' title='bbox 243 2503 288 2530; x_wconf 82' lang='grc'>77)</span> <span class='ocrx_word' id='word_1_382' title='bbox 308 2498 435 2529; x_wconf 76' lang='lat' dir='ltr'>simulata]</span> <span class='ocrx_word' id='word_1_383' title='bbox 456 2498 498 2522; x_wconf 77' lang='lat' dir='ltr'>Ed.</span> <span class='ocrx_word' id='word_1_384' title='bbox 521 2498 558 2519; x_wconf 85' lang='grc'>11,</span> <span class='ocrx_word' id='word_1_385' title='bbox 578 2496 679 2521; x_wconf 73' lang='lat' dir='ltr'>simulta</span> 
     </span>
     <span class='ocr_line' id='line_1_55' title="bbox 244 2542 1057 2578; baseline -0.014 -2"><span class='ocrx_word' id='word_1_386' title='bbox 244 2553 289 2578; x_wconf 58' lang='lat'>72)</span> <span class='ocrx_word' id='word_1_387' title='bbox 309 2548 465 2578; x_wconf 57' lang='lat' dir='ltr'>terroribus]</span> <span class='ocrx_word' id='word_1_388' title='bbox 488 2548 527 2572; x_wconf 83' lang='lat' dir='ltr'>Ed.</span> <span class='ocrx_word' id='word_1_389' title='bbox 549 2548 583 2568; x_wconf 66' lang='grc'>11,</span> <span class='ocrx_word' id='word_1_390' title='bbox 605 2548 627 2569; x_wconf 77' lang='lat' dir='ltr'>et</span> <span class='ocrx_word' id='word_1_391' title='bbox 649 2545 712 2574; x_wconf 76' lang='lat' dir='ltr'>Opp.</span> <span class='ocrx_word' id='word_1_392' title='bbox 732 2546 781 2573; x_wconf 61' lang='grc' dir='ltr'>(γρ.</span> <span class='ocrx_word' id='word_1_393' title='bbox 802 2549 901 2568; x_wconf 81' lang='lat' dir='ltr'>errore:</span> <span class='ocrx_word' id='word_1_394' title='bbox 920 2542 1057 2566; x_wconf 79' lang='lat' dir='ltr'>erroribus.</span> 
     </span>
    </p>
   </div>
   <div class='ocr_carea' id='block_1_6' title="bbox 857 119 1601 157">
    <p class='ocr_par' dir='ltr' id='par_1_10' title="bbox 857 119 1601 157">
     <span class='ocr_line' id='line_1_56' title="bbox 857 119 1601 157; baseline 0.011 -8"><span class='ocrx_word' id='word_1_395' title='bbox 857 119 967 150; x_wconf 84' lang='lat' dir='ltr'>PHlL.</span> <span class='ocrx_word' id='word_1_396' title='bbox 991 120 1093 151; x_wconf 77' lang='lat' dir='ltr'><strong>MEL.</strong></span> <span class='ocrx_word' id='word_1_397' title='bbox 1118 121 1303 154; x_wconf 79' lang='lat' dir='ltr'>SCRIPTA</span> <span class='ocrx_word' id='word_1_398' title='bbox 1327 124 1601 157; x_wconf 74' lang='lat' dir='ltr'><strong>DOGMATICA.</strong></span> 
     </span>
    </p>
   </div>
   <div class='ocr_carea' id='block_1_7' title="bbox 2172 133 2235 164">
    <p class='ocr_par' dir='ltr' id='par_1_11' title="bbox 2172 133 2235 164">
     <span class='ocr_line' id='line_1_57' title="bbox 2172 133 2235 164; baseline 0.016 -1"><span class='ocrx_word' id='word_1_399' title='bbox 2172 133 2235 164; x_wconf 86' lang='lat'>516</span> 
     </span>
    </p>
   </div>
   <div class='ocr_carea' id='block_1_8' title="bbox 1254 217 2235 845">
    <p class='ocr_par' dir='ltr' id='par_1_12' title="bbox 1261 217 2235 298">
     <span class='ocr_line' id='line_1_58' title="bbox 1262 217 2235 262; baseline 0.012 -18"><span class='ocrx_word' id='word_1_400' title='bbox 1262 225 1333 245; x_wconf 84' lang='lat' dir='ltr'>mur</span> <span class='ocrx_word' id='word_1_401' title='bbox 1355 222 1387 245; x_wconf 87' lang='lat' dir='ltr'>et</span> <span class='ocrx_word' id='word_1_402' title='bbox 1410 217 1589 248; x_wconf 80' lang='lat' dir='ltr'>excitemus</span> <span class='ocrx_word' id='word_1_403' title='bbox 1613 219 1810 250; x_wconf 91' lang='lat' dir='ltr'>iuventutem</span> <span class='ocrx_word' id='word_1_404' title='bbox 1824 231 1889 252; x_wconf 90' lang='lat' dir='ltr'>non</span> <span class='ocrx_word' id='word_1_405' title='bbox 1911 221 2018 253; x_wconf 86' lang='lat' dir='ltr'>solum</span> <span class='ocrx_word' id='word_1_406' title='bbox 2036 225 2157 262; x_wconf 69' lang='grc' dir='ltr'><strong>νει-1115,</strong></span> <span class='ocrx_word' id='word_1_407' title='bbox 2173 227 2235 256; x_wconf 79' lang='lat' dir='ltr'>sed</span> 
     </span>
     <span class='ocr_line' id='line_1_59' title="bbox 1261 257 1692 298; baseline 0.009 -12"><span class='ocrx_word' id='word_1_408' title='bbox 1261 257 1356 287; x_wconf 87' lang='lat' dir='ltr'>etiam</span> <span class='ocrx_word' id='word_1_409' title='bbox 1380 257 1536 298; x_wconf 81' lang='lat' dir='ltr'>exemplis</span> <span class='ocrx_word' id='word_1_410' title='bbox 1560 261 1692 290; x_wconf 78' lang='lat' dir='ltr'>nostris.</span> 
     </span>
    </p>

    <p class='ocr_par' dir='ltr' id='par_1_13' title="bbox 1254 299 2233 845">
     <span class='ocr_line' id='line_1_60' title="bbox 1344 299 2232 340; baseline 0.011 -11"><span class='ocrx_word' id='word_1_411' title='bbox 1344 299 1454 340; x_wconf 83' lang='lat' dir='ltr'>Atque</span> <span class='ocrx_word' id='word_1_412' title='bbox 1486 300 1567 332; x_wconf 85' lang='lat' dir='ltr'>haec</span> <span class='ocrx_word' id='word_1_413' title='bbox 1594 303 1749 333; x_wconf 74' lang='lat' dir='ltr'>exercitia</span> <span class='ocrx_word' id='word_1_414' title='bbox 1773 304 1937 336; x_wconf 82' lang='lat' dir='ltr'>destinata</span> <span class='ocrx_word' id='word_1_415' title='bbox 1963 307 2004 336; x_wconf 86' lang='lat' dir='ltr'>ad</span> <span class='ocrx_word' id='word_1_416' title='bbox 2027 305 2113 337; x_wconf 86' lang='lat' dir='ltr'>hunc</span> <span class='ocrx_word' id='word_1_417' title='bbox 2136 307 2232 340; x_wconf 85' lang='lat' dir='ltr'>finem</span> 
     </span>
     <span class='ocr_line' id='line_1_61' title="bbox 1259 340 2232 390; baseline 0.011 -20"><span class='ocrx_word' id='word_1_418' title='bbox 1259 340 1491 373; x_wconf 86' lang='lat' dir='ltr'>immediatum.</span> <span class='ocrx_word' id='word_1_419' title='bbox 1514 350 1549 373; x_wconf 90' lang='lat' dir='ltr'>ut.</span> <span class='ocrx_word' id='word_1_420' title='bbox 1573 343 1774 375; x_wconf 83' lang='lat' dir='ltr'>coherceant.</span> <span class='ocrx_word' id='word_1_421' title='bbox 1796 356 1929 387; x_wconf 75' lang='lat' dir='ltr'>corpus,</span> <span class='ocrx_word' id='word_1_422' title='bbox 1953 349 2014 379; x_wconf 83' lang='lat' dir='ltr'>iam</span> <span class='ocrx_word' id='word_1_423' title='bbox 2039 356 2115 379; x_wconf 83' lang='lat' dir='ltr'>sunt</span> <span class='ocrx_word' id='word_1_424' title='bbox 2131 359 2232 390; x_wconf 86' lang='lat' dir='ltr'>opera</span> 
     </span>
     <span class='ocr_line' id='line_1_62' title="bbox 1258 382 2232 431; baseline 0.013 -20"><span class='ocrx_word' id='word_1_425' title='bbox 1258 392 1276 411; x_wconf 90' lang='lat' dir='ltr'>a</span> <span class='ocrx_word' id='word_1_426' title='bbox 1300 382 1373 413; x_wconf 82' lang='lat' dir='ltr'>Deo</span> <span class='ocrx_word' id='word_1_427' title='bbox 1397 386 1565 417; x_wconf 80' lang='lat' dir='ltr'>mandata:</span> <span class='ocrx_word' id='word_1_428' title='bbox 1596 393 1703 424; x_wconf 78' lang='lat' dir='ltr'>ideoque</span> <span class='ocrx_word' id='word_1_429' title='bbox 1723 395 1772 419; x_wconf 77' lang='lat' dir='ltr'>iam</span> <span class='ocrx_word' id='word_1_430' title='bbox 1791 395 1854 420; x_wconf 80' lang='lat' dir='ltr'>flunt</span> <span class='ocrx_word' id='word_1_431' title='bbox 1872 397 1963 421; x_wconf 78' lang='lat' dir='ltr'>cultus-</span> <span class='ocrx_word' id='word_1_432' title='bbox 1979 391 2023 431; x_wconf 80' lang='lat'>⁷⁹)</span> <span class='ocrx_word' id='word_1_433' title='bbox 2068 390 2109 421; x_wconf 81' lang='lat' dir='ltr'>Et</span> <span class='ocrx_word' id='word_1_434' title='bbox 2134 392 2232 423; x_wconf 84' lang='lat' dir='ltr'>debet</span> 
     </span>
     <span class='ocr_line' id='line_1_63' title="bbox 1258 423 2233 473; baseline 0.012 -20"><span class='ocrx_word' id='word_1_435' title='bbox 1258 423 1340 455; x_wconf 88' lang='lat' dir='ltr'>haec</span> <span class='ocrx_word' id='word_1_436' title='bbox 1369 426 1541 466; x_wconf 84' lang='lat' dir='ltr'>disciplina</span> <span class='ocrx_word' id='word_1_437' title='bbox 1572 436 1730 469; x_wconf 88' lang='lat' dir='ltr'>perpetua</span> <span class='ocrx_word' id='word_1_438' title='bbox 1759 440 1851 468; x_wconf 87' lang='lat' dir='ltr'>esse,</span> <span class='ocrx_word' id='word_1_439' title='bbox 1880 442 1981 472; x_wconf 86' lang='lat' dir='ltr'>quare</span> <span class='ocrx_word' id='word_1_440' title='bbox 2002 442 2069 463; x_wconf 87' lang='lat' dir='ltr'>non</span> <span class='ocrx_word' id='word_1_441' title='bbox 2091 435 2233 473; x_wconf 77' lang='lat' dir='ltr'>pertinet</span> 
     </span>
     <span class='ocr_line' id='line_1_64' title="bbox 1256 469 2230 506; baseline 0.011 -11"><span class='ocrx_word' id='word_1_442' title='bbox 1256 469 1388 506; x_wconf 84' lang='lat' dir='ltr'>proprie</span> <span class='ocrx_word' id='word_1_443' title='bbox 1410 469 1452 498; x_wconf 88' lang='lat' dir='ltr'>ad</span> <span class='ocrx_word' id='word_1_444' title='bbox 1476 470 1665 501; x_wconf 84' lang='lat' dir='ltr'>traditiones</span> <span class='ocrx_word' id='word_1_445' title='bbox 1689 471 1856 503; x_wconf 77' lang='lat' dir='ltr'>humanas.</span> <span class='ocrx_word' id='word_1_446' title='bbox 1901 473 1942 503; x_wconf 82' lang='lat' dir='ltr'>Et</span> <span class='ocrx_word' id='word_1_447' title='bbox 1963 479 1999 504; x_wconf 90' lang='lat' dir='ltr'>ut</span> <span class='ocrx_word' id='word_1_448' title='bbox 2021 476 2157 506; x_wconf 83' lang='lat' dir='ltr'>maxime</span> <span class='ocrx_word' id='word_1_449' title='bbox 2173 475 2230 506; x_wconf 83' lang='lat' dir='ltr'>ali-</span> 
     </span>
     <span class='ocr_line' id='line_1_65' title="bbox 1257 511 2229 553; baseline 0.01 -15"><span class='ocrx_word' id='word_1_450' title='bbox 1257 519 1341 549; x_wconf 85' lang='lat' dir='ltr'>quae</span> <span class='ocrx_word' id='word_1_451' title='bbox 1364 511 1556 541; x_wconf 83' lang='lat' dir='ltr'>traditiones</span> <span class='ocrx_word' id='word_1_452' title='bbox 1580 513 1621 543; x_wconf 89' lang='lat' dir='ltr'>ad</span> <span class='ocrx_word' id='word_1_453' title='bbox 1645 523 1716 543; x_wconf 84' lang='lat' dir='ltr'>eam</span> <span class='ocrx_word' id='word_1_454' title='bbox 1745 515 1873 553; x_wconf 85' lang='lat' dir='ltr'>prosint</span> <span class='ocrx_word' id='word_1_455' title='bbox 1902 521 1933 546; x_wconf 91' lang='lat' dir='ltr'>et</span> <span class='ocrx_word' id='word_1_456' title='bbox 1960 516 2155 547; x_wconf 80' lang='lat' dir='ltr'>admoneant</span> <span class='ocrx_word' id='word_1_457' title='bbox 2182 519 2229 548; x_wconf 88' lang='lat' dir='ltr'>iu-</span> 
     </span>
     <span class='ocr_line' id='line_1_66' title="bbox 1256 555 2229 598; baseline 0.01 -18"><span class='ocrx_word' id='word_1_458' title='bbox 1256 557 1432 589; x_wconf 82' lang='lat' dir='ltr'>ventutem,</span> <span class='ocrx_word' id='word_1_459' title='bbox 1456 560 1563 583; x_wconf 83' lang='lat' dir='ltr'>tamen</span> <span class='ocrx_word' id='word_1_460' title='bbox 1587 555 1659 594; x_wconf 86' lang='lat' dir='ltr'>ipsa</span> <span class='ocrx_word' id='word_1_461' title='bbox 1691 557 1879 586; x_wconf 80' lang='lat' dir='ltr'>observatio</span> <span class='ocrx_word' id='word_1_462' title='bbox 1903 558 1945 587; x_wconf 85' lang='lat' dir='ltr'>sit</span> <span class='ocrx_word' id='word_1_463' title='bbox 1973 558 2044 588; x_wconf 86' lang='lat' dir='ltr'>sine</span> <span class='ocrx_word' id='word_1_464' title='bbox 2071 560 2229 598; x_wconf 85' lang='lat' dir='ltr'>supersti-</span> 
     </span>
     <span class='ocr_line' id='line_1_67' title="bbox 1256 594 2227 637; baseline 0.009 -15"><span class='ocrx_word' id='word_1_465' title='bbox 1256 594 1358 627; x_wconf 76' lang='lat' dir='ltr'>tione:</span> <span class='ocrx_word' id='word_1_466' title='bbox 1381 604 1447 624; x_wconf 89' lang='lat' dir='ltr'>non</span> <span class='ocrx_word' id='word_1_467' title='bbox 1469 595 1609 626; x_wconf 81' lang='lat' dir='ltr'>addatur</span> <span class='ocrx_word' id='word_1_468' title='bbox 1632 597 1740 637; x_wconf 89' lang='lat' dir='ltr'>opinio</span> <span class='ocrx_word' id='word_1_469' title='bbox 1763 598 1906 629; x_wconf 85' lang='lat' dir='ltr'>iustitiae</span> <span class='ocrx_word' id='word_1_470' title='bbox 1927 605 1982 629; x_wconf 88' lang='lat' dir='ltr'>aut</span> <span class='ocrx_word' id='word_1_471' title='bbox 2005 600 2227 632; x_wconf 78' lang='lat' dir='ltr'>necessitatis:</span> 
     </span>
     <span class='ocr_line' id='line_1_68' title="bbox 1256 635 2228 681; baseline 0.009 -17"><span class='ocrx_word' id='word_1_472' title='bbox 1256 635 1295 665; x_wconf 76' lang='lat' dir='ltr'>Et</span> <span class='ocrx_word' id='word_1_473' title='bbox 1319 637 1502 677; x_wconf 76' lang='lat' dir='ltr'>cogitemus</span> <span class='ocrx_word' id='word_1_474' title='bbox 1525 637 1608 668; x_wconf 87' lang='lat' dir='ltr'>hacc</span> <span class='ocrx_word' id='word_1_475' title='bbox 1630 640 1785 671; x_wconf 76' lang='lat' dir='ltr'>exercitia</span> <span class='ocrx_word' id='word_1_476' title='bbox 1807 641 2017 681; x_wconf 76' lang='lat' dir='ltr'>suscipienda</span> <span class='ocrx_word' id='word_1_477' title='bbox 2040 652 2132 679; x_wconf 86' lang='lat' dir='ltr'>esse,</span> <span class='ocrx_word' id='word_1_478' title='bbox 2162 652 2228 673; x_wconf 89' lang='lat' dir='ltr'>non</span> 
     </span>
     <span class='ocr_line' id='line_1_69' title="bbox 1254 677 2228 723; baseline 0.01 -17"><span class='ocrx_word' id='word_1_479' title='bbox 1254 685 1388 717; x_wconf 89' lang='lat' dir='ltr'>propter</span> <span class='ocrx_word' id='word_1_480' title='bbox 1410 677 1496 709; x_wconf 90' lang='lat' dir='ltr'>illam</span> <span class='ocrx_word' id='word_1_481' title='bbox 1520 681 1724 712; x_wconf 82' lang='lat' dir='ltr'>traditionem</span> <span class='ocrx_word' id='word_1_482' title='bbox 1747 690 1802 713; x_wconf 87' lang='lat' dir='ltr'>aut.</span> <span class='ocrx_word' id='word_1_483' title='bbox 1826 690 1954 723; x_wconf 85' lang='lat' dir='ltr'>tempus</span> <span class='ocrx_word' id='word_1_484' title='bbox 1973 682 2063 721; x_wconf 81' lang='lat' dir='ltr'>illud,</span> <span class='ocrx_word' id='word_1_485' title='bbox 2086 684 2146 714; x_wconf 88' lang='lat' dir='ltr'>sed</span> <span class='ocrx_word' id='word_1_486' title='bbox 2159 690 2228 716; x_wconf 84' lang='lat' dir='ltr'>tan-</span> 
     </span>
     <span class='ocr_line' id='line_1_70' title="bbox 1255 721 2228 766; baseline 0.009 -17"><span class='ocrx_word' id='word_1_487' title='bbox 1255 726 1320 750; x_wconf 90' lang='lat' dir='ltr'>tum</span> <span class='ocrx_word' id='word_1_488' title='bbox 1348 721 1514 751; x_wconf 88' lang='lat' dir='ltr'>admoneri</span> <span class='ocrx_word' id='word_1_489' title='bbox 1545 732 1607 752; x_wconf 87' lang='lat' dir='ltr'>nos</span> <span class='ocrx_word' id='word_1_490' title='bbox 1637 722 1699 754; x_wconf 89' lang='lat' dir='ltr'>hac</span> <span class='ocrx_word' id='word_1_491' title='bbox 1728 726 1919 762; x_wconf 84' lang='lat' dir='ltr'>traditione,</span> <span class='ocrx_word' id='word_1_492' title='bbox 1947 732 1983 756; x_wconf 91' lang='lat' dir='ltr'>ut</span> <span class='ocrx_word' id='word_1_493' title='bbox 2005 732 2164 766; x_wconf 85' lang='lat' dir='ltr'>perpetua</span> <span class='ocrx_word' id='word_1_494' title='bbox 2186 729 2228 758; x_wconf 85' lang='lat' dir='ltr'>sit</span> 
     </span>
     <span class='ocr_line' id='line_1_71' title="bbox 1255 761 2228 807; baseline 0.008 -16"><span class='ocrx_word' id='word_1_495' title='bbox 1255 761 1439 803; x_wconf 74' lang='lat' dir='ltr'>diligentia3</span> <span class='ocrx_word' id='word_1_496' title='bbox 1469 773 1556 793; x_wconf 87' lang='lat' dir='ltr'>nunc</span> <span class='ocrx_word' id='word_1_497' title='bbox 1586 771 1694 795; x_wconf 88' lang='lat' dir='ltr'>autem</span> <span class='ocrx_word' id='word_1_498' title='bbox 1720 768 1859 807; x_wconf 79' lang='lat' dir='ltr'>exempli</span> <span class='ocrx_word' id='word_1_499' title='bbox 1883 778 2005 798; x_wconf 81' lang='lat' dir='ltr'>caussa</span> <span class='ocrx_word' id='word_1_500' title='bbox 2034 767 2094 798; x_wconf 90' lang='lat' dir='ltr'>hos</span> <span class='ocrx_word' id='word_1_501' title='bbox 2119 779 2228 800; x_wconf 87' lang='lat' dir='ltr'>mores</span> 
     </span>
     <span class='ocr_line' id='line_1_72' title="bbox 1255 803 2227 845; baseline 0.007 -11"><span class='ocrx_word' id='word_1_502' title='bbox 1255 815 1328 834; x_wconf 88' lang='lat' dir='ltr'>cum</span> <span class='ocrx_word' id='word_1_503' title='bbox 1351 803 1422 834; x_wconf 88' lang='lat' dir='ltr'>aliis</span> <span class='ocrx_word' id='word_1_504' title='bbox 1446 807 1630 836; x_wconf 76' lang='lat' dir='ltr'>servandos</span> <span class='ocrx_word' id='word_1_505' title='bbox 1654 817 1741 845; x_wconf 80' lang='lat' dir='ltr'>esse,</span> <span class='ocrx_word' id='word_1_506' title='bbox 1770 816 1805 839; x_wconf 87' lang='lat' dir='ltr'>ut</span> <span class='ocrx_word' id='word_1_507' title='bbox 1829 810 1890 840; x_wconf 88' lang='lat' dir='ltr'>diei</span> <span class='ocrx_word' id='word_1_508' title='bbox 1914 809 1990 840; x_wconf 87' lang='lat' dir='ltr'>festi</span> <span class='ocrx_word' id='word_1_509' title='bbox 2013 812 2227 842; x_wconf 83' lang='lat' dir='ltr'>ceremonias.</span> 
     </span>
    </p>
   </div>
   <div class='ocr_carea' id='block_1_9' title="bbox 1230 270 1239 893">
    <p class='ocr_par' dir='ltr' id='par_1_14' title="bbox 1230 270 1239 893">
     <span class='ocr_line' id='line_1_73' title="bbox 1230 270 1239 893; baseline 0 0"><span class='ocrx_word' id='word_1_510' title='bbox 1230 270 1239 893; x_wconf 95' lang='lat' dir='ltr'> </span> 
     </span>
    </p>
   </div>
   <div class='ocr_carea' id='block_1_10' title="bbox 1250 845 2229 1889">
    <p class='ocr_par' dir='ltr' id='par_1_15' title="bbox 1252 845 2229 1015">
     <span class='ocr_line' id='line_1_74' title="bbox 1253 845 2229 890; baseline 0.007 -14"><span class='ocrx_word' id='word_1_511' title='bbox 1253 845 1293 876; x_wconf 87' lang='lat' dir='ltr'>Et</span> <span class='ocrx_word' id='word_1_512' title='bbox 1323 853 1430 876; x_wconf 84' lang='lat' dir='ltr'>tamen</span> <span class='ocrx_word' id='word_1_513' title='bbox 1459 846 1511 878; x_wconf 89' lang='lat' dir='ltr'>hic</span> <span class='ocrx_word' id='word_1_514' title='bbox 1548 858 1676 888; x_wconf 89' lang='lat' dir='ltr'>quoque</span> <span class='ocrx_word' id='word_1_515' title='bbox 1712 851 1841 881; x_wconf 87' lang='lat' dir='ltr'>modum</span> <span class='ocrx_word' id='word_1_516' title='bbox 1864 862 1966 881; x_wconf 87' lang='lat' dir='ltr'>nosse</span> <span class='ocrx_word' id='word_1_517' title='bbox 1996 854 2162 890; x_wconf 80' lang='lat' dir='ltr'>convenit,</span> <span class='ocrx_word' id='word_1_518' title='bbox 2195 859 2229 884; x_wconf 84' lang='lat' dir='ltr'>et</span> 
     </span>
     <span class='ocr_line' id='line_1_75' title="bbox 1253 889 2228 930; baseline 0.009 -13"><span class='ocrx_word' id='word_1_519' title='bbox 1253 889 1438 926; x_wconf 85' lang='lat' dir='ltr'>sciendum,</span> <span class='ocrx_word' id='word_1_520' title='bbox 1461 889 1524 919; x_wconf 90' lang='lat' dir='ltr'>alia</span> <span class='ocrx_word' id='word_1_521' title='bbox 1548 889 1685 921; x_wconf 87' lang='lat' dir='ltr'>aliorum</span> <span class='ocrx_word' id='word_1_522' title='bbox 1708 894 1805 922; x_wconf 85' lang='lat' dir='ltr'>aetati</span> <span class='ocrx_word' id='word_1_523' title='bbox 1830 894 2019 930; x_wconf 83' lang='lat' dir='ltr'>convenire,</span> <span class='ocrx_word' id='word_1_524' title='bbox 2042 901 2073 924; x_wconf 89' lang='lat' dir='ltr'>et</span> <span class='ocrx_word' id='word_1_525' title='bbox 2095 904 2228 926; x_wconf 87' lang='lat' dir='ltr'>conser-</span> 
     </span>
     <span class='ocr_line' id='line_1_76' title="bbox 1252 931 2227 973; baseline 0.005 -11"><span class='ocrx_word' id='word_1_526' title='bbox 1252 931 1393 962; x_wconf 84' lang='lat' dir='ltr'>vandam</span> <span class='ocrx_word' id='word_1_527' title='bbox 1416 940 1492 961; x_wconf 83' lang='lat' dir='ltr'>esse</span> <span class='ocrx_word' id='word_1_528' title='bbox 1515 931 1750 970; x_wconf 78' lang='lat' dir='ltr'>valetudinem,</span> <span class='ocrx_word' id='word_1_529' title='bbox 1773 941 1808 965; x_wconf 92' lang='lat' dir='ltr'>ut</span> <span class='ocrx_word' id='word_1_530' title='bbox 1832 934 1954 965; x_wconf 81' lang='lat' dir='ltr'>Paulus</span> <span class='ocrx_word' id='word_1_531' title='bbox 1979 936 2056 966; x_wconf 87' lang='lat' dir='ltr'>dicit</span> <span class='ocrx_word' id='word_1_532' title='bbox 2064 958 2074 973; x_wconf 82' lang='grc'>,</span> <span class='ocrx_word' id='word_1_533' title='bbox 2106 935 2227 967; x_wconf 87' lang='lat' dir='ltr'>haben-</span> 
     </span>
     <span class='ocr_line' id='line_1_77' title="bbox 1254 972 2177 1015; baseline 0.007 -12"><span class='ocrx_word' id='word_1_534' title='bbox 1254 973 1330 1004; x_wconf 89' lang='lat' dir='ltr'>dum</span> <span class='ocrx_word' id='word_1_535' title='bbox 1354 983 1429 1003; x_wconf 85' lang='lat' dir='ltr'>esse</span> <span class='ocrx_word' id='word_1_536' title='bbox 1455 972 1612 1005; x_wconf 87' lang='lat' dir='ltr'>honorem</span> <span class='ocrx_word' id='word_1_537' title='bbox 1635 976 1766 1015; x_wconf 81' lang='lat' dir='ltr'>corpori</span> <span class='ocrx_word' id='word_1_538' title='bbox 1790 982 1852 1007; x_wconf 91' lang='lat' dir='ltr'>etc.</span> <span class='ocrx_word' id='word_1_539' title='bbox 2176 1004 2177 1009; x_wconf 69' lang='grc'>,</span> 
     </span>
    </p>

    <p class='ocr_par' dir='ltr' id='par_1_16' title="bbox 1250 1015 2229 1889">
     <span class='ocr_line' id='line_1_78' title="bbox 1339 1015 2229 1059; baseline 0.006 -14"><span class='ocrx_word' id='word_1_540' title='bbox 1339 1015 1406 1045; x_wconf 88' lang='lat' dir='ltr'>Sed</span> <span class='ocrx_word' id='word_1_541' title='bbox 1446 1016 1516 1046; x_wconf 89' lang='lat' dir='ltr'>iure</span> <span class='ocrx_word' id='word_1_542' title='bbox 1549 1017 1696 1056; x_wconf 86' lang='lat' dir='ltr'>queritur</span> <span class='ocrx_word' id='word_1_543' title='bbox 1729 1017 1909 1055; x_wconf 81' lang='lat' dir='ltr'>Taulerus,</span> <span class='ocrx_word' id='word_1_544' title='bbox 1941 1017 2120 1059; x_wconf 85' lang='lat' dir='ltr'>plerosque</span> <span class='ocrx_word' id='word_1_545' title='bbox 2152 1019 2229 1050; x_wconf 78' lang='lat' dir='ltr'>ante&#39;</span> 
     </span>
     <span class='ocr_line' id='line_1_79' title="bbox 1253 1058 2228 1100; baseline 0.005 -13"><span class='ocrx_word' id='word_1_546' title='bbox 1253 1063 1382 1097; x_wconf 86' lang='lat' dir='ltr'>tempus</span> <span class='ocrx_word' id='word_1_547' title='bbox 1405 1058 1547 1088; x_wconf 85' lang='lat' dir='ltr'>abiicere</span> <span class='ocrx_word' id='word_1_548' title='bbox 1560 1060 1605 1096; x_wconf 61' lang='lat' dir='ltr'>s⁰)</span> <span class='ocrx_word' id='word_1_549' title='bbox 1622 1059 1778 1100; x_wconf 79' lang='lat' dir='ltr'>imagines</span> <span class='ocrx_word' id='word_1_550' title='bbox 1801 1070 1861 1090; x_wconf 81' lang='lat' dir='ltr'>seu</span> <span class='ocrx_word' id='word_1_551' title='bbox 1882 1061 2034 1096; x_wconf 78' lang='lat' dir='ltr'>umbras3</span> <span class='ocrx_word' id='word_1_552' title='bbox 2058 1061 2106 1091; x_wconf 77' lang='lat' dir='ltr'>sic</span> <span class='ocrx_word' id='word_1_553' title='bbox 2127 1066 2228 1092; x_wconf 83' lang='lat' dir='ltr'>vocat</span> 
     </span>
     <span class='ocr_line' id='line_1_80' title="bbox 1252 1098 2227 1142; baseline 0.005 -13"><span class='ocrx_word' id='word_1_554' title='bbox 1252 1098 1335 1129; x_wconf 89' lang='lat' dir='ltr'>haec</span> <span class='ocrx_word' id='word_1_555' title='bbox 1359 1100 1517 1130; x_wconf 73' lang='lat' dir='ltr'>exercitia</span> <span class='ocrx_word' id='word_1_556' title='bbox 1540 1099 1689 1131; x_wconf 86' lang='lat' dir='ltr'>alludens</span> <span class='ocrx_word' id='word_1_557' title='bbox 1711 1103 1752 1131; x_wconf 88' lang='lat' dir='ltr'>ad</span> <span class='ocrx_word' id='word_1_558' title='bbox 1775 1101 1931 1138; x_wconf 81' lang='lat' dir='ltr'>Paulum,</span> <span class='ocrx_word' id='word_1_559' title='bbox 1955 1112 2038 1142; x_wconf 87' lang='lat' dir='ltr'>quae</span> <span class='ocrx_word' id='word_1_560' title='bbox 2060 1109 2138 1134; x_wconf 85' lang='lat' dir='ltr'>sunt</span> <span class='ocrx_word' id='word_1_561' title='bbox 2159 1113 2227 1134; x_wconf 90' lang='lat' dir='ltr'>um-</span> 
     </span>
     <span class='ocr_line' id='line_1_81' title="bbox 1255 1140 2228 1183; baseline 0.005 -13"><span class='ocrx_word' id='word_1_562' title='bbox 1255 1142 1314 1172; x_wconf 85' lang='lat' dir='ltr'>bra</span> <span class='ocrx_word' id='word_1_563' title='bbox 1346 1140 1549 1178; x_wconf 83' lang='lat' dir='ltr'>futurorum,</span> <span class='ocrx_word' id='word_1_564' title='bbox 1584 1153 1705 1183; x_wconf 88' lang='lat' dir='ltr'>corpus</span> <span class='ocrx_word' id='word_1_565' title='bbox 1735 1149 1842 1173; x_wconf 82' lang='lat' dir='ltr'>autem</span> <span class='ocrx_word' id='word_1_566' title='bbox 1877 1149 1926 1173; x_wconf 85' lang='lat' dir='ltr'>est</span> <span class='ocrx_word' id='word_1_567' title='bbox 1962 1142 2093 1174; x_wconf 85' lang='lat' dir='ltr'>Christi.</span> <span class='ocrx_word' id='word_1_568' title='bbox 2144 1144 2228 1175; x_wconf 88' lang='lat' dir='ltr'>Nam</span> 
     </span>
     <span class='ocr_line' id='line_1_82' title="bbox 1253 1182 2229 1225; baseline 0.003 -12"><span class='ocrx_word' id='word_1_569' title='bbox 1253 1183 1336 1214; x_wconf 89' lang='lat' dir='ltr'>haec</span> <span class='ocrx_word' id='word_1_570' title='bbox 1359 1182 1529 1223; x_wconf 87' lang='lat' dir='ltr'>disciplina</span> <span class='ocrx_word' id='word_1_571' title='bbox 1553 1194 1618 1215; x_wconf 85' lang='lat' dir='ltr'>non</span> <span class='ocrx_word' id='word_1_572' title='bbox 1641 1191 1690 1214; x_wconf 85' lang='lat' dir='ltr'>est</span> <span class='ocrx_word' id='word_1_573' title='bbox 1717 1185 1837 1215; x_wconf 83' lang='lat' dir='ltr'>iustitia</span> <span class='ocrx_word' id='word_1_574' title='bbox 1851 1185 1996 1225; x_wconf 85' lang='lat' dir='ltr'>spirituS‚</span> <span class='ocrx_word' id='word_1_575' title='bbox 2010 1185 2072 1216; x_wconf 84' lang='lat' dir='ltr'>sed</span> <span class='ocrx_word' id='word_1_576' title='bbox 2094 1186 2229 1216; x_wconf 83' lang='lat' dir='ltr'>umbrae</span> 
     </span>
     <span class='ocr_line' id='line_1_83' title="bbox 1253 1225 2228 1268; baseline 0.003 -13"><span class='ocrx_word' id='word_1_577' title='bbox 1253 1232 1329 1256; x_wconf 82' lang='lat' dir='ltr'>sunt</span> <span class='ocrx_word' id='word_1_578' title='bbox 1351 1235 1411 1256; x_wconf 89' lang='lat' dir='ltr'>seu</span> <span class='ocrx_word' id='word_1_579' title='bbox 1433 1226 1612 1266; x_wconf 83' lang='lat' dir='ltr'>imagines,</span> <span class='ocrx_word' id='word_1_580' title='bbox 1642 1225 1706 1257; x_wconf 87' lang='lat' dir='ltr'>hoc</span> <span class='ocrx_word' id='word_1_581' title='bbox 1729 1233 1794 1264; x_wconf 83' lang='lat' dir='ltr'>est,</span> <span class='ocrx_word' id='word_1_582' title='bbox 1824 1227 1995 1264; x_wconf 79' lang='lat' dir='ltr'>exercitia,</span> <span class='ocrx_word' id='word_1_583' title='bbox 2022 1227 2141 1268; x_wconf 89' lang='lat' dir='ltr'>quibus</span> <span class='ocrx_word' id='word_1_584' title='bbox 2171 1227 2228 1258; x_wconf 85' lang='lat' dir='ltr'>ad-</span> 
     </span>
     <span class='ocr_line' id='line_1_84' title="bbox 1252 1267 2228 1310; baseline 0.002 -13"><span class='ocrx_word' id='word_1_585' title='bbox 1252 1268 1415 1305; x_wconf 88' lang='lat' dir='ltr'>monendi,</span> <span class='ocrx_word' id='word_1_586' title='bbox 1439 1268 1637 1299; x_wconf 87' lang='lat' dir='ltr'>cohercendi</span> <span class='ocrx_word' id='word_1_587' title='bbox 1661 1275 1691 1298; x_wconf 90' lang='lat' dir='ltr'>et</span> <span class='ocrx_word' id='word_1_588' title='bbox 1715 1267 1957 1299; x_wconf 81' lang='lat' dir='ltr'>assuefaciendi</span> <span class='ocrx_word' id='word_1_589' title='bbox 1979 1274 2055 1299; x_wconf 87' lang='lat' dir='ltr'>sunt</span> <span class='ocrx_word' id='word_1_590' title='bbox 2068 1267 2228 1310; x_wconf 78' lang='lat' dir='ltr'>homines,</span> 
     </span>
     <span class='ocr_line' id='line_1_85' title="bbox 1251 1309 2228 1351; baseline 0.002 -11"><span class='ocrx_word' id='word_1_591' title='bbox 1251 1317 1287 1341; x_wconf 88' lang='lat' dir='ltr'>ut</span> <span class='ocrx_word' id='word_1_592' title='bbox 1310 1310 1422 1339; x_wconf 82' lang='lat' dir='ltr'>doceri</span> <span class='ocrx_word' id='word_1_593' title='bbox 1443 1310 1582 1350; x_wconf 84' lang='lat' dir='ltr'>possint,</span> <span class='ocrx_word' id='word_1_594' title='bbox 1604 1316 1638 1340; x_wconf 92' lang='lat' dir='ltr'>ut</span> <span class='ocrx_word' id='word_1_595' title='bbox 1662 1311 1766 1351; x_wconf 83' lang='lat' dir='ltr'>magis</span> <span class='ocrx_word' id='word_1_596' title='bbox 1789 1309 1867 1340; x_wconf 88' lang='lat' dir='ltr'>fiant</span> <span class='ocrx_word' id='word_1_597' title='bbox 1890 1310 1996 1342; x_wconf 87' lang='lat' dir='ltr'>idonei</span> <span class='ocrx_word' id='word_1_598' title='bbox 2018 1311 2061 1340; x_wconf 87' lang='lat' dir='ltr'>ad</span> <span class='ocrx_word' id='word_1_599' title='bbox 2083 1311 2228 1351; x_wconf 82' lang='lat' dir='ltr'>cogitan-</span> 
     </span>
     <span class='ocr_line' id='line_1_86' title="bbox 1252 1351 2228 1393; baseline 0 -10"><span class='ocrx_word' id='word_1_600' title='bbox 1252 1353 1328 1383; x_wconf 87' lang='lat' dir='ltr'>dum</span> <span class='ocrx_word' id='word_1_601' title='bbox 1350 1351 1565 1393; x_wconf 80' lang='lat' dir='ltr'>Evangelium</span> <span class='ocrx_word' id='word_1_602' title='bbox 1589 1358 1620 1382; x_wconf 87' lang='lat' dir='ltr'>et</span> <span class='ocrx_word' id='word_1_603' title='bbox 1647 1353 1912 1392; x_wconf 86' lang='lat' dir='ltr'>praedicandum.</span> <span class='ocrx_word' id='word_1_604' title='bbox 1958 1351 2051 1382; x_wconf 85' lang='lat' dir='ltr'>Sicut</span> <span class='ocrx_word' id='word_1_605' title='bbox 2079 1358 2111 1382; x_wconf 89' lang='lat' dir='ltr'>et</span> <span class='ocrx_word' id='word_1_606' title='bbox 2134 1351 2228 1389; x_wconf 76' lang='lat' dir='ltr'>Chri-</span> 
     </span>
     <span class='ocr_line' id='line_1_87' title="bbox 1250 1394 2229 1435; baseline -0.001 -10"><span class='ocrx_word' id='word_1_607' title='bbox 1250 1401 1321 1425; x_wconf 81' lang='lat' dir='ltr'>stus</span> <span class='ocrx_word' id='word_1_608' title='bbox 1334 1395 1435 1435; x_wconf 89' lang='lat' dir='ltr'>inquit</span> <span class='ocrx_word' id='word_1_609' title='bbox 1446 1394 1560 1430; x_wconf 61' lang='lat' dir='ltr'>{Maro</span> <span class='ocrx_word' id='word_1_610' title='bbox 1571 1394 1602 1431; x_wconf 85' lang='lat'>9,</span> <span class='ocrx_word' id='word_1_611' title='bbox 1611 1394 1689 1432; x_wconf 53' lang='lat'>284,</span> <span class='ocrx_word' id='word_1_612' title='bbox 1702 1395 1773 1424; x_wconf 89' lang='lat' dir='ltr'>Hoc</span> <span class='ocrx_word' id='word_1_613' title='bbox 1787 1404 1891 1435; x_wconf 86' lang='lat' dir='ltr'>genus</span> <span class='ocrx_word' id='word_1_614' title='bbox 1899 1394 2150 1427; x_wconf 76' lang='lat' dir='ltr'>,daemoniorum</span> <span class='ocrx_word' id='word_1_615' title='bbox 2161 1404 2229 1425; x_wconf 90' lang='lat' dir='ltr'>non</span> 
     </span>
     <span class='ocr_line' id='line_1_88' title="bbox 1251 1435 2229 1477; baseline -0.002 -10"><span class='ocrx_word' id='word_1_616' title='bbox 1251 1437 1395 1473; x_wconf 88' lang='lat' dir='ltr'>eiicitur‚</span> <span class='ocrx_word' id='word_1_617' title='bbox 1417 1437 1479 1466; x_wconf 88' lang='lat' dir='ltr'>nisi</span> <span class='ocrx_word' id='word_1_618' title='bbox 1502 1436 1620 1466; x_wconf 88' lang='lat' dir='ltr'>ieiunio</span> <span class='ocrx_word' id='word_1_619' title='bbox 1647 1442 1678 1466; x_wconf 89' lang='lat' dir='ltr'>et</span> <span class='ocrx_word' id='word_1_620' title='bbox 1702 1437 1866 1472; x_wconf 75' lang='lat' dir='ltr'>oratione,</span> <span class='ocrx_word' id='word_1_621' title='bbox 1898 1436 1930 1465; x_wconf 88' lang='lat' dir='ltr'>id</span> <span class='ocrx_word' id='word_1_622' title='bbox 1954 1435 2229 1477; x_wconf 58' lang='lat' dir='ltr'>est„sobriorum</span> 
     </span>
     <span class='ocr_line' id='line_1_89' title="bbox 1252 1476 2228 1518; baseline -0.002 -9"><span class='ocrx_word' id='word_1_623' title='bbox 1252 1479 1409 1509; x_wconf 87' lang='lat' dir='ltr'>oratione.</span> <span class='ocrx_word' id='word_1_624' title='bbox 1432 1478 1509 1508; x_wconf 88' lang='lat' dir='ltr'>Ideo</span> <span class='ocrx_word' id='word_1_625' title='bbox 1522 1477 1644 1508; x_wconf 88' lang='lat' dir='ltr'>Paulus</span> <span class='ocrx_word' id='word_1_626' title='bbox 1659 1478 1700 1514; x_wconf 68' lang='lat' dir='ltr'>[l.</span> <span class='ocrx_word' id='word_1_627' title='bbox 1714 1477 1794 1508; x_wconf 87' lang='lat' dir='ltr'>Tim.</span> <span class='ocrx_word' id='word_1_628' title='bbox 1807 1478 1839 1515; x_wconf 74' lang='lat'>4,</span> <span class='ocrx_word' id='word_1_629' title='bbox 1850 1478 1893 1515; x_wconf 85' lang='grc'>8.]</span> <span class='ocrx_word' id='word_1_630' title='bbox 1908 1488 1975 1507; x_wconf 86' lang='grc'><strong>11011</strong></span> <span class='ocrx_word' id='word_1_631' title='bbox 1997 1477 2087 1514; x_wconf 71' lang='lat' dir='ltr'>dixit,</span> <span class='ocrx_word' id='word_1_632' title='bbox 2112 1476 2228 1518; x_wconf 79' lang='lat' dir='ltr'>coi-po-</span> 
     </span>
     <span class='ocr_line' id='line_1_90' title="bbox 1251 1517 2229 1560; baseline -0.001 -9"><span class='ocrx_word' id='word_1_633' title='bbox 1251 1520 1331 1552; x_wconf 86' lang='lat' dir='ltr'>ralia</span> <span class='ocrx_word' id='word_1_634' title='bbox 1348 1521 1505 1551; x_wconf 80' lang='lat' dir='ltr'>exercitia</span> <span class='ocrx_word' id='word_1_635' title='bbox 1528 1530 1665 1560; x_wconf 87' lang='lat' dir='ltr'>prorsus</span> <span class='ocrx_word' id='word_1_636' title='bbox 1689 1519 1813 1550; x_wconf 86' lang='lat' dir='ltr'>inutilia</span> <span class='ocrx_word' id='word_1_637' title='bbox 1837 1530 1922 1559; x_wconf 92' lang='lat' dir='ltr'>esse,</span> <span class='ocrx_word' id='word_1_638' title='bbox 1945 1519 2004 1550; x_wconf 88' lang='lat' dir='ltr'>sed</span> <span class='ocrx_word' id='word_1_639' title='bbox 2019 1517 2229 1550; x_wconf 85' lang='lat' dir='ltr'>collationem</span> 
     </span>
     <span class='ocr_line' id='line_1_91' title="bbox 1250 1560 2116 1602; baseline -0.001 -9"><span class='ocrx_word' id='word_1_640' title='bbox 1250 1562 1327 1594; x_wconf 86' lang='lat' dir='ltr'>facit</span> <span class='ocrx_word' id='word_1_641' title='bbox 1346 1562 1461 1593; x_wconf 87' lang='lat' dir='ltr'>horum</span> <span class='ocrx_word' id='word_1_642' title='bbox 1474 1563 1703 1593; x_wconf 79' lang='lat' dir='ltr'>exercitiorum</span> <span class='ocrx_word' id='word_1_643' title='bbox 1723 1568 1755 1592; x_wconf 90' lang='lat' dir='ltr'>et</span> <span class='ocrx_word' id='word_1_644' title='bbox 1767 1560 1945 1602; x_wconf 84' lang='lat' dir='ltr'>spiritualis</span> <span class='ocrx_word' id='word_1_645' title='bbox 1962 1561 2116 1592; x_wconf 87' lang='lat' dir='ltr'>iustitiae.</span> 
     </span>
     <span class='ocr_line' id='line_1_92' title="bbox 1252 1602 2227 1675; baseline -0.001 -40"><span class='ocrx_word' id='word_1_646' title='bbox 1252 1605 1327 1645; x_wconf 90' lang='lat' dir='ltr'>quid</span> <span class='ocrx_word' id='word_1_647' title='bbox 1341 1604 1480 1635; x_wconf 70' lang='lat' dir='ltr'>affertmt</span> <span class='ocrx_word' id='word_1_648' title='bbox 1491 1603 1637 1635; x_wconf 76' lang='lat' dir='ltr'>utilitatis</span> <span class='ocrx_word' id='word_1_649' title='bbox 1649 1604 1733 1635; x_wconf 89' lang='lat' dir='ltr'>haec</span> <span class='ocrx_word' id='word_1_650' title='bbox 1746 1604 1910 1638; x_wconf 73' lang='lat' dir='ltr'>exercitia,</span> <span class='ocrx_word' id='word_1_651' title='bbox 1929 1604 1989 1634; x_wconf 88' lang='lat' dir='ltr'>sed</span> <span class='ocrx_word' id='word_1_652' title='bbox 2001 1603 2126 1675; x_wconf 46' lang='lat' dir='ltr'>{radus</span> <span class='ocrx_word' id='word_1_653' title='bbox 2144 1602 2227 1634; x_wconf 81' lang='lat' dir='ltr'>allus</span> 
     </span>
     <span class='ocr_line' id='line_1_93' title="bbox 1251 1645 2229 1689; baseline -0.001 -11"><span class='ocrx_word' id='word_1_654' title='bbox 1251 1647 1353 1689; x_wconf 80' lang='lat' dir='ltr'>longe</span> <span class='ocrx_word' id='word_1_655' title='bbox 1375 1648 1526 1686; x_wconf 85' lang='lat' dir='ltr'>superior</span> <span class='ocrx_word' id='word_1_656' title='bbox 1549 1654 1600 1677; x_wconf 77' lang='lat' dir='ltr'>est</span> <span class='ocrx_word' id='word_1_657' title='bbox 1622 1652 1653 1677; x_wconf 88' lang='lat' dir='ltr'>et</span> <span class='ocrx_word' id='word_1_658' title='bbox 1677 1646 1912 1687; x_wconf 81' lang='lat' dir='ltr'>praestantior,</span> <span class='ocrx_word' id='word_1_659' title='bbox 1934 1645 2009 1676; x_wconf 86' lang='lat' dir='ltr'>vide</span> <span class='ocrx_word' id='word_1_660' title='bbox 2024 1645 2087 1675; x_wconf 88' lang='lat' dir='ltr'>icet</span> <span class='ocrx_word' id='word_1_661' title='bbox 2108 1645 2229 1685; x_wconf 83' lang='lat' dir='ltr'>pietas,</span> 
     </span>
     <span class='ocr_line' id='line_1_94' title="bbox 1252 1686 2228 1729; baseline -0.003 -9"><span class='ocrx_word' id='word_1_662' title='bbox 1252 1690 1316 1720; x_wconf 87' lang='lat' dir='ltr'>hoc</span> <span class='ocrx_word' id='word_1_663' title='bbox 1339 1695 1402 1725; x_wconf 81' lang='lat' dir='ltr'>est,</span> <span class='ocrx_word' id='word_1_664' title='bbox 1426 1699 1505 1719; x_wconf 73' lang='lat' dir='ltr'>vera</span> <span class='ocrx_word' id='word_1_665' title='bbox 1527 1689 1744 1729; x_wconf 82' lang='lat' dir='ltr'>poenitentia,</span> <span class='ocrx_word' id='word_1_666' title='bbox 1766 1688 1836 1718; x_wconf 83' lang='lat' dir='ltr'>veri</span> <span class='ocrx_word' id='word_1_667' title='bbox 1860 1686 2008 1725; x_wconf 79' lang='lat' dir='ltr'>dolores,</span> <span class='ocrx_word' id='word_1_668' title='bbox 2031 1696 2112 1718; x_wconf 87' lang='lat' dir='ltr'>vera.</span> <span class='ocrx_word' id='word_1_669' title='bbox 2133 1696 2228 1717; x_wconf 83' lang='lat' dir='ltr'>exer-</span> 
     </span>
     <span class='ocr_line' id='line_1_95' title="bbox 1253 1729 2228 1772; baseline -0.004 -10"><span class='ocrx_word' id='word_1_670' title='bbox 1253 1733 1328 1763; x_wconf 83' lang='lat' dir='ltr'>citia</span> <span class='ocrx_word' id='word_1_671' title='bbox 1346 1732 1437 1769; x_wconf 79' lang='lat' dir='ltr'>fidei,</span> <span class='ocrx_word' id='word_1_672' title='bbox 1461 1741 1590 1772; x_wconf 78' lang='lat' dir='ltr'>preces,</span> <span class='ocrx_word' id='word_1_673' title='bbox 1612 1731 1776 1771; x_wconf 87' lang='lat' dir='ltr'>patientia.</span> <span class='ocrx_word' id='word_1_674' title='bbox 1811 1729 1901 1760; x_wconf 86' lang='lat' dir='ltr'>Haec</span> <span class='ocrx_word' id='word_1_675' title='bbox 1924 1729 1999 1766; x_wconf 60' lang='lat' dir='ltr'>dix-i,</span> <span class='ocrx_word' id='word_1_676' title='bbox 2022 1735 2056 1759; x_wconf 90' lang='lat' dir='ltr'>ut</span> <span class='ocrx_word' id='word_1_677' title='bbox 2078 1729 2228 1759; x_wconf 87' lang='lat' dir='ltr'>memine-</span> 
     </span>
     <span class='ocr_line' id='line_1_96' title="bbox 1252 1771 2227 1813; baseline -0.005 -8"><span class='ocrx_word' id='word_1_678' title='bbox 1252 1776 1364 1810; x_wconf 83' lang='lat' dir='ltr'>rimus,</span> <span class='ocrx_word' id='word_1_679' title='bbox 1386 1773 1450 1804; x_wconf 88' lang='lat' dir='ltr'>hoc</span> <span class='ocrx_word' id='word_1_680' title='bbox 1473 1774 1618 1804; x_wconf 85' lang='lat' dir='ltr'>exercitii</span> <span class='ocrx_word' id='word_1_681' title='bbox 1640 1783 1744 1813; x_wconf 85' lang='lat' dir='ltr'>genus</span> <span class='ocrx_word' id='word_1_682' title='bbox 1766 1782 1832 1802; x_wconf 88' lang='lat' dir='ltr'>non</span> <span class='ocrx_word' id='word_1_683' title='bbox 1856 1782 1931 1802; x_wconf 85' lang='lat' dir='ltr'>esse</span> <span class='ocrx_word' id='word_1_684' title='bbox 1953 1771 2168 1810; x_wconf 79' lang='lat' dir='ltr'>abiicendum,</span> <span class='ocrx_word' id='word_1_685' title='bbox 2191 1775 2227 1801; x_wconf 87' lang='lat' dir='ltr'>ut</span> 
     </span>
     <span class='ocr_line' id='line_1_97' title="bbox 1253 1812 2228 1857; baseline -0.005 -10"><span class='ocrx_word' id='word_1_686' title='bbox 1253 1818 1414 1852; x_wconf 73' lang='lat' dir='ltr'>sciamus,</span> <span class='ocrx_word' id='word_1_687' title='bbox 1445 1817 1487 1846; x_wconf 88' lang='lat' dir='ltr'>ad</span> <span class='ocrx_word' id='word_1_688' title='bbox 1511 1826 1607 1857; x_wconf 86' lang='lat' dir='ltr'>quem</span> <span class='ocrx_word' id='word_1_689' title='bbox 1636 1817 1732 1845; x_wconf 85' lang='lat' dir='ltr'>tinem</span> <span class='ocrx_word' id='word_1_690' title='bbox 1761 1815 1831 1844; x_wconf 90' lang='lat' dir='ltr'>sine</span> <span class='ocrx_word' id='word_1_691' title='bbox 1861 1813 2091 1853; x_wconf 84' lang='lat' dir='ltr'>superstitione</span> <span class='ocrx_word' id='word_1_692' title='bbox 2113 1812 2228 1843; x_wconf 83' lang='lat' dir='ltr'>referri</span> 
     </span>
     <span class='ocr_line' id='line_1_98' title="bbox 1254 1860 1380 1889; baseline -0.016 0"><span class='ocrx_word' id='word_1_693' title='bbox 1254 1860 1380 1889; x_wconf 87' lang='lat' dir='ltr'>debeat.</span> 
     </span>
    </p>
   </div>
   <div class='ocr_carea' id='block_1_11' title="bbox 1571 1946 1909 1979">
    <p class='ocr_par' dir='ltr' id='par_1_17' title="bbox 1571 1946 1909 1979">
     <span class='ocr_line' id='line_1_99' title="bbox 1571 1946 1909 1979; baseline -0.012 0"><span class='ocrx_word' id='word_1_694' title='bbox 1571 1948 1632 1979; x_wconf 86' lang='lat' dir='ltr'>DE</span> <span class='ocrx_word' id='word_1_695' title='bbox 1655 1946 1909 1979; x_wconf 67' lang='lat' dir='ltr'><strong>SCANDALO.</strong></span> 
     </span>
    </p>
   </div>
   <div class='ocr_carea' id='block_1_12' title="bbox 1231 2020 2228 2402">
    <p class='ocr_par' dir='ltr' id='par_1_18' title="bbox 1254 2020 2228 2190">
     <span class='ocr_line' id='line_1_100' title="bbox 1341 2020 2227 2065; baseline -0.005 -8"><span class='ocrx_word' id='word_1_696' title='bbox 1341 2024 1540 2057; x_wconf 86' lang='lat' dir='ltr'>Scandalum</span> <span class='ocrx_word' id='word_1_697' title='bbox 1562 2023 1725 2065; x_wconf 81' lang='lat' dir='ltr'>significat</span> <span class='ocrx_word' id='word_1_698' title='bbox 1749 2022 1976 2062; x_wconf 82' lang='lat' dir='ltr'>offensionem,</span> <span class='ocrx_word' id='word_1_699' title='bbox 2007 2032 2071 2062; x_wconf 87' lang='lat' dir='ltr'>qua</span> <span class='ocrx_word' id='word_1_700' title='bbox 2093 2020 2227 2053; x_wconf 85' lang='lat' dir='ltr'>alterius</span> 
     </span>
     <span class='ocr_line' id='line_1_101' title="bbox 1255 2063 2227 2108; baseline -0.006 -8"><span class='ocrx_word' id='word_1_701' title='bbox 1255 2069 1380 2100; x_wconf 87' lang='lat' dir='ltr'>animus</span> <span class='ocrx_word' id='word_1_702' title='bbox 1404 2068 1625 2108; x_wconf 82' lang='lat' dir='ltr'>perturbatur,</span> <span class='ocrx_word' id='word_1_703' title='bbox 1648 2065 1711 2095; x_wconf 85' lang='lat' dir='ltr'>hoc</span> <span class='ocrx_word' id='word_1_704' title='bbox 1736 2071 1795 2105; x_wconf 70' lang='lat' dir='ltr'>est,</span> <span class='ocrx_word' id='word_1_705' title='bbox 1822 2063 1874 2094; x_wconf 70' lang='lat' dir='ltr'>vel</span> <span class='ocrx_word' id='word_1_706' title='bbox 1897 2065 2090 2101; x_wconf 84' lang='lat' dir='ltr'>deterretur,</span> <span class='ocrx_word' id='word_1_707' title='bbox 2114 2063 2169 2094; x_wconf 83' lang='lat' dir='ltr'>vel</span> <span class='ocrx_word' id='word_1_708' title='bbox 2181 2065 2227 2094; x_wconf 88' lang='lat' dir='ltr'>in-</span> 
     </span>
     <span class='ocr_line' id='line_1_102' title="bbox 1255 2105 2227 2146; baseline -0.005 -4"><span class='ocrx_word' id='word_1_709' title='bbox 1255 2113 1372 2142; x_wconf 88' lang='lat' dir='ltr'>citatur</span> <span class='ocrx_word' id='word_1_710' title='bbox 1395 2110 1436 2140; x_wconf 81' lang='lat' dir='ltr'>ad</span> <span class='ocrx_word' id='word_1_711' title='bbox 1459 2109 1675 2139; x_wconf 86' lang='lat' dir='ltr'>imitationem.</span> <span class='ocrx_word' id='word_1_712' title='bbox 1720 2107 1779 2137; x_wconf 84' lang='lat' dir='ltr'>Est</span> <span class='ocrx_word' id='word_1_713' title='bbox 1802 2113 1910 2137; x_wconf 87' lang='lat' dir='ltr'>autem</span> <span class='ocrx_word' id='word_1_714' title='bbox 1938 2105 2059 2146; x_wconf 87' lang='lat' dir='ltr'>duplex</span> <span class='ocrx_word' id='word_1_715' title='bbox 2088 2107 2227 2138; x_wconf 85' lang='lat' dir='ltr'>scanda-</span> 
     </span>
     <span class='ocr_line' id='line_1_103' title="bbox 1254 2147 2228 2190; baseline -0.006 -6"><span class='ocrx_word' id='word_1_716' title='bbox 1254 2153 1338 2184; x_wconf 87' lang='lat' dir='ltr'>lum:</span> <span class='ocrx_word' id='word_1_717' title='bbox 1372 2152 1511 2182; x_wconf 86' lang='lat' dir='ltr'>alterum</span> <span class='ocrx_word' id='word_1_718' title='bbox 1539 2158 1589 2181; x_wconf 88' lang='lat' dir='ltr'>est</span> <span class='ocrx_word' id='word_1_719' title='bbox 1618 2150 1860 2186; x_wconf 75' lang='lat' dir='ltr'>pharisaicum,</span> <span class='ocrx_word' id='word_1_720' title='bbox 1894 2147 1996 2190; x_wconf 74' lang='lat' dir='ltr'>vulgo</span> <span class='ocrx_word' id='word_1_721' title='bbox 2025 2153 2147 2178; x_wconf 87' lang='lat' dir='ltr'>vocant</span> <span class='ocrx_word' id='word_1_722' title='bbox 2174 2158 2228 2178; x_wconf 88' lang='lat' dir='ltr'>ac-</span> 
     </span>
    </p>

    <p class='ocr_par' dir='ltr' id='par_1_19' title="bbox 1231 2189 2227 2402">
     <span class='ocr_line' id='line_1_104' title="bbox 1231 2189 2227 2236; baseline -0.006 -10"><span class='ocrx_word' id='word_1_723' title='bbox 1231 2201 1395 2236; x_wconf 75' lang='lat' dir='ltr'>!ceptum.</span> <span class='ocrx_word' id='word_1_724' title='bbox 1439 2193 1499 2223; x_wconf 89' lang='lat' dir='ltr'>Est</span> <span class='ocrx_word' id='word_1_725' title='bbox 1534 2199 1640 2223; x_wconf 90' lang='lat' dir='ltr'>autem</span> <span class='ocrx_word' id='word_1_726' title='bbox 1676 2202 1748 2222; x_wconf 88' lang='lat' dir='ltr'>cum</span> <span class='ocrx_word' id='word_1_727' title='bbox 1783 2190 1835 2221; x_wconf 80' lang='lat' dir='ltr'>vel</span> <span class='ocrx_word' id='word_1_728' title='bbox 1870 2196 1959 2220; x_wconf 82' lang='lat' dir='ltr'>recta</span> <span class='ocrx_word' id='word_1_729' title='bbox 1992 2191 2142 2221; x_wconf 87' lang='lat' dir='ltr'>doctrina</span> <span class='ocrx_word' id='word_1_730' title='bbox 2173 2189 2227 2221; x_wconf 87' lang='lat' dir='ltr'>vel</span> 
     </span>
     <span class='ocr_line' id='line_1_105' title="bbox 1231 2231 2226 2274; baseline -0.007 -5"><span class='ocrx_word' id='word_1_731' title='bbox 1231 2231 1445 2268; x_wconf 58' lang='lat' dir='ltr'>*necessario</span> <span class='ocrx_word' id='word_1_732' title='bbox 1480 2234 1567 2266; x_wconf 87' lang='lat' dir='ltr'>facto</span> <span class='ocrx_word' id='word_1_733' title='bbox 1598 2234 1805 2265; x_wconf 80' lang='lat' dir='ltr'>offenduntur</span> <span class='ocrx_word' id='word_1_734' title='bbox 1831 2232 2025 2274; x_wconf 67' lang='lat' dir='ltr'>hypocritae</span> <span class='ocrx_word' id='word_1_735' title='bbox 2054 2239 2085 2262; x_wconf 77' lang='lat' dir='ltr'>et</span> <span class='ocrx_word' id='word_1_736' title='bbox 2119 2233 2226 2263; x_wconf 82' lang='lat' dir='ltr'>conci-</span> 
     </span>
     <span class='ocr_line' id='line_1_106' title="bbox 1231 2273 2227 2321; baseline -0.006 -11"><span class='ocrx_word' id='word_1_737' title='bbox 1231 2295 1234 2314; x_wconf 81' lang='lat'><em>¹</em></span> <span class='ocrx_word' id='word_1_738' title='bbox 1254 2281 1343 2321; x_wconf 88' lang='lat' dir='ltr'>piunt</span> <span class='ocrx_word' id='word_1_739' title='bbox 1367 2280 1441 2309; x_wconf 92' lang='lat' dir='ltr'>odia</span> <span class='ocrx_word' id='word_1_740' title='bbox 1463 2275 1633 2317; x_wconf 78' lang='lat' dir='ltr'>Evangelii</span> <span class='ocrx_word' id='word_1_741' title='bbox 1658 2283 1688 2307; x_wconf 90' lang='lat' dir='ltr'>ct</span> <span class='ocrx_word' id='word_1_742' title='bbox 1710 2277 1846 2316; x_wconf 71' lang='lat' dir='ltr'>piorum.</span> <span class='ocrx_word' id='word_1_743' title='bbox 1892 2274 1934 2304; x_wconf 94' lang='lat' dir='ltr'>Ut</span> <span class='ocrx_word' id='word_1_744' title='bbox 1959 2273 2063 2304; x_wconf 79' lang='lat' dir='ltr'>Phari.</span> <span class='ocrx_word' id='word_1_745' title='bbox 2091 2274 2128 2305; x_wconf 58' lang='lat' dir='ltr'>aei</span> <span class='ocrx_word' id='word_1_746' title='bbox 2151 2275 2227 2304; x_wconf 87' lang='lat' dir='ltr'>ode-</span> 
     </span>
     <span class='ocr_line' id='line_1_107' title="bbox 1231 2316 2226 2360; baseline -0.008 -7"><span class='ocrx_word' id='word_1_747' title='bbox 1231 2316 1233 2328; x_wconf 60' lang='lat'><em>*</em></span> <span class='ocrx_word' id='word_1_748' title='bbox 1256 2329 1327 2353; x_wconf 87' lang='lat' dir='ltr'>rant</span> <span class='ocrx_word' id='word_1_749' title='bbox 1349 2319 1565 2359; x_wconf 65' lang='lat' dir='ltr'>Evangelium</span> <span class='ocrx_word' id='word_1_750' title='bbox 1591 2325 1621 2349; x_wconf 83' lang='lat' dir='ltr'>et</span> <span class='ocrx_word' id='word_1_751' title='bbox 1643 2317 1813 2360; x_wconf 74' lang='lat' dir='ltr'>Evangelii</span> <span class='ocrx_word' id='word_1_752' title='bbox 1837 2318 2007 2353; x_wconf 81' lang='lat' dir='ltr'>doctores,</span> <span class='ocrx_word' id='word_1_753' title='bbox 2037 2322 2067 2346; x_wconf 90' lang='lat' dir='ltr'>et</span> <span class='ocrx_word' id='word_1_754' title='bbox 2090 2325 2226 2357; x_wconf 83' lang='lat' dir='ltr'>magnas</span> 
     </span>
     <span class='ocr_line' id='line_1_108' title="bbox 1231 2329 2227 2402; baseline -0.005 -9"><span class='ocrx_word' id='word_1_755' title='bbox 1231 2329 1234 2393; x_wconf 68' lang='lat' dir='ltr'>i</span> <span class='ocrx_word' id='word_1_756' title='bbox 1256 2374 1395 2395; x_wconf 77' lang='lat' dir='ltr'>caussas</span> <span class='ocrx_word' id='word_1_757' title='bbox 1420 2354 1470 2393; x_wconf 76' lang='lat' dir='ltr'>sui</span> <span class='ocrx_word' id='word_1_758' title='bbox 1494 2361 1618 2392; x_wconf 86' lang='lat' dir='ltr'>doloris</span> <span class='ocrx_word' id='word_1_759' title='bbox 1642 2367 1738 2402; x_wconf 84' lang='lat' dir='ltr'>atque</span> <span class='ocrx_word' id='word_1_760' title='bbox 1763 2360 1826 2390; x_wconf 90' lang='lat' dir='ltr'>odii</span> <span class='ocrx_word' id='word_1_761' title='bbox 1844 2359 2009 2390; x_wconf 87' lang='lat' dir='ltr'>habebant</span> <span class='ocrx_word' id='word_1_762' title='bbox 2024 2368 2064 2388; x_wconf 90' lang='lat' dir='ltr'>ex</span> <span class='ocrx_word' id='word_1_763' title='bbox 2086 2358 2227 2388; x_wconf 79' lang='lat' dir='ltr'>humana</span> 
     </span>
    </p>
   </div>
   <div class='ocr_carea' id='block_1_13' title="bbox 1231 2416 1235 2534">
    <p class='ocr_par' dir='ltr' id='par_1_20' title="bbox 1231 2416 1235 2534">
     <span class='ocr_line' id='line_1_109' title="bbox 1231 2416 1235 2534; baseline 0 399"><span class='ocrx_word' id='word_1_764' title='bbox 1231 2416 1235 2534; x_wconf 95' lang='lat' dir='ltr'> </span> 
     </span>
    </p>
   </div>
   <div class='ocr_carea' id='block_1_14' title="bbox 1231 2484 2224 2568">
    <p class='ocr_par' dir='ltr' id='par_1_21' title="bbox 1231 2484 2224 2568">
     <span class='ocr_line' id='line_1_110' title="bbox 1256 2484 2224 2519; baseline -0.009 -4"><span class='ocrx_word' id='word_1_765' title='bbox 1256 2492 1300 2519; x_wconf 75' lang='lat'>79]</span> <span class='ocrx_word' id='word_1_766' title='bbox 1321 2498 1326 2517; x_wconf 64' lang='grc' dir='ltr'>ς</span> <span class='ocrx_word' id='word_1_767' title='bbox 1343 2490 1448 2519; x_wconf 74' lang='lat' dir='ltr'>ideoque</span> <span class='ocrx_word' id='word_1_768' title='bbox 1469 2490 1515 2513; x_wconf 84' lang='lat' dir='ltr'>iam</span> <span class='ocrx_word' id='word_1_769' title='bbox 1535 2489 1596 2512; x_wconf 83' lang='lat' dir='ltr'>tium</span> <span class='ocrx_word' id='word_1_770' title='bbox 1615 2488 1705 2512; x_wconf 74' lang='lat' dir='ltr'>cultus.</span> <span class='ocrx_word' id='word_1_771' title='bbox 1724 2485 1836 2510; x_wconf 76' lang='lat' dir='ltr'>addunt</span> <span class='ocrx_word' id='word_1_772' title='bbox 1847 2486 1917 2510; x_wconf 83' lang='lat' dir='ltr'>Editt.</span> <span class='ocrx_word' id='word_1_773' title='bbox 1938 2486 1960 2507; x_wconf 91' lang='lat'>7.</span> <span class='ocrx_word' id='word_1_774' title='bbox 1973 2486 1994 2507; x_wconf 82' lang='lat'>8.</span> <span class='ocrx_word' id='word_1_775' title='bbox 2012 2484 2116 2507; x_wconf 79' lang='lat'>11-14.</span> <span class='ocrx_word' id='word_1_776' title='bbox 2128 2486 2153 2508; x_wconf 89' lang='lat' dir='ltr'>et</span> <span class='ocrx_word' id='word_1_777' title='bbox 2165 2484 2224 2514; x_wconf 70' lang='lat'>0111).</span> 
     </span>
     <span class='ocr_line' id='line_1_111' title="bbox 1231 2535 1784 2568; baseline -0.009 -3"><span class='ocrx_word' id='word_1_778' title='bbox 1231 2535 1234 2554; x_wconf 87' lang='lat'><strong>¹</strong></span> <span class='ocrx_word' id='word_1_779' title='bbox 1256 2541 1301 2567; x_wconf 67' lang='lat'>80)</span> <span class='ocrx_word' id='word_1_780' title='bbox 1321 2539 1440 2568; x_wconf 67' lang='lat' dir='ltr'>abiicere]</span> <span class='ocrx_word' id='word_1_781' title='bbox 1460 2539 1531 2563; x_wconf 72' lang='grc' dir='ltr'>Εᾱῑιι.</span> <span class='ocrx_word' id='word_1_782' title='bbox 1551 2539 1573 2560; x_wconf 83' lang='lat'>2.</span> <span class='ocrx_word' id='word_1_783' title='bbox 1594 2538 1616 2561; x_wconf 80' lang='grc'>6.</span> <span class='ocrx_word' id='word_1_784' title='bbox 1636 2539 1658 2561; x_wconf 88' lang='lat'>7.</span> <span class='ocrx_word' id='word_1_785' title='bbox 1676 2537 1784 2561; x_wconf 77' lang='lat' dir='ltr'>adiicere</span> 
     </span>
    </p>
   </div>
   <div class='ocr_carea' id='block_1_15' title="bbox 2159 1560 2256 1592">
    <p class='ocr_par' dir='ltr' id='par_1_22' title="bbox 2159 1560 2256 1592">
     <span class='ocr_line' id='line_1_112' title="bbox 2159 1560 2256 1592; baseline -0.031 0"><span class='ocrx_word' id='word_1_786' title='bbox 2159 1560 2228 1592; x_wconf 90' lang='lat' dir='ltr'>Ali-</span> <span class='ocrx_word' id='word_1_787' title='bbox 2254 1585 2256 1588; x_wconf 87' lang='lat'><em>.</em></span> 
     </span>
    </p>
   </div>
   <div class='ocr_carea' id='block_1_16' title="bbox 2351 1824 2358 1972">
    <p class='ocr_par' dir='ltr' id='par_1_23' title="bbox 2351 1824 2358 1972">
     <span class='ocr_line' id='line_1_113' title="bbox 2351 1824 2358 1972; textangle 90"><span class='ocrx_word' id='word_1_788' title='bbox 2351 1824 2358 1972; x_wconf 42' lang='lat' dir='ltr'>—q-n</span> 
     </span>
    </p>
   </div>
  </div>
 </body>
</html>
