2358 2933
214 102 292 134 1047

207 197 435 227 excusantium
469 195 556 226 idola
591 197 831 234 concedentur,
871 207 957 238 quae
988 197 1206 242 religionum,

208 238 419 270 confusiones
444 238 554 270 erunt!
601 238 769 270 Horresco
793 241 942 280 cogitans
965 239 1025 272 has
1050 240 1182 272 Diaboli

207 282 352 312 insidias.
397 281 435 312 Et
460 282 535 322 quia
558 279 647 312 nulla
670 280 812 312 humana
835 281 1003 323 diligentia
1026 284 1105 314 satis
1129 295 1182 315 ca-

208 335 286 356 vere
316 323 376 354 1135
407 329 537 362 γοητείας
565 330 690 364 1101651,
726 324 793 355 Oro
822 323 999 356 Dominum
1032 334 1182 357 nostrum

207 367 314 398 lesum
338 365 514 399 Christum.
539 377 599 407 pro
619 367 714 397 nobis
739 368 929 398 crucifixum
952 375 982 399 et
1006 370 1182 400 resuscita-

207 416 289 440 tum.
326 416 357 439 ut
387 410 457 449 ipse
485 411 656 449 puritatem
684 410 734 440 sui
762 409 933 452 Evangelii
965 410 1118 443 defendat
1151 418 1183 443 et.

207 453 314 482 onmia
337 451 423 482 idola
452 451 600 482 destruat
630 458 661 482 et
688 459 814 483 mentes
843 460 977 485 nostras
1008 461 1117 496 regat,
1148 461 1181 486 ut

207 504 285 525 vera
309 501 338 525 et
363 494 518 525 salutaria
542 495 721 526 doceamus
744 502 773 526 et
797 506 943 538 agamus.

291 561 387 592 Nunc
424 562 466 592 ad
501 563 655 593 usitatum
696 569 922 604 argumentum
958 565 1182 606 respondebO,

207 605 293 645 quod
317 605 476 636 obiicitur.

271 689 430 721 Potestati
454 691 645 721 necessario
670 692 885 723 obediendum
909 699 971 731 est,

271 732 422 764 Potestas
435 731 670 765 Ecclesiastica
690 735 824 765 instituit
843 735 924 766 ritus
940 742 1005 766 111111
1024 735 1064 766 de
1082 736 1181 768 rebus

659 776 846 817 adiaphoris
869 784 936 808 tum
959 778 1000 809 de
1023 777 1106 809 aliis.

272 817 418 849 Necesse
446 824 495 848 est
521 818 618 860 igitur
646 820 773 850 servari
799 819 898 858 111115,
928 822 1122 861 praesertim
1149 822 1181 851 in

657 863 756 892 rebus
780 862 979 903 adiaphoris.

292 944 567 986 Respondendum
592 953 642 977 est
666 947 706 977 ad
730 947 902 985 maiorem,
933 958 1017 989 quae
1040 958 1107 978 non
1130 955 1179 979 est

206 998 302 1025 vera,
335 998 405 1019 cum
429 995 578 1029 potestas
608 990 785 1030 praecipit,
814 997 849 1021 ut
877 991 972 1031 impia
1002 991 1179 1022 doceamus

206 1038 256 1061 aut
293 1029 462 1062 faciamus.
512 1031 604 1063 Tunc
639 1033 723 1062 enim
754 1043 894 1063 necesse
929 1039 980 1064 est
1010 1034 1181 1064 adversari

206 1074 293 1103 iuxta
313 1072 385 1104 illas
405 1073 539 1116 regulas
564 1074 650 1112 [Act.
665 1075 697 1112 5,
716 1074 799 1114 29.]:
825 1076 962 1116 Oportet
979 1075 1053 1107 Deo
1073 1077 1180 1118 magis

205 1115 350 1154 obedire,
374 1127 469 1157 quam
486 1116 683 1148 hominibus.
724 1117 865 1149 Primum
888 1119 997 1160 igitur,
1022 1130 1095 1150 cum
1116 1125 1180 1149 tra—

205 1159 344 1189 ditiones
368 1166 481 1200 aperte
508 1161 711 1200 praecipiunt
740 1170 795 1198 63,
827 1171 910 1202 quae
939 1162 1012 1192 sine
1040 1167 1178 1202 peccato

205 1211 269 1231 non
293 1209 432 1242 possunt
456 1202 540 1240 fieri,
570 1209 700 1234 constat
724 1213 780 1233 eas
805 1213 879 1234 esse
903 1204 1070 1235 doctrinas
1093 1203 1180 1234 Dae-

204 1245 400 1282 moniorum.
430 1255 491 1275 nec
515 1246 732 1276 obediendum
756 1246 803 1276 eis
833 1256 923 1284 6556,
953 1247 1012 1277 sed
1042 1247 1179 1277 redeun-

204 1287 280 1317 dum
303 1287 344 1317 ad
368 1288 520 1319 mandata
544 1287 617 1318 Dei.
662 1287 759 1318 Tales
783 1295 858 1319 sunt
883 1288 1005 1320 multae
1034 1290 1179 1319 traditio-

204 1339 263 1360 nes
283 1328 484 1367 pontificiae,
504 1336 536 1361 ut
555 1331 679 1361 abusus
700 1330 832 1362 Coenae
849 1331 992 1369 Domini,
1011 1331 1178 1363 Invocatio

203 1378 414 1409 mortuorum,
437 1372 507 1403 Lex
530 1373 570 1403 de
590 1371 771 1403 Coelibatu.
807 1373 877 1404 Hae
896 1375 1088 1404 traditiones
1107 1375 1179 1405 reii-

204 1414 338 1445 ciendae
356 1420 444 1452 sunt,
464 1421 495 1446 et
514 1416 804 1456 obtemperandum
823 1417 986 1447 mandatis
1004 1415 1079 1446 Dei.
1110 1416 1179 1447 Pri-

203 1468 289 1487 mum
312 1457 498 1488 mandatum
522 1458 622 1498 inquit
649 1457 766 1495 [Exod.
786 1457 838 1496 20,
858 1458 920 1497 3.]:
949 1458 1023 1490 Non
1041 1457 1178 1489 habebis

203 1498 296 1530 Deos
319 1498 456 1531 alienos.
501 1500 574 1530 Non
599 1501 695 1541 igitur
718 1501 837 1531 invoca
859 1508 1026 1540 mortuos,
1051 1501 1110 1532 sed
1133 1502 1179 1532 in-

202 1552 287 1572 voca
311 1543 560 1583 omnipotentem
584 1542 706 1580 Deum,
736 1543 938 1574 conditorem
964 1547 1106 1576 omnium
1129 1554 1179 1575 re-

203 1596 284 1622 rum,
307 1586 361 1625 qui
385 1595 422 1616 se
443 1584 595 1626 patefecit
620 1586 696 1617 dato
715 1585 895 1627 Evangelio
920 1592 951 1617 et
974 1589 1076 1618 misso
1095 1586 1178 1618 Filio

203 1638 275 1664 suo.
300 1626 442 1658 Domino
462 1634 589 1665 1105110,
612 1628 687 1659 16511
707 1628 852 1667 Christo,
875 1640 935 1670 pro
959 1632 1054 1662 nobis
1075 1631 1178 1661 emei-

203 1670 268 1700 fixo
300 1677 329 1700 et
360 1671 574 1708 resuscitato,
603 1678 634 1702 et
664 1672 711 1702 sic
739 1672 874 1708 invoca,
905 1673 1179 1713 quemadmodum

203 1714 273 1753 ipse
303 1713 471 1747 (10011115ἒ)
502 1724 563 1744 nos
596 1715 767 1751 invocare.
803 1714 921 1745 fiducia
953 1715 1025 1747 Filii
1055 1715 1178 1746 Media-

203 1756 284 1785 toris
309 1762 370 1786 610.
415 1755 543 1787 Deinde
566 1757 661 1787 etiam
687 1768 759 1789 cum
783 1758 974 1788 traditiones
999 1757 1179 1800 loquuntur

203 1799 243 1829 de
266 1800 365 1829 rebus
389 1809 449 1830 sua
473 1806 588 1830 natura
607 1799 809 1840 adiaphoris,
833 1806 939 1830 tamen
959 1800 1039 1832 111131
1062 1802 1179 1841 impiae

203 1848 233 1871 ct
258 1841 427 1872 1100111336
449 1841 704 1873 Daemoniorum
729 1849 864 1882 propter
888 1854 1036 1882 errores,
1061 1844 1115 1885 qui
1139 1844 1179 1874 si-

203 1882 268 1914 mul
302 1891 529 1924 proponuntur
563 1895 602 1916 ac
637 1883 872 1922 defendu11tu1·‚
906 1885 1058 1917 videlieet
1091 1886 1179 1928 quod

203 1933 387 1957 mereantur
410 1928 632 1958 remissionem
654 1935 865 1967 peccatorum
895 1935 949 1959 aut
977 1930 1041 1960 sint
1070 1928 1178 1960 cultus

203 1968 280 2005 Dei,
304 1969 335 1999 id
360 1976 428 2006 est,
452 1980 568 2010 opera,
593 1970 710 2010 quibus
734 1970 828 2001 Deus
853 1971 971 2001 iudicet
995 1981 1033 2001 se
1055 1970 1180 2002 honore

203 2010 306 2048 311101,
334 2018 387 2042 3111
417 2013 502 2053 quod
526 2012 682 2052 Episcopi
707 2012 847 2044 habeant
871 2020 1067 2053 potestatem
1090 2015 1181 2045 insti-

203 2055 313 2085 tuendi
337 2054 419 2085 tales
440 2054 557 2086 cultus.
593 2055 662 2086 llos
682 2066 812 2086 errores
833 2057 936 2087 taxari
961 2067 1101 2088 necesse
1120 2063 1180 2088 est.

202 2096 241 2127 Et
272 2096 408 2138 exempli
438 2108 559 2129 caussa
589 2098 829 2129 adversandum
863 2106 931 2136 651,
965 2106 1001 2130 111
1028 2099 1180 2130 Ecclesia

202 2139 372 2181 intelligat.
397 2151 461 2170 non
486 2141 720 2171 discedendum
744 2151 818 2171 esse
841 2152 859 2172 a
882 2143 986 2172 verbo
1011 2142 1091 2180 Dei,
1120 2153 1180 2173 nec

204 2182 364 2212 laxandos
379 2193 454 2213 esse
467 2183 579 2214 frenos
594 2182 756 2214 humanae
770 2185 938 2221 3111130136,
953 2191 986 2215 111
1001 2184 1124 2226 fingant
1136 2187 1179 2217 59)

204 2225 351 2255 homines
376 2236 435 2256 suo
460 2227 596 2256 arbitrio
621 2227 791 2266 opiniones
821 2234 850 2257 et
876 2226 994 2257 cultus.
1041 2227 1203 2268 Propterv

205 2267 263 2298 has-
288 2278 425 2299 caussas
455 2275 482 2299 et
509 2268 661 2299 Christus
687 2277 822 2300 excusat
847 2268 1030 2309 Apostolos
1054 2270 1179 2301 violan-
1200 2270 1202 2275 '

204 2318 253 2339 tes
278 2311 481 2341 traditionem
506 2311 726 2342 pharisaicam
750 2311 865 2342 Matth.
892 2312 941 2343 15.

841 102 951 135 Pfflt..
974 103 1076 135 MEl..
1099 104 1285 137 SCRIPTA
1306 104 1581 137 DOGMATICA.

289 2379 379 2410 Haec
404 2380 505 2418 prima
529 2378 649 2410 solutio
672 2381 812 2411 maxime
835 2382 1009 2421 perspicua
1030 2388 1059 2412 et
1079 2380 1178 2421 plana

204 2508 248 2533 oe>
269 2507 363 2537 docuit]
383 2507 452 2538 Coi-p.
476 2510 494 2531 1.
515 2508 536 2532 ’2.
556 2510 580 2530 4.
602 2508 672 2532 (locet

206 2560 248 2586 ²09)
268 2558 372 2589 fingant]
396 2559 465 2583 Editt.
489 2561 506 2584 1,
526 2560 548 2581 3.
569 2560 663 2584 fingam

2118 111 2202 144 1048

1225 205 1286 230 est.
1332 198 1399 230 Sed
1423 199 1564 231 tenenda
1593 206 1644 231 est
1672 205 1705 231 et
1731 199 1853 239 altera,
1883 212 1966 243 quae
1995 203 2092 235 etiam
2121 215 2201 237 vera

1226 247 1256 272 et
1280 240 1373 272 firma
1393 248 1452 273 est.
1486 242 1594 272 Maior
1612 252 1690 274 vera
1708 249 1759 274 est
1779 244 1820 274 de
1839 244 2046 284 obedientia,
2070 246 2201 287 qualem

1226 284 1321 315 docet
1346 283 1571 325 Evangelium.
1616 285 1652 316 In
1674 285 1742 322 his,
1773 296 1857 327 quae
1878 293 1954 319 sunt
1980 289 2060 320 iuris
2089 289 2200 331 divini,

1226 326 1428 358 conscientia
1446 329 1636 359 necessario
1653 328 1750 360 debet
1763 330 1896 361 obedire
1905 330 2098 362 Pastoribus
2111 333 2201 364 iuxta

1225 367 1304 400 illud
1314 368 1408 407 [Luc.
1421 370 1472 408 10,
1483 370 1546 410 16.)
1561 381 1568 401 :
1579 370 1642 406 Qui
1652 381 1713 402 vos
1722 373 1859 412 spernit,
1867 382 1919 404 me
1925 375 2059 414 spernit.
2072 374 2125 406 De
2133 376 2200 406 riti-

1227 412 1288 442 bus
1321 412 1526 452 adiaphoris,
1562 414 1617 455 qui
1647 414 1724 445 boni
1755 415 1878 446 ordinis
1908 425 2029 447 caussa
2061 417 2199 449 instituti

1225 460 1318 492 sunt,
1349 453 1564 498 Evangelium
1594 457 1768 497 praecipit,
1797 467 1838 488 ne
1866 459 2062 496 5631133135,
2092 458 2200 491 01111115

1225 503 1281 527 aut
1304 506 1358 528 res
1381 500 1589 529 necessarias
1605 502 1648 533 ⁶⁰)
1674 509 1760 530 esse.
1806 499 1873 531 Sed
1897 502 2024 532 servari
2050 502 2199 533 concedit

1225 539 1296 570 sine
1319 540 1472 580 opinione
1494 542 1636 572 iustitiae
1664 548 1719 573 aut
1742 544 1959 574 necessitatis.
2004 543 2098 575 Hanc
2126 554 2200 575 sen-

1226 583 1358 613 tentiam
1377 583 1531 614 divinitus
1549 585 1699 616 traditam
1716 595 1783 616 non
1800 592 1908 626 potest
1928 585 2070 618 humana
2087 593 2200 618 aucto-

1226 625 1305 655 ritas
1335 624 1480 656 abolere.
1524 625 1634 661 Quare
1664 628 1760 658 etiam
1791 638 1864 659 cum
1893 629 2097 670 praecipiunt
2125 629 2200 671 Epi-

1224 667 1330 740 Ecopi,
1354 668 1539 699 obedientia
1561 669 1603 699 sit
1629 669 1721 708 talis,
1749 680 1790 702 ne
1819 670 1927 702 deleat
1957 671 2153 703 sententiam
2180 682 2200 702 3

1259 720 1299 742 eo
1322 711 1483 741 traditam.

1310 791 1380 822 Hae
1408 793 1644 832 responsiones
1673 803 1771 824 verae
1801 801 1877 825 sunt
1910 801 1943 826 61
1973 795 2103 833 firmae,
2135 805 2199 827 1160

1223 841 1371 875 pugnant
1406 845 1479 865 011111
1513 834 1576 865 1130
1610 846 1693 866 voce
1724 835 1847 867 Christi
1881 836 2011 875 [Matth.
2041 837 2100 875 23,
2132 837 2197 876 2.]:

1224 877 1332 917 Super
1351 876 1538 908 cathedram
1551 877 1660 919 Moysi
1679 879 1795 909 sedent
1814 879 1951 911 Scribae
1969 885 2000 911 et
2011 878 2198 916 Pharisaei3

1225 919 1351 957 Onmia,
1370 929 1455 960 quae
1473 920 1596 958 dicunt,
1614 919 1722 952 facite.
1752 921 1836 952 Nam
1854 921 1937 953 haec
1955 922 2118 954 sententia
2131 931 2199 954 non

1223 963 1393 1002 praecipit,
1415 968 1451 994 ut
1473 961 1578 994 facias
1600 970 1655 995 aut
1679 964 1801 995 sentias
1825 963 1947 1005 aliquid
1970 970 2087 997 contra
2109 974 2198 996 man·

1224 1004 1300 1035 data
1317 1004 1392 1035 Dei.
1432 1005 1498 1036 lmo
1517 1004 1580 1036 alio
1600 1005 1676 1037 loeo
1699 1007 1895 1047 praecipitur
1918 1007 2013 1045 [Luc.
2034 1007 2090 1045 12,
2114 1007 2197 1046 15.]:

1224 1046 1348 1078 Cavete
1381 1058 1400 1078 a
1432 1046 1592 1079 fermento
1620 1048 1884 1080 Pharisaeorum.
1929 1050 1971 1081 Et
1999 1050 2117 1082 Matth.
2146 1049 2197 1080 15.

1223 1100 1382 1130 expresse
1403 1091 1590 1122 reiiciuntur
1608 1091 1771 1122 humanae
1793 1092 1996 1130 traditiones,
2019 1102 2104 1134 quae
2121 1099 2199 1124 sunt

1223 1132 1430 1173 corruptelae
1462 1133 1589 1175 Legum
1623 1135 1814 1165 divinarum.
1864 1134 1905 1166 Et
1938 1134 2061 1167 Paulus
2095 1135 2199 1176 inquit

1224 1174 1347 1214 [Galat.
1374 1176 1408 1213 1,
1435 1175 1498 1213 9.]:
1533 1176 1568 1208 Si
1599 1177 1671 1217 quis
1700 1175 1789 1207 aliud
1811 1176 2025 1219 Evangelium
2054 1177 2198 1216 docebit,

1221 1218 1406 1256 Anathema
1441 1219 1492 1249 sit.
1539 1219 1754 1260 Nequaquam
1787 1219 2035 1260 amplectendae
2066 1218 2198 1252 fuerunt

1221 1261 1507 1301 interpretationes
1526 1261 1790 1299 Pharisaeorum,
1814 1272 1897 1302 quae
1916 1262 2079 1294 finxerunt
2095 1263 2197 1294 saeri-

1221 1302 1297 1334 ficia
1315 1303 1462 1334 Levitica
1480 1304 1597 1334 mereri
1618 1304 1845 1334 remissionem
1863 1310 2086 1344 peccatorum,
2108 1305 2197 1336 Mes·

1223 1346 1305 1377 siam
1328 1356 1393 1376 non
1417 1345 1490 1376 sore
1513 1346 1676 1376 victimam
1699 1356 1758 1385 pro
1782 1347 1945 1386 peccatis,
1973 1347 2031 1377 sed
2055 1356 2196 1388 occupa-

1222 1394 1329 1419 turum
1353 1397 1429 1418 esse
1452 1388 1561 1418 mundi
1585 1389 1755 1427 imperium
1778 1393 1810 1417 et
1830 1388 2076 1419 distributurum
2094 1398 2198 1430 regna

1222 1430 1360 1460 Iudaeis.
1395 1428 1493 1460 Tales
1513 1429 1643 1460 furores
1663 1435 1751 1460 certe
1769 1440 1835 1460 non
1855 1436 1949 1461 erant
1969 1429 2196 1471 amplectendi.

1222 1472 1299 1503 ldeo
1318 1473 1439 1503 dietum
1457 1471 1536 1503 illud
1556 1471 1678 1503 Christi
1697 1482 1763 1502 non
1782 1473 1961 1513 accipiatur
1976 1475 2019 1510 ⁶¹)
2040 1474 2081 1504 de
2098 1473 2198 1504 tradi-

1222 1515 1363 1546 tionibus
1382 1521 1438 1546 aut
1457 1515 1663 1555 opinionibus
1682 1515 1904 1556 pugnantibus
1923 1525 1995 1546 cum
2007 1516 2110 1547 verbo
2121 1514 2195 1546 Dei.

1305 1587 1376 1618 Nec
1391 1589 1434 1625 G²)
1458 1597 1538 1618 vero
1562 1587 1714 1618 dicuntur
1734 1586 1830 1625 haec,
1858 1594 1894 1618 ut
1916 1588 2069 1629 quiddam
2084 1588 2130 1629 63)
2154 1588 2196 1619 de

1221 1639 1301 1660 vera
1330 1630 1526 1661 auctoritate
1539 1630 1707 1661 ministerii
1719 1629 1963 1671 Evangeliciffl)
1976 1640 2016 1661 ac
2028 1635 2196 1670 pastorum

1223 1672 1420 1703 detrahatur.
1478 1672 1544 1703 Imo
1567 1672 1684 1703 horum
1707 1673 1887 1703 auctoritas
1910 1673 2062 1704 munitur.
2096 1671 2196 1704 Affir-

1221 1725 1346 1746 mamus
1367 1716 1479 1746 deberi
1497 1716 1687 1746 necessario
1707 1715 1928 1746 obedientiam
1945 1721 2034 1746 recte
2052 1716 2197 1746 docenti-

1221 1759 1283 1789 bus
1307 1759 1338 1789 in
1362 1759 1401 1789 iis
1427 1759 1527 1789 rebus
1557 1759 1725 1795 omnibus,
1757 1768 1840 1798 quae
1868 1764 1945 1789 sunt
1973 1758 2054 1789 iuris
2082 1758 2196 1794 divini3

1223 1802 1314 1831 iuxta
1333 1799 1413 1831 illud
1433 1800 1530 1839 [Luc.
1552 1800 1601 1838 10,
1623 1799 1706 1839 lss.]:
1742 1800 1805 1835 Qui
1824 1810 1884 1831 vos
1903 1801 2003 1839 audit,
2027 1810 2078 1831 me
2096 1801 2196 1832 audit.

1223 1843 1291 1875 Sed
1312 1843 1394 1874 11360
1419 1844 1579 1874 sententia
1603 1853 1668 1874 non
1692 1850 1803 1883 potest
1823 1841 1995 1874 transferri
2013 1843 2055 1873 ad
2073 1843 2197 1884 opinio-

1221 1896 1281 1917 nes
1312 1892 1366 1916 aut
1395 1885 1488 1927 leges
1516 1892 1702 1927 pugnantes
1734 1896 1807 1916 cum
1829 1884 2028 1926 Evangelio,
2057 1895 2120 1916 nec
2146 1894 2197 1915 re-

1223 1939 1323 1970 gnum
1347 1935 1438 1959 extra
1461 1927 1674 1969 Evangelium
1699 1927 1875 1958 constituit.
1927 1927 2056 1958 Deinde
2078 1934 2110 1958 et
2131 1927 2196 1958 hoe

1222 1971 1389 2009 addimuS,
1419 1982 1491 2002 cum
1521 1971 1598 2001 boni
1628 1971 1750 2000 ordinis
1780 1979 1900 2001 caussa
1925 1976 2074 2010 tempora
2097 1975 2128 2000 et
2150 1969 2197 2001 le-

1224 2014 1352 2045 ctiones
1381 2014 1593 2050 distribuunt,
1623 2013 1666 2043 ita
1694 2012 1878 2042 servandos
1909 2021 1985 2043 esse
2015 2021 2073 2043 eos
2104 2012 2197 2049 ritus,

1224 2063 1256 2087 ut
1281 2055 1439 2087 scandala
1465 2062 1654 2086 caveantur.
1700 2055 1751 2085 Ac
1774 2055 1967 2095 praesertim
1989 2064 2052 2084 nos
2078 2055 2111 2085 in
2133 2054 2197 2085 Ee-

1223 2220 1269 2249 60)
1291 2223 1333 2244 3111
1352 2226 1393 2244 res
1413 2219 1585 2250 necessarias]
1622 2220 1656 2243 sit·
1676 2219 1747 2243 Editt.
1776 2220 1795 2242 1.
1816 2218 1838 2243 3.
1858 2217 1884 2243 6.
1900 2218 1924 2240 7.
1947 2218 2000 2247 12.;

1291 2259 1333 2279 3111
1353 2254 1519 2278 necessarias.
1538 2253 1644 2278 excidit
1661 2254 1730 2278 enim
1750 2259 1804 2278 res:
1839 2252 1912 2278 male
1929 2253 2018 2282 iyitur
2036 2251 2079 2276 Ed.
2098 2253 2120 2274 ⁴.
2139 2256 2196 2276 nm-

1293 2289 1378 2313 lucil:
1398 2290 1441 2312 :ut
1459 2289 1633 2312 3616553005.
1665 2287 1741 2317 quod
1759 2290 1849 2312 lamen
1868 2292 1962 2311 omnes
1981 2286 2108 2321 relt'quue
2124 2285 2188 2310 Editt

1291 2324 1448 2347 servarunt.
1485 2322 1642 2349 (Nllbmldi:
1663 2322 1747 2348 ritus.)

1223 2374 1268 2402 61)
1288 2372 1433 2403 accipiatur}
1455 2373 1525 2397 Εάἰιι,
1549 2374 1653 2396 ifi—JS.
1674 2373 1780 2395 20-28.
1801 2372 1841 2395 30.
1861 2372 1911 2395 31.Δ
1937 2372 2009 2402 Corp-
2034 2370 2115 2395 1—6..
2134 2371 2197 2400 Opp-

1296 2409 1314 2430 l.
1335 2408 1357 2432 ·2.
1376 2408 1508 2436 arripitur:
1529 2408 1599 2436 corp.
1622 2407 1642 2430 7.
1663 2408 1684 2429 8.
1705 2407 1822 2436 incipitur

1200 2438 1202 2488 ᾗ
1223 2458 1268 2489 6-2)
1289 2458 1349 2489 Nec]
1370 2458 1440 2483 Editt.
1463 2458 1500 2480 14.
1525 2458 1561 2480 19.
1581 2458 1633 2482 Non

1200 2490 1201 2511 ³
1223 2509 1269 2539 63)
1289 2509 1420 2540 quiddam]
1439 2509 1510 2533 Editt.
1534 2508 1602 2532 1—9.
1626 2508 1661 2532 12,
1681 2508 1816 2538 quidquam

1199 2552 1201 2554 ¹
1223 2561 1269 2587 641
1291 2560 1442 2589 evangelici]
1464 2559 1534 2584 Editt.
1557 2559 1596 2581 20.
1618 2559 1664 2583 2.·1..
1686 2560 1755 2588 Corn⁴
1781 2560 1851 2582 1-8.
1872 2558 2000 2588 Evangelii

2037 2217 2109 2242 Editt.
2129 2217 2150 2240 2.
2171 2216 2195 2240 9.
2220 2241 2231 2243 1
