2358 2933
240 107 302 139 651

242 210 348 241 neque
378 206 492 230 sancte
522 200 564 229 ita
591 199 654 228 dici
682 204 808 238 potest,
837 207 943 237 neque
965 195 1043 228 utile
1066 203 1118 228 est
1141 197 1218 227 civi-

243 244 350 276 tati.⁶)
373 253 434 272 nec
457 252 570 272 secum
594 241 757 270 consentit
780 241 811 269 in
835 238 1063 279 explicatione.

328 285 487 315 Adiit-iant
501 282 752 322 explicationem
765 283 874 312 usitati
887 282 1082 322 argumenti,
1095 287 1127 311 ut
1142 280 1217 311 mihi

241 329 380 359 videtur.
393 328 454 366 piis
468 327 629 356 mentibus
644 323 766 355 utilem.
779 325 938 355 Obiit-itur
950 325 1050 354 enim:
1065 324 1220 354 Secunda

242 380 361 400 caussa
370 369 507 409 nonagit
517 368 716 407 sineprima:
729 367 895 403 Secunda,
908 373 944 396 ut
956 365 1218 402 voluntas-Evae,

241 420 290 442 est
305 413 436 452 Proprie
449 420 570 445 caussa
582 410 721 450 peccati,
735 419 815 450 ergo
829 410 924 439 etiam
936 409 1049 448 prima.
1071 407 1142 438 Hac
1162 409 1220 438 ob-

242 456 380 485 iectione
405 455 474 483 scio
499 453 627 493 ingenia
652 452 811 482 interdum
835 451 1036 492 perturbari,
1061 456 1093 480 et
1116 460 1157 481 ex
1180 460 1219 480 ea

240 497 487 537 perturbatione
510 495 575 525 labi
595 496 627 524 in
649 494 812 524 absurdas
844 494 1025 533 opiniones.
1070 492 1140 523 Etsi
1165 504 1219 523 au-

330 539 504 570 ·-uqmnzin
532 537 694 572 quaedam
723 538 830 567 tenuis
859 542 891 566 et
919 534 1047 566 subtilis
1081 536 1221 565 traditur

240 574 281 604 ad
309 572 520 610 elabendum,
557 581 663 603 (alneu
699 577 794 608 aliam
829 579 1026 608 crassiorem
1061 583 1093 607 et
1114 578 1219 618 magis

241 617 453 656 conspicuam
486 616 626 652 tradam,
655 626 740 656 quae
770 624 900 658 sumpta
923 627 976 650 est
999 629 1037 650 ex
1061 619 1126 650 hoc
1150 618 1220 650 fun-

240 659 406 689 damento:
441 657 538 692 Quod
561 657 654 688 Deus
677 659 769 689 adest
794 661 967 697 creaturis,
989 672 1055 690 non
1078 667 1113 690 ut.
1135 662 1220 691 Stoi-

241 711 299 731 cus
328 700 437 731 Deus.
471 699 626 741 alligatus
655 703 783 732 caussis
812 702 987 739 secundis,
1020 708 1055 732 ut
1090 708 1220 732 moveat

241 742 447 784 simpliciter,
478 744 563 773 sicut
592 750 725 773 movent
750 745 934 781 secundae,
969 745 1029 774 sed
1056 750 1091 774 ut
1114 754 1218 785 agens

239 785 450 822 liberrimum,
474 792 664 816 sustentans
688 793 836 816 naturam
860 793 892 816 et
922 797 982 816 suo
1003 785 1142 817 consilio
1162 785 1219 816 ali-

240 835 289 859 ter
312 839 416 869 agens
440 829 471 858 in
495 827 579 858 aliis.

326 870 368 900 Ut
393 872 423 901 in
447 869 690 910 corporalibus,
715 871 775 900 etsi
799 877 962 901 sustentat
986 876 1148 907 naturam,
1171 877 1219 900 ta-

239 923 312 944 men
337 920 451 943 contra
476 913 621 943 ordinem
644 913 737 943 iussit
756 912 933 953 aliquando
953 912 1059 943 solem
1076 912 1219 954 regredi,

240 956 402 996 impedivit
423 953 549 996 pluvias
574 962 643 985 toto
668 956 805 986 triennio
830 967 869 986 ac
892 962 1009 996 postea
1031 956 1140 985 subito
1164 955 1219 985 de-

239 999 281 1029 dit
306 997 434 1038 largum
457 999 604 1035 imbrem,
627 997 702 1029 secit
726 997 907 1029 foecundas
930 1008 1032 1033 anus;
1067 997 1114 1028 lta
1139 1007 1219 1038 quo-

239 1042 316 1071 tidie
348 1041 492 1071 sciamus
525 1039 626 1071 multa
658 1043 690 1070 in
725 1039 956 1081 corporalibus
990 1040 1060 1070 fieri
1089 1045 1220 1080 praeter

239 1085 304 1114 vim
339 1083 560 1114 secundarum
595 1093 804 1121 caussarum,
839 1089 871 1113 et
901 1089 1009 1113 tamen
1034 1083 1126 1113 Deus
1161 1092 1218 1112 eas

238 1131 412 1157 sustentat.
437 1124 530 1156 Multi
555 1124 736 1156 liberantur
760 1127 860 1156 variis
878 1124 1054 1166 periculis,
1077 1126 1110 1155 in
1133 1135 1220 1155 nior—

239 1171 300 1206 bis,
324 1170 355 1199 in
379 1169 463 1205 acie,
485 1169 517 1198 in
542 1179 637 1209 aqua,
662 1169 713 1199 ubi
736 1170 904 1199 secundae
923 1178 1063 1199 caussae
1083 1177 1141 1198 eos
1165 1167 1218 1197 de-

238 1213 385 1242 stituunt.
432 1210 473 1241 Ut
506 1212 603 1252 igitur
632 1212 796 1241 invocatio
826 1220 905 1242 vere
928 1210 997 1241 fieri
1020 1211 1140 1251 possit,
1164 1219 1219 1239 co-

239 1255 377 1293 gitemus
409 1253 516 1284 Deum
550 1254 599 1283 sic
632 1254 753 1284 adesse
787 1264 848 1284 suo
879 1252 1025 1293 opificio,
1066 1263 1150 1289 non,
1186 1258 1218 1282 ut

239 1290 344 1327 Stoici
368 1296 504 1337 fingunt,
528 1294 696 1336 alligatum
721 1297 877 1326 secundis
897 1297 1039 1333 caussis,
1063 1296 1122 1325 sed
1146 1305 1219 1326 sus—

238 1345 420 1370 tentantem
455 1345 603 1369 naturam
627 1344 659 1369 et
682 1338 783 1369 multa
807 1348 868 1369 suo
891 1337 1057 1380 liberrimo
1081 1336 1218 1368 consilio

237 1381 472 1413 moderantem.

325 1424 380 1454 Sic
415 1424 483 1464 agit
516 1422 609 1454 Deus
639 1434 712 1454 cum
745 1422 934 1460 voluntate,
967 1428 1159 1453 sustentans
1187 1428 1217 1452 et

237 1468 355 1498 iuvans
389 1467 503 1496 ordine
538 1472 705 1507 agentem,
741 1466 799 1496 sed
832 1476 899 1496 non
928 1466 1046 1496 iuvans
1070 1470 1218 1495 ruentem

239 1516 352 1540 contra
377 1510 533 1546 ordinem,
557 1509 618 1539 etsi
642 1518 712 1539 eam
736 1514 909 1539 sustentat.
955 1508 1011 1539 Sic
1035 1509 1119 1538 enim
1142 1517 1218 1537 con-

238 1553 315 1583 didit
351 1550 551 1582 voluntatem
584 1551 694 1588 Evae,
734 1558 769 1581 ut
809 1556 897 1581 esset
932 1549 1069 1581 liberum
1102 1559 1218 1591 agens,

239 1595 327 1636 quod
357 1601 469 1635 posset
501 1595 584 1624 tueri
603 1595 748 1624 ordinem
773 1599 827 1624 aut
850 1593 1003 1624 deficere.
1050 1593 1099 1624 Sit
1121 1593 1219 1634 igitur

237 1637 322 1667 haec
346 1648 461 1667 crassa
485 1634 621 1667 solutio:
646 1635 799 1667 Secunda
823 1646 943 1667 caussa
966 1646 1032 1666 non
1056 1636 1123 1677 agit
1147 1636 1218 1666 sine

238 1681 353 1721 prima,
377 1678 503 1710 scilicet
527 1684 741 1710 sustentante.
778 1678 850 1709 Hoc
862 1677 1092 1709 universaliter
1105 1688 1217 1708 verum

239 1730 306 1760 est,
331 1722 390 1752 sed
419 1732 485 1752 non
519 1732 651 1762 semper
680 1721 874 1757 adiuvante;
918 1721 992 1752 Non
1022 1721 1105 1751 enim
1129 1721 1217 1751 adiu-

239 1772 291 1795 vat
305 1765 408 1805 prima
423 1764 586 1801 effectum,
599 1774 695 1805 quem
707 1773 773 1794 non
785 1763 865 1795 vult.
879 1763 939 1795 Est
952 1765 1050 1805 igitur
1062 1761 1217 1794 voluntas

237 1807 329 1838 Evae
361 1807 547 1837 immediata
580 1816 700 1838 caussa
724 1807 774 1838 sui
798 1813 912 1844 actus,
943 1818 1016 1838 cum
1039 1806 1156 1837 avertit
1179 1815 1217 1836 se

238 1861 257 1881 a
282 1849 366 1880 Deo.
1027 1853 1036 1861 ⁶

324 1892 396 1923 Nec
429 1893 544 1923 eodem
565 1892 663 1923 modo
687 1891 820 1922 Stoicus
844 1898 875 1922 et
900 1890 1106 1922 Christianus
1130 1889 1217 1921 hanc

238 1936 497 1976 propositionem
520 1933 724 1976 intelligunt:
749 1934 903 1965 Secunda
927 1943 1049 1965 caussa
1067 1944 1133 1964 non
1151 1934 1217 1974 agit

239 1979 310 2009 sine
344 1979 468 2019 primag
514 1978 588 2018 quia
614 1977 715 2008 Stoici
745 1978 891 2019 cogitant
922 1976 1059 2007 similem
1084 1975 1218 2016 copula-

239 2021 360 2051 tionem
384 2021 415 2051 in
439 2020 601 2057 omnibus,
625 2030 684 2050 seu
708 2020 802 2050 bonis
826 2030 885 2050 seu
903 2018 1009 2057 malis,
1032 2025 1065 2050 ut
1090 2025 1141 2049 est
1164 2029 1218 2049 co-

238 2063 361 2104 pulatio
381 2061 567 2093 essentialis
585 2063 685 2093 maris
705 2068 735 2092 et
754 2061 893 2093 feminae
923 2063 956 2092 in
978 2062 1216 2101 procreatione.

240 2106 307 2137 Sed
341 2105 536 2136 Christianis
577 2115 717 2136 necesse
759 2111 810 2136 est
843 2106 1032 2136 discernere
1067 2105 1153 2135 bona
1187 2110 1218 2134 et

238 2147 338 2179 mala:
364 2148 517 2179 Secunda
540 2158 605 2179 non
628 2149 697 2189 agit
718 2148 790 2178 sine
811 2148 926 2188 prima,
945 2145 1073 2178 scilicet
1091 2152 1217 2177 susten-

237 2197 343 2225 tante3
368 2191 428 2221 sed
452 2189 552 2221 multa
575 2189 652 2221 facit
676 2191 780 2230 prima
803 2200 921 2221 caussa
946 2196 1077 2230 praeter
1100 2199 1215 2220 secun-

238 2233 310 2270 das,
334 2234 409 2274 quia
432 2240 479 2263 est
505 2244 607 2275 agens
632 2232 780 2264 liberum.
809 2232 849 2263 Et
873 2234 1019 2263 sectmda
1043 2230 1158 2269 libera,
1182 2237 1216 2262 ut

239 2274 392 2306 voluntas
427 2275 518 2306 Evae
551 2277 668 2306 vitiose
698 2276 765 2317 agit
799 2277 869 2306 sine
903 2276 1006 2315 prima
1029 2275 1217 2312 adiuvante,

238 2319 312 2359 quia
336 2317 411 2348 talis
436 2316 575 2348 facultas
601 2324 651 2348 est
672 2317 820 2349 libertas,
868 2318 958 2348 Haec
981 2318 1023 2348 sit
1041 2316 1215 2357 explicatio

238 2362 426 2401 perspicua,
449 2371 513 2391 non
538 2362 630 2391 nimis
655 2362 773 2391 tenuis.

325 2402 388 2432 Alii
403 2403 451 2433 sic
465 2404 588 2434 dicunt:
613 2402 766 2434 Secunda
787 2414 854 2434 non
877 2404 946 2445 agit
958 2403 1028 2433 sine
1041 2403 1145 2443 prima
1159 2412 1216 2442 po-

239 2445 371 2476 sitivum
382 2446 534 2486 quiddam
547 2444 694 2476 efficiens
706 2457 714 2482 ;
727 2445 893 2483 Secunda,
905 2451 941 2476 ut
953 2444 1105 2476 voluntas
1114 2444 1216 2482 Evae,

242 547 305 561 tunt

240 2541 268 2568 s»)
288 2543 328 2565 est
347 2540 459 2571 civitati}
480 2540 550 2565 Editt.
572 2542 592 2565 1.
613 2542 636 2565 3.
656 2543 694 2565 est
714 2540 806 2565 dit-tum
826 2540 927 2565 civitati.

864 103 977 135 PHlL.
999 103 1104 135 MEL.
1128 102 1313 135 SCRIPTA
1338 102 1614 135 DOGMATICA.

2173 105 2238 137 652

1259 197 1327 238 agit
1350 196 1475 237 aliquid
1499 195 1704 237 delinquens.
1741 195 1802 226 Hic
1825 197 2043 236 respondent:
2072 197 2152 238 Agit
2169 209 2236 229 non

1260 239 1410 280 positive,
1433 239 1492 269 sed
1515 239 1675 269 aberrans
1698 248 1738 268 ac
1751 238 1918 269 deficiens.
1945 238 2035 270 Haec
2053 239 2185 278 solutio,
2208 242 2236 271 si

1260 292 1320 323 per
1344 283 1486 321 priorem
1517 287 1719 321 exponatur,
1747 281 1808 311 erit
1830 279 1975 321 planior,
2010 287 2042 312 et
2065 292 2136 313 eam
2160 291 2238 314 esse

1263 325 1458 355 sententiam
1483 324 1577 354 huius
1602 324 1764 353 obscurae
1782 322 1966 361 solutionis,
1979 330 2237 356 consentaneum

1263 374 1330 403 est,
1363 373 1398 397 ut
1422 365 1587 406 copulatio
1607 366 1730 405 primae
1754 371 1786 395 et
1807 366 1973 396 secundae
1995 376 2138 397 caussae
2160 365 2237 397 talis

1262 410 1435 449 cogitetur,
1459 408 1587 449 qualem
1611 408 1703 438 Deus
1727 406 1830 437 libere
1853 417 1956 447 agens
1980 408 2050 439 vult
2067 418 2156 446 esse,
2171 419 2238 440 non

1262 458 1296 482 ut
1319 462 1380 481 nos
1405 450 1645 490 copulationem
1667 450 1767 480 maris
1787 456 1819 480 et
1837 448 1977 480 feminae
1999 452 2193 491 cogitamus.

1348 492 1511 524 Difficiles
1535 498 1612 524 sunt
1636 491 1700 522 hae
1723 492 1977 532 disputationes,
2004 493 2078 523 ideo
2105 503 2168 523 nos
2197 493 2239 524 de

1262 535 1336 566 Deo
1360 537 1544 577 cogitantes
1565 534 1745 565 referamus
1768 540 1908 564 mentem
1931 540 1963 564 et
1982 534 2097 566 oculos
2120 535 2162 565 ad
2183 545 2238 575 pa-

1263 577 1471 608 tefactionem
1494 578 1574 614 Dei,
1598 584 1633 608 ut
1656 587 1730 607 eum
1749 578 1798 606 sic
1820 586 2060 617 agnoscamus,
2095 577 2179 608 sicut
2201 586 2240 607 se

1262 619 1428 661 patefecit,
1452 626 1483 650 et
1507 621 1556 650 sic
1579 625 1777 656 statuamus,
1809 618 1918 649 Deum
1941 618 2044 649 libere
2066 620 2186 650 adesse
2207 624 2242 649 et

1263 662 1416 701 opitulari
1442 662 1690 698 invocantibus,
1723 663 1809 692 sicut
1837 662 2002 701 promisit:
2031 660 2156 702 ·Prope
2189 667 2240 692 est

1263 703 1424 734 Dominus
1447 705 1598 734 omnibus
1621 705 1850 734 invocantibus
1874 714 1958 733 eum.

1349 746 1441 776 Haec
1476 746 1561 775 dicta
1595 745 1635 775 de
1664 745 1823 786 singulari
1846 746 1975 776 actione
1998 752 2028 776 et
2050 745 2169 776 auxilio
2192 746 2240 776 in—

1263 787 1434 819 culcentur
1467 788 1591 817 animis,
1636 787 1720 817 Nam
1748 786 1804 817 illa
1831 788 1975 818 obscura
1998 788 2174 827 disputatio
2197 788 2240 818 de

1263 829 1410 871 generali
1444 830 1683 860 sustentatione
1716 839 1782 859 non
1803 834 1913 869 potest
1935 831 2063 869 penitus
2086 831 2240 870 perspici,

1262 874 1347 903 sicut
1370 882 1433 902 nec
1455 872 1579 902 creatio
1603 870 1741 912 intelligi
1763 876 1883 910 potest.
1927 871 1968 902 Et
1988 873 2021 902 in
2044 881 2171 902 summa
2192 878 2240 902 te·

1262 921 1377 945 11831111·
1399 914 1483 945 haec
1507 914 1704 954 propositio:
1730 913 1835 944 Adest
1846 912 1940 944 Deus
1963 924 2024 944 suo
2048 915 2150 954 operi,
2172 924 2240 945 non

1262 963 1296 987 ut
1320 957 1453 988 Stoicus
1477 956 1590 993 Deus,
1614 956 1674 986 sed
1708 966 1786 986 vere
1807 962 1844 986 ut
1865 954 2004 987 liberum
2025 965 2143 997 agenS,
2166 966 2240 988 sus-

1262 1005 1393 1030 tentans
1417 1005 1602 1029 creaturam
1625 1003 1658 1029 et
1680 997 1783 1029 multa
1804 999 1991 1029 moderans.
2145 1000 2148 1004 '

1709 1091 1795 1129 [Ν]

1320 1167 1382 1199 DE
1404 1167 1605 1198 HUMANIS
1630 1166 1807 1198 VlRlBUS
1831 1166 1915 1199 SEU
1938 1166 2000 1198 DE
2020 1166 2182 1198 LIBERO

1640 1226 1859 1257 ARBITRlo.

1347 1310 1447 1341 Valla
1470 1317 1502 1342 et
1524 1309 1671 1352 plerique
1695 1310 1749 1341 alii
1772 1309 1946 1342 detrahunt
1957 1312 1982 1345 7)
2005 1309 2166 1341 voluntati
2181 1309 2240 1341 ho-

1261 1354 1356 1385 minis
1386 1352 1571 1384 libertatem
1594 1354 1686 1391 ideo,
1711 1354 1787 1394 quia
1809 1354 1888 1384 fiant
1912 1353 2019 1384 omnia
2042 1353 2240 1393 decernente

1260 1396 1345 1427 Deo.
1385 1397 1417 1435 S)
1431 1396 1520 1427 Haec
1550 1396 1737 1437 imaginatio
1772 1401 1844 1426 orta
1877 1405 1918 1425 ex
1940 1395 2062 1427 Stoicis
2096 1392 2240 1436 disputa-

1261 1440 1405 1470 tionibus
1441 1439 1569 1469 deducit
1603 1447 1660 1468 eos
1699 1438 1740 1468 ad
1774 1437 1951 1468 tollendam
1986 1438 2240 1479 contingentiam

1261 1483 1420 1513 bonai-um
1451 1487 1482 1512 et
1515 1479 1674 1511 malarum
1707 1481 1890 1519 actionum,
1919 1481 1983 1511 imo
2011 1481 2152 1511 omnium
2173 1490 2240 1511 mo-

1261 1530 1350 1555 tuum
1384 1525 1415 1554 in
1449 1524 1633 1564 pecudibus
1667 1528 1698 1553 et
1728 1521 1908 1554 elementis.
1952 1522 2032 1553 Dixi
2055 1528 2163 1553 autem
2187 1532 2240 1553 su-

1260 1577 1336 1608 pra,
1363 1576 1429 1597 non
1460 1576 1536 1597 esse
1563 1566 1596 1596 in
1618 1565 1805 1597 Ecclesiam
1835 1565 2037 1596 invehendas
2059 1563 2133 1595 illas
2155 1565 2240 1597 Stoi-

1261 1620 1318 1640 cas
1341 1610 1530 1650 opiniones,
1560 1618 1622 1639 nec
1647 1607 1884 1639 defendendam
1908 1617 1984 1639 esse
2006 1608 2240 1639 necessitatem

1260 1651 1394 1682 fatalem
1418 1652 1570 1689 omnium,
1595 1653 1652 1681 set!
1677 1650 1818 1691 aliquam
1842 1650 2098 1691 contingentiam
2122 1659 2240 1681 conce-

1261 1695 1410 1725 dendam.
1456 1694 1531 1724 Non
1562 1703 1701 1724 necesse
1724 1692 1784 1724 fuit
1806 1692 2032 1724 Alexandrum
2054 1691 2240 1724 interficere

1261 1736 1388 1768 Clitum.

1356 1779 1427 1810 Nec
1450 1779 1617 1810 miscenda
1642 1784 1691 1809 est
1715 1778 1892 1818 disputatio
1917 1778 1957 1808 de
1969 1777 2239 1809 determinatione

1260 1822 1370 1853 divina
1395 1822 1582 1863 quaestioni
1605 1822 1646 1852 de
1668 1821 1773 1851 libero
1798 1821 1942 1851 arbitrio.
1995 1819 2079 1850 Nam
2102 1830 2176 1850 cum
2199 1819 2240 1851 de

1260 1863 1430 1895 voluntate
1462 1864 1603 1895 hominis
1639 1870 1671 1894 et
1706 1864 1746 1894 de
1780 1863 1900 1894 ceteris
1933 1862 2084 1893 humanis
2114 1862 2239 1893 viribus

1261 1908 1443 1948 quaeritur,
1475 1913 1600 1937 tantum
1624 1907 1663 1937 de
1681 1905 1824 1937 humana
1846 1905 2032 1936 infirmitate
2055 1905 2238 1942 disseritur,

1260 1960 1326 1980 non
1350 1950 1390 1980 de
1414 1951 1564 1980 omnibus
1587 1949 1729 1979 motibus
1751 1949 1784 1978 in
1806 1954 1876 1978 tota
1900 1953 2025 1978 natura.
2052 1947 2123 1977 Nos
2134 1947 2238 1987 ipsos,

1260 1993 1378 2023 mentis
1413 1998 1546 2023 nostrae
1581 1990 1771 2031 caliginem,
1805 1996 1837 2020 et
1869 1989 2048 2020 voluntatis
2072 1994 2104 2020 et
2126 1989 2238 2020 cordis

1260 2033 1517 2065 imbecillitatem
1552 2034 1808 2064 consideremus.
1852 2032 1946 2062 Hanc
1982 2032 2163 2062 doctrinam
2197 2031 2240 2062 de

1260 2078 1382 2108 nostris
1416 2077 1540 2108 morbis
1574 2076 1727 2116 proponit
1749 2074 1919 2112 Ecclesia,
1953 2084 2020 2105 non
2048 2079 2084 2105 ut
2107 2073 2238 2105 Stoicas

1275 2214 1304 2243 7)
1328 2213 1370 2238 3111
1389 2212 1536 2244 detrahunt]
1556 2213 1628 2238 Editt.
1650 2214 1670 2237 1.
1690 2214 1713 2238 3.
1733 2212 1775 2236 alii
1793 2218 1842 2236 non
1859 2212 1928 2236 recte
1946 2211 2083 2236 detrahunt

1277 2265 1305 2295 8)
1332 2265 1390 2289 Pro
1409 2270 1484 2294 seqq.
1520 2265 1587 2289 Haec
1606 2264 1750 2293 imaginatio
1769 2276 1800 2280 —
1821 2262 1880 2294 quid
1905 2264 1932 2286 et
1949 2263 2071 2292 quantum
2091 2261 2177 2286 facere
2195 2267 2238 2285 vo-

1329 2299 1413 2323 luntas
1436 2299 1524 2329 possit.
1545 2298 1618 2322 Editt.
1639 2299 1660 2321 1.
1681 2299 1705 2323 3.
1724 2304 1771 2327 ea,
1795 2302 1868 2326 qnae
1886 2297 1953 2320 smil
1970 2296 1997 2320 m
2015 2295 2088 2321 Editt.
2108 2295 2237 2321 secundae

1329 2333 1435 2359 aetatis.
1461 2338 1519 2363 pag.
1540 2333 1598 2357 373.
1618 2332 1660 2356 lin.
1684 2333 1720 2356 tt.
1740 2337 1819 2361 usque
1839 2330 1870 2355 311
1890 2336 1913 2360 ῃ.
1935 2330 1992 2355 374.
2013 2329 2055 2354 litt.
2077 2330 2113 2354 18.
2133 2330 2237 2353 nostrae

1328 2367 1463 2397 Editionis,
1491 2368 1533 2391 im
1551 2367 1699 2391 exhibent:
1736 2367 1814 2395 Atque
1833 2365 1867 2389 ita
1887 2365 1910 2388 in
1930 2364 2076 2388 universum
2095 2363 2187 2388 tollunt
2204 2376 2237 2379 —

1328 2404 1449 2431 quantum
1469 2404 1600 2431 praestare
1619 2402 1729 2425 humana
1749 2400 1866 2423 voluntas
1885 2398 1973 2428 possit.
2011 2399 2098 2427 Haec,
2129 2402 2202 2426 quae
2219 2396 2236 2422 Ι.

1328 2436 1344 2461 Ι,
1365 2436 1501 2465 (effluunt,
1521 2441 1555 2460 ne
1573 2436 1709 2464 intem-nm
1727 2434 1817 2458 lucum
1836 2433 1880 2456 Ιιίε
1897 2433 2067 2461 repetamus,
2086 2436 2117 2456 eo
2128 2432 2238 2456 tantum

1327 2470 1362 2494 ab
1382 2470 1437 2493 illis
1455 2470 1527 2494 Editt.
1553 2469 1680 2493 secundae
1707 2468 1796 2492 aetatis
1820 2466 1968 2497 differunt,
1995 2464 2072 2495 quod
2083 2470 2138 2495 pro
2157 2464 2237 2489 admi-

1328 2506 1431 2528 scentur
1453 2504 1490 2533 (p.
1517 2504 1574 2528 373.
1595 2503 1637 2527 lin.
1657 2504 1710 2531 26.)
1729 2502 1756 2526 In
1776 2501 1846 2526 Editt.
1868 2501 1888 2524 1.
1908 2500 1932 2522 3.
1953 2499 2054 2529 leyitur
2073 2499 2238 2523 commiscen-

1329 2541 1376 2562 tur.
