2358 2933
101 108 163 139 785

97 201 223 230 510116111
263 197 414 239 politicae
447 198 535 228 vitae
574 204 604 228 et
645 198 917 229 reconciliationis
958 208 1068 228 coram
1113 200 1196 229 Nam
1230 200 1341 230 notitia
1377 200 1538 231 diabolica

96 241 189 279 Deo,
224 247 254 271 et
278 240 457 276 attendant.
493 240 534 270 de
568 251 632 281 qua
666 251 702 271 re
735 241 766 270 in
790 240 852 271 hac
877 241 1070 280 quaestione
1113 251 1178 271 non
1211 243 1338 272 accedit
1372 243 1414 272 ad
1436 243 1556 274 Deum·

98 289 225 326 agatur.

462 375 700 406 Secundum.

183 449 388 491 Impossibile
412 458 463 481 est
482 450 555 481 sola
578 451 688 481 notitia
713 451 833 481 iustum
856 451 936 486 ficri,

184 493 280 523 Fides
304 497 429 523 tantum
453 499 502 523 est
525 494 650 523 notitia:
857 493 946 534 Ergo

183 534 389 576 Impossibile
411 540 460 565 est
484 534 555 565 sola
579 534 643 564 fide
665 535 784 565 iustum
809 535 888 565 tieri.

182 619 325 650 Primum
360 620 550 659 respondeo
585 619 626 648 ad
660 620 826 649 minorem.
873 618 971 648 Fides
1006 629 1072 649 non

96 662 257 702 significat
282 667 405 691 tantum
428 661 585 700 notitiam,
610 660 715 701 qualis
740 668 788 691 est
814 662 843 691 in
856 661 1012 697 Diabolo,
1031 662 1071 691 de

95 714 160 746 qua
194 704 269 733 dicit
300 703 439 733 Iacobus
465 704 508 740 12,
534 703 614 741 19.J:
659 703 847 734 Daemones
879 704 1014 733 credunt
1040 710 1070 733 et

95 746 369 780 contremiscunt3
394 744 460 775 Sed
484 745 566 775 fides
590 745 752 786 significat
777 747 807 776 in
832 745 1001 775 intellectu
1014 756 1071 775 no-

93 790 195 819 titiam
230 792 262 817 et
296 796 469 817 assensum
503 789 756 827 promissionum
791 789 831 817 de
855 787 1005 824 Christo,
1030 798 1070 818 ac

94 832 125 860 in
149 829 318 860 voluntate
340 830 510 866 fiduciam,
546 841 610 870 qua
634 830 786 860 voluntas
806 830 876 860 vult
900 836 930 860 et
954 830 1070 870 accipit

95 872 238 903 oblatam
260 872 530 908 misericordiam,
555 878 585 902 et
608 873 639 902 in
663 883 701 903 ea
725 873 916 912 acquiescit,
940 878 975 902 ut
999 882 1070 902 611111

95 915 212 946 Cicero
237 916 359 946 audivit
382 916 443 945 sibi
466 926 485 945 a
517 913 662 945 Caesare
685 915 826 954 promitti
850 915 1071 951 securitatem,

93 959 238 988 notitiam
272 959 304 987 in
328 957 496 988 intellectu
525 959 724 998 sequebatur
747 958 778 986 in
803 956 971 987 voluntate
991 957 1071 986 111111-

94 1002 155 1039 613,
189 1011 254 1041 (1113
276 999 409 1030 volebat
432 1005 464 1030 et
486 1001 668 1040 accipiebat
692 999 838 1029 oblatum
865 998 1069 1035 beneficium,

94 1045 126 1073 et
158 1043 191 1072 in
224 1041 287 1072 hac
319 1042 540 1082 promissione
578 1042 822 1082 acquiescebat.
881 1041 940 1071 Est
974 1042 1071 1081 igitur

93 1082 173 1116 'tides
208 1094 273 1114 non
307 1090 430 1114 tantum
463 1085 588 1121 notitia,
625 1084 685 1114 sed
709 1083 828 1113 fiducia
852 1082 927 1120 illa,
962 1089 995 1113 ut
1026 1083 1070 1112 di-

92 1128 220 1163 ximus,
256 1137 320 1167 qua
361 1126 615 1166 apprehenditur
648 1127 838 1165 promissio,
879 1127 962 1155 sicut
998 1135 1071 1164 per-

92 1170 207 1209 spicue
231 1173 371 1199 testatur
394 1175 543 1208 quartum
568 1175 665 1207 caput
689 1169 728 1198 ad
752 1168 934 1204 Romanos,
958 1167 1070 1197 Fidem

92 1210 145 1241 hic
168 1210 307 1252 intelligi
331 1221 413 1243 eam.
439 1220 522 1250 quae
545 1211 664 1250 accipit
688 1211 958 1250 promissionemz
989 1220 1068 1250 qua-

92 1262 290 1290 renecesse
324 1258 373 1282 est
406 1251 542 1292 intelligi
572 1252 722 1282 fiduciam
744 1252 989 1282 misericordiae
1013 1252 1070 1281 do-

92 1300 197 1325 natae.
243 1294 309 1324 Sed
344 1295 447 1325 oritur
482 1300 512 1324 et
547 1294 610 1324 1106
644 1300 869 1336 argumentum
894 1304 935 1324 ex
958 1294 1070 1335 imagi—

92 1338 222 1367 natione
245 1337 394 1374 rationis.
429 1346 513 1377 quae
547 1346 677 1376 semper
700 1338 824 1377 quaerit
850 1335 991 1377 aliquam
1014 1347 1070 1366 no-

92 1385 192 1410 stram
225 1380 389 1416 virtutem,
424 1390 489 1419 qua
523 1380 706 1421 cogitemus
741 1389 806 1409 non
841 1380 946 1409 iustos
981 1388 1070 1416 esse,

92 1433 165 1453 cum
198 1423 230 1452 111
265 1421 329 1452 1136
364 1422 557 1461 quaestione
580 1432 646 1451 non
671 1421 734 1451 hoc
758 1421 896 1458 dicatur,
920 1431 982 1451 1105
1008 1421 1070 1451 fide

90 1465 196 1494 iustos
231 1473 324 1501 6556,
358 1464 432 1504 quia
455 1465 498 1494 sit
521 1463 594 1493 talis
618 1465 721 1495 virtus
748 1465 780 1493 in
804 1465 917 1501 nobis,
951 1464 983 1493 in
1007 1463 1069 1493 1136

91 1505 146 1537 vel
169 1507 200 1536 in
223 1505 281 1536 illa
303 1512 413 1546 parte,
442 1507 570 1536 tametsi
594 1507 715 1536 adesse
749 1507 887 1537 virtutes
924 1512 1069 1545 oportet;

91 1549 158 1580 Sed
181 1549 254 1579 ideo
279 1549 433 1585 (1161111115,
466 1548 547 1579 Fide
570 1549 737 1579 iustificari
761 1559 833 1586 nos,
857 1549 929 1589 quia
955 1558 1070 1588 appre-

90 1591 200 1622 hendit
235 1591 486 1630 promissionem
520 1596 550 1621 et
575 1592 684 1621 statuit
703 1601 765 1621 nos
789 1598 925 1632 propter
948 1590 1070 1621 Media—

91 1640 195 1664 torem
218 1633 341 1663 habere
363 1633 676 1664 reconciliationem.

177 1676 224 1706 Ita
248 1681 279 1706 et
302 1675 386 1705 haec
413 1675 579 1707 cavillatio
603 1674 783 1706 refutatur:
824 1676 921 1706 Fides
946 1675 1067 1716 signifi-

91 1725 144 1748 cat
177 1718 340 1754 fiduciam,
375 1718 408 1747 111
439 1718 557 1749 fiducia
581 1720 664 1748 inest
690 1717 832 1751 dilectio,
868 1728 947 1759 ergo
974 1719 1070 1748 etiam

91 1760 265 1791 dilectione
289 1771 402 1791 sumus
433 1761 517 1793 iusti,
570 1760 727 1791 Concedo
751 1762 782 1791 in
806 1760 924 1791 fiducia
957 1762 1069 1791 inesse

91 1802 309 1840 dilectionem,
345 1808 375 1832 et
410 1802 496 1833 hanc
532 1804 682 1834 virtutem
717 1810 746 1833 61
782 1802 958 1844 plerasque
986 1802 1068 1834 alias

90 1847 211 1877 adesse
234 1851 397 1886 oportere,
429 1846 487 1875 sed
513 1857 587 1877 cum
611 1847 764 1883 dicimus,
798 1846 932 1876 Fiducia
955 1856 1068 1877 sumus

89 1889 178 1925 iusti,
196 1898 261 1919 non
284 1887 485 1929 intelligatur
506 1899 569 1919 nos
592 1894 727 1929 propter
749 1890 875 1919 virtutis
904 1890 999 1919 istius
1024 1889 1068 1918 di-

91 1932 260 1973 gnitatem,
285 1931 344 1961 sed
367 1941 427 1971 per
448 1932 707 1962 misericordiam
730 1932 828 1971 recipi
851 1938 987 1972 propter
1000 1931 1067 1962 Me-

90 1974 263 2010 diatorem,
285 1984 380 2014 quam
399 1980 508 2004 tamen
522 1980 651 2014 oportet
670 1974 733 2004 fide
746 1974 957 2014 apprehendi.
977 1974 1066 2015 Ergo

88 2015 155 2046 hoc
178 2016 315 2046 dicimus
340 2015 547 2054 correlative,
572 2016 636 2047 Per
657 2017 914 2047 misericordiam
933 2023 1068 2058 propter

90 2057 192 2089 filium
215 2057 278 2088 Dei
301 2068 414 2089 sumus
438 2059 739 2097 reconciliatiDeo,
764 2066 794 2090 et
818 2060 849 2089 id
875 2060 940 2090 fide
964 2060 1069 2099 accipi

91 2111 151 2131 seu
185 2101 283 2131 statui
313 2107 457 2141 oportet,
492 2107 525 2132 ut
550 2101 703 2133 voluntas
727 2103 918 2143 acquiescat
939 2104 971 2133 in
995 2113 1070 2143 pro-

91 2144 200 2183 posito
224 2142 453 2183 Propitiatore.

177 2185 306 2227 Cogitet
341 2191 449 2216 autem
480 2187 552 2226 pius
575 2186 690 2225 lector,
713 2198 810 2228 quam
835 2188 1015 2218 absurdum
1039 2194 1068 2217 et

90 2229 257 2269 indignum
293 2229 353 2265 sit,
387 2239 452 2258 non
478 2229 667 2260 discernere
690 2230 787 2261 fidem
810 2230 1017 2261 Diabolicam
1051 2240 1071 2260 3

91 2270 174 2308 fide,
209 2281 274 2312 qua
295 2269 449 2301 Ecclesia
471 2270 580 2302 Deum
610 2273 761 2310 invocat,
792 2284 854 2314 qua
880 2273 1007 2303 accedit.
1029 2273 1071 2303 ad

90 2311 197 2344 Deum
232 2312 263 2343 e't
297 2317 413 2353 pacem
448 2315 678 2355 consequitur,
711 2321 745 2345 ut
768 2315 863 2346 Rom.
887 2316 917 2345 4.
941 2316 1069 2345 dicitur.

90 2355 169 2385 Item
202 2355 296 2386 Rom.
324 2356 372 2386 10.
398 2358 460 2392 lvs.
486 2357 551 2395 11.]
598 2356 660 2392 Qui
695 2358 795 2388 credit
829 2361 861 2388 in
886 2368 970 2395 611111,
1004 2368 1071 2388 11011

91 2398 321 2429 confundetur.
367 2397 407 2427 Et
444 2398 518 2429 Gal.
552 2399 582 2428 2.
619 2402 681 2436 [vs.
711 2399 778 2438 v·2().]
824 2400 859 2430 In
894 2400 959 2431 tide
994 2401 1070 2430 vivo

90 2439 145 2470 filii
169 2440 259 2471 Dei.'
287 2441 391 2471 Nemo
415 2451 481 2471 non
504 2442 584 2472 vidit
606 2443 875 2473 absurdissimam
899 2441 970 2473 fore
993 2443 1069 2473 ima-

91 2483 305 2524 ginationem,
330 2484 358 2513 si
382 2484 454 2523 quis
478 2485 509 2514 in
533 2484 654 2515 talibus
677 2483 760 2514 locis
785 2486 922 2526 cogitet,
957 2486 1070 2515 Fidem

90 2535 154 2555 non
197 2524 282 2555 aliud
324 2526 524 2567 significare,
565 2527 627 2557 nisi
668 2527 814 2558 notitiam
848 2523 1067 2558 Diabolicam.

244 2593 389 2611 MELANTH.
405 2594 485 2612 OPER,
500 2594 556 2612 VOL
580 2594 636 2612 XXI.

577 106 600 136 Ι.
624 106 723 137 LOCI
746 105 1020 136 THEOLOGICI:
1043 106 1085 137 D.
1109 107 1268 138 TERTIA
1292 107 1447 139 EORUM
1472 108 1627 140 AETAS.

2036 112 2096 143 786

1585 199 1666 241 fugit
1699 201 1818 233 Deum.
1855 213 1919 233 non
1953 204 2097 242 invocat,

1604 243 1681 274 Ideo
1705 244 1814 274 Iacobi
1851 246 1935 276 dicta
1968 246 2009 276 de
2032 246 2096 277 fide

1116 283 1158 320 [2,
1185 283 1263 321 19.]‚
1287 283 1476 315 Daemones
1501 286 1637 316 credunt
1663 292 1693 316 et
1718 289 1995 325 contremiscunt,
2030 299 2095 319 11011

1116 332 1189 355 511111
1225 327 1392 356 111156611(13
1416 327 1584 358 Paulinae.
1631 327 1683 358 De
1718 328 1781 358 alia
1810 329 1874 359 fide
1897 329 2033 367 Paulus.
2058 331 2097 360 de

1117 367 1178 397 alia
1205 368 1345 399 Iacobus
1380 369 1532 410 loquitur.
1579 370 1619 400 Et
1654 369 1750 401 facile
1780 378 1888 411 potest
1912 371 2095 413 intelligere

1116 409 1213 440 1101110
1248 420 1348 440 5311115
1380 422 1444 442 11011
1474 422 1549 441 esse
1573 411 1709 442 similem
1733 414 1829 443 tidem
1852 414 2025 445 Ecclesiae
2049 416 2094 444 in-

1117 453 1267 482 vocantis
1290 452 1408 490 Deum,
1432 461 1462 483 et
1486 453 1618 484 Diaboli
1638 454 1804 495 fugientis.

1510 546 1698 576 Tertium.

1272 619 1334 654 Qui
1357 630 1422 650 non
1446 620 1562 662 diligit.
1587 629 1693 651 manet
1718 624 1748 652 in
1773 630 1895 653 morte:
1963 623 2053 664 Ergo

1272 662 1477 702 Impossibile
1502 670 1551 693 est
1576 665 1637 693 dici
1663 665 1781 694 iustum
1806 664 1878 695 sola
1902 666 1974 695 fide.

1161 703 1334 741 Concedo,
1358 706 1386 734 si
1409 704 1574 747 intelligas
1599 707 1695 736 tidem
1727 713 1878 746 oportere
1901 710 1997 740 110115)
2022 717 2097 738 6556

1117 745 1233 783 solam,
1257 747 1316 776 sed
1340 746 1416 777 hinc
1439 758 1504 778 non
1518 750 1674 789 sequitur,
1694 748 1900 780 dilectionem
1913 760 1989 779 esse
2003 760 2096 780 caus-

1117 799 1187 817 sam
1222 790 1427 819 remissionis
1451 797 1674 830 peccatorum.
1711 792 1796 822 sicut
1818 803 1958 822 necesse
1983 798 2034 823 est
2056 793 2097 821 ad

1117 830 1214 860 fidem
1243 832 1403 862 accedere
1437 834 1636 872 patientiam,
1673 834 1821 864 sednon
1846 836 2004 875 sequitur,
2040 844 2097 864 no-

1117 878 1220 902 stram
1240 874 1429 912 patientiam
1453 885 1527 905 esse
1552 885 1705 905 caussam
1729 878 1943 907 remissionis.
1978 877 2019 907 Et
2044 887 2097 907 ex—

1118 913 1242 945 clusiva
1277 915 1440 955 particula
1472 927 1538 946 non
1569 916 1711 946 excludit
1736 919 1888 951 virtutes,
1913 929 1953 949 ne
1977 920 2096 957 adsint,

1119 958 1177 987 sed
1202 956 1344 988 excludit
1369 968 1425 988 eas
1449 969 1467 988 a
1494 969 1612 989 caussa
1628 958 1921 991 reconciliationis.
1946 963 2098 999 365106111-

1118 999 1193 1029 ficat
1227 999 1331 1031 solius
1356 999 1477 1031 Christi
1501 1002 1649 1032 meritum
1673 1011 1750 1031 esse
1774 1012 1927 1031 caussam
1950 1002 2096 1032 reconci—

1117 1040 1273 1072 liationis.
1320 1043 1379 1072 Est
1415 1050 1443 1073 et
1473 1043 1537 1074 hoc
1562 1044 1742 1079 sciendum,
1766 1043 1997 1074 Removendas
2021 1054 2096 1074 esse

1117 1083 1277 1114 humanas
1311 1086 1562 1125 imaginationes
1598 1087 1638 1115 de
1672 1086 1791 1115 iustitia
1816 1086 1926 1127 Legis,
1961 1096 2044 1127 quae
2077 1096 2097 1116 a

1117 1125 1293 1156 dilectione
1318 1127 1379 1157 Dei
1415 1128 1606 1161 orditu1·:·⁵²¹)
1637 1128 1671 1158 Si
1701 1134 1818 1158 natura
1840 1129 1980 1158 hominis
2004 1134 2093 1159 esset

1118 1169 1189 1198 sine
1212 1176 1366 1209 peccato.
1391 1176 1506 1209 posset
1519 1169 1627 1200 Deum
1650 1180 1728 1199 vere
1753 1170 1906 1211 diligere,
1931 1171 1996 1201 Sed
2021 1171 2095 1211 quia

1117 1216 1166 1240 est
1190 1212 1307 1241 obruta
1330 1218 1481 1251 peccato,
1505 1222 1643 1242 necesse
1668 1219 1718 1242 est
1741 1214 1832 1252 prius
1855 1214 1959 1253 accipi
1984 1214 2096 1243 remis—

1116 1254 1254 1290 sionem,
1277 1263 1338 1283 nec
1372 1261 1482 1294 potest
1517 1255 1653 1285 accendi
1679 1254 1821 1292 dilectio.
1846 1256 1906 1285 nisi
1931 1256 2042 1296 agnita
2065 1262 2094 1285 et

1116 1294 1323 1336 apprehensa
1348 1297 1542 1327 remissione
1567 1304 1787 1336 peccatorum.
1823 1298 1874 1328 Ac
1897 1299 1991 1327 nimis
2016 1299 2095 1328 otio-

1116 1348 1152 1368 se
1177 1339 1321 1379 cogitant
1347 1339 1387 1369 de
1410 1340 1614 1376 remissione,
1638 1341 1692 1380 qui
1717 1346 1830 1379 putant
1854 1341 1925 1370 sine
1949 1341 2095 1371 certami—

1116 1391 1157 1411 ne
1182 1380 1257 1411 fidei
1282 1391 1352 1411 eam
1376 1383 1491 1422 accipi.

1506 1475 1707 1509 Quartum.

1271 1549 1350 1580 Fide
1374 1560 1486 1581 sumus
1510 1552 1597 1589 iusti,

1271 1592 1370 1623 Fides
1394 1599 1444 1623 est
1467 1603 1563 1633 opus,

1270 1634 1361 1676 Ergo
1384 1642 1520 1676 propter
1544 1647 1645 1677 opera
1667 1646 1779 1667 Sumus
1802 1637 1889 1667 iusti.

1374 1728 1576 1769 Respondeo
1599 1730 1639 1759 ad
1664 1730 1827 1760 maiorem.

1201 1803 1307 1834 Maior
1328 1803 1531 1846 intelligatur
1555 1805 1771 1839 correlative,
1807 1806 1887 1836 Fide
1910 1816 2024 1837 sumus
2048 1808 2093 1837 iu-

1114 1847 1166 1883 sti,
1190 1847 1221 1876 id
1245 1853 1307 1884 est,
1332 1857 1391 1888 per
1413 1849 1671 1879 misericordiam
1694 1855 1831 1889 propter
1850 1848 2016 1879 Christum
2040 1859 2093 1880 su-

1112 1898 1184 1919 mus
1207 1890 1305 1921 iusti:
1339 1890 1413 1920 Non
1438 1892 1513 1931 quia
1537 1891 1620 1921 fides
1644 1892 1684 1921 sit
1706 1893 1828 1925 virtus,
1865 1902 1949 1932 quae
1971 1902 2093 1922 merea-

1113 1937 1165 1961 tur
1186 1932 1411 1963 remissionem
1445 1943 1506 1963 sua
1530 1934 1694 1974 dignitate.
1729 1934 1826 1969 Quod
1850 1945 1929 1965 vero
1954 1935 2094 1972 additur,

1113 1974 1210 2004 Fides
1233 1981 1283 2004 est
1308 1985 1403 2015 opus,
1424 1976 1671 2007 concedendum
1695 1984 1766 2009 est:
1800 1977 1858 2007 Est
1890 1978 1975 2007 enim
1999 1987 2093 2017 opus,

1115 2023 1148 2047 ut
1183 2016 1327 2055 dilectio,
1362 2019 1530 2058 patientia,
1567 2020 1711 2051 castitas,
1759 2019 1797 2049 Et
1831 2026 1865 2050 ut
1901 2019 1983 2050 11366
2018 2027 2094 2050 sunt

1114 2059 1241 2090 infirma
1264 2066 1295 2090 et
1317 2059 1492 2102 languida3
1538 2061 1585 2092 Ita
1608 2062 1704 2092 Fides
1729 2068 1779 2092 est
1802 2063 1976 2093 admodum
1995 2063 2094 2093 imbe-

1115 2101 1191 2132 cilla
1227 2108 1258 2132 et
1293 2105 1478 2134 concutitur
1510 2104 1622 2135 multis
1657 2105 1925 2136 dubitationibus.
1983 2104 2094 2139 Quare

1115 2155 1181 2175 non
1214 2145 1290 2175 ideo
1325 2146 1461 2177 dicimur
1484 2147 1559 2177 iusti
1594 2147 1675 2183 fide,
1710 2149 1784 2188 quia
1813 2154 1904 2178 tanta
1931 2148 1972 2177 sit
1996 2147 2092 2178 huius

1112 2188 1240 2218 w'rtutis
1265 2188 1417 2228 dignitaS,
1437 2196 1471 2220 ut
1492 2196 1655 2220 mereatur
1668 2190 1912 2227 remissionem3
1936 2190 2003 2221 Sed
2016 2191 2092 2231 quia

1113 2236 1243 2270 oportet
1276 2229 1407 2271 aliquod
1442 2242 1518 2262 esse
1551 2233 1799 2263 instrumentum
1834 2233 1864 2263 in
1889 2234 2004 2271 nobis,
2028 2243 2092 2274 quo

1113 2271 1386 2312 apprehendimus
1409 2274 1625 2305 Mediatorem
1660 2285 1719 2315 pro
1755 2276 1850 2306 nobis
1884 2274 2092 2316 interpellan-

1114 2320 1188 2352 tem,
1212 2321 1348 2356 propter
1371 2326 1467 2357 quem
1487 2323 1640 2348 aeternus
1663 2317 1760 2348 Pater
1783 2324 1833 2349 est
1855 2319 2026 2359 propitius.

1116 2487 1144 2515 5)
1181 2488 1298 2516 oportere
1318 2487 1378 2517 non]
1401 2487 1470 2517 Cori).
1494 2489 1564 2512 l—S.
1586 2495 1636 2513 non
1655 2491 1771 2519 oportere

1116 2538 1157 2565 5³)
1179 2537 1301 2567 orditurz]
1322 2538 1394 2562 Editt.
1415 2539 1454 2561 21.
1477 2539 1516 2561 22.
1537 2539 1577 2562 24.
1600 2540 1718 2565 28-3-1..
1739 2541 1798 2570 opp.
1823 2542 1841 2563 1.
1863 2542 1885 2563 2.
1907 2541 2004 2565 oritur:

1852 2592 1886 2616 50
