2358 2933
326 210 405 240 Cum
431 210 528 247 igitur
553 215 639 237 tanta
665 207 726 236 sint
752 204 980 238 impedimenta
1005 202 1165 233 libertatis
1191 204 1222 234 in

238 254 298 283 hav
323 243 530 291 eorrupiioue
554 256 699 279 naturae.
724 245 777 276 illa
801 245 949 287 gloriosa
972 245 1090 275 oratio:
1117 244 1210 275 Deus

238 295 363 334 reliquit
389 293 548 322 huminem
574 292 603 320 in
627 300 723 320 manu
748 285 873 318 consilii
898 288 959 323 sui,
984 297 1049 316 non
1072 287 1212 317 estsine

237 336 343 376 aliqua
367 335 627 374 interpretatione
650 331 851 371 accipienda.
897 328 985 359 Vera
1008 335 1060 359 est
1082 328 1211 369 quidem

236 378 319 409 haec
349 377 420 407 laus
448 375 608 406 libertatis
632 375 672 404 de
695 375 821 414 integra
846 377 972 401 natura.
1017 370 1109 401 Tunc
1131 369 1211 401 fuis-

237 429 284 451 set
318 420 415 450 homo
444 420 475 448 in
504 428 598 448 manu
624 414 751 446 consilii
775 415 841 450 sui,
865 413 897 443 id
920 420 982 450 est,
1005 423 1071 443 non
1093 411 1212 442 suisset

237 463 388 503 impedita
412 461 557 492 libertas,
581 469 640 490 nec
664 465 798 488 naturae
822 456 966 486 tenebris
989 461 1023 485 et
1040 455 1213 494 pravitate,

238 517 297 537 uec
332 516 350 534 a
375 502 534 534 Diabolo.
566 512 627 532 nec
661 511 681 530 a
710 500 916 540 negotiorum
945 497 1119 533 fluctibus,
1153 498 1213 527 sed

237 548 352 579 electio
388 554 417 576 et
451 544 591 576 incultas
625 549 715 573 recte
749 541 868 572 amendi
898 539 1017 570 fuisset
1038 537 1212 570 liberrima.

238 592 332 622 Ntuic
373 600 451 619 vero
485 589 516 618 in
551 587 613 617 ha(-
647 584 866 615 imbecil'tate
899 583 1071 612 interiores
1105 588 1213 612 motus

240 639 460 670 congruentes
489 629 570 671 Legi
596 628 657 659 Dei
692 637 755 657 non
789 626 1014 656 accenduntur
1047 625 1118 654 sine
1141 624 1214 664 Spi-

242 667 316 706 ritu*
336 681 473 708 sanctu;
512 673 577 702 imo
611 672 707 701 etiam
741 668 882 699 exterior
917 666 1090 708 disciplina
1113 676 1215 706 saepe

239 717 421 758 impeditur,
445 723 475 745 ut
501 724 601 754 supra
625 713 745 743 dictum
768 717 829 741 est.
865 710 974 744 Quare
997 710 1026 740 si
1045 710 1118 749 quis
1138 718 1215 738 con-

239 761 337 790 tendit
374 760 493 789 dictum
517 755 743 787 Ecclesiastici
772 753 812 783 de
835 752 1001 792 praesenti
1022 757 1140 782 natura
1162 760 1215 780 ac-

240 802 421 842 cipiendum
451 810 541 835 esse,
571 807 710 828 necesse
739 797 800 826 erit
825 795 901 825 addi
930 804 1082 834 magnam
1104 793 1215 823 restri-

241 846 398 879 ctionem,
422 841 587 873 videlicet:
614 840 704 870 Deus
729 837 856 878 reliquit
878 836 1041 866 hominem
1064 835 1096 865 111
1119 844 1216 865 manu

242 885 366 918 consilii
401 886 467 922 sui,
497 882 641 919 scilicet,
676 888 707 911 ut
737 891 796 920 per
826 889 903 910 sese
931 888 1028 909 ruere
1050 878 1157 925 possit
1174 877 1217 907 ad

241 928 360 960 malum
395 935 425 957 et
461 928 590 957 adiutus
624 935 643 954 a
673 923 796 963 Spiritu
829 928 945 952 sancto
981 928 1070 950 recte
1104 920 1215 950 iacere

242 972 361 1012 possit;
395 980 469 1000 nam
491 977 520 999 et
545 975 620 998 tunc
644 964 796 996 voluntas
820 974 886 994 non
915 970 966 994 est
995 963 1121 999 otiosa,
1154 971 1216 991 nec

243 1014 339 1044 habet
369 1023 405 1043 se
434 1019 468 1042 ut
494 1018 620 1047 statua,
654 1015 687 1038 ut
710 1005 830 1046 loseph
853 1007 1032 1046 experitur,
1068 1005 1122 1045 qui
1146 1004 1217 1044 ipse

245 1055 386 1086 luctatur
416 1064 546 1090 secum,
576 1062 637 1082 nec
667 1050 858 1090 imprimitur
881 1049 910 1079 ei
932 1055 1040 1078 motus
1064 1047 1216 1087 spiritua-

243 1097 282 1128 lis
309 1105 342 1128 ut
372 1104 510 1127 statuae.
563 1095 613 1124 Fit
640 1100 748 1124 autem
772 1090 924 1122 voluntas
947 1090 1122 1120 adiuvante
1145 1088 1218 1128 spi-

242 1142 305 1171 ritu
338 1146 452 1169 sancto
482 1138 587 1179 inagis
610 1135 728 1172 libera,
752 1135 783 1164 id
806 1140 868 1173 est,
892 1133 1162 1173 circumspectius
1187 1135 1218 1161 et

243 1183 444 1212 constantius
467 1190 581 1221 agens,
605 1185 634 1209 et
657 1177 825 1208 ardentius
847 1177 1006 1206 invocans
1029 1175 1147 1205 Deum.

327 1224 498 1255 Postremo
529 1223 581 1253 hic
612 1220 782 1251 recitanda
804 1225 881 1249 sunt
904 1219 968 1248 (luo
992 1218 1080 1248 dieta
1104 1217 1218 1247 Hiero-

243 1268 340 1308 nymi,
364 1276 448 1307 quae
472 1275 572 1305 saepe
596 1264 735 1293 citantur
758 1268 788 1291 et
809 1261 951 1302 indigent
977 1260 1216 1300 interpretatio-

242 1320 293 1340 ne.
340 1308 487 1340 Alterum
519 1313 583 1337 est:
619 1304 805 1337 Anathema
838 1305 896 1340 sit,
930 1304 958 1333 si
985 1304 1059 1344 quis
1090 1303 1216 1339 dixerit,

243 1352 347 1382 Deum
381 1348 595 1390 impossibilia
627 1347 847 1389 praecepisse.
900 1345 1123 1385 Quaecunque
1157 1345 1216 1374 suit

243 1394 375 1424 occasio
395 1393 490 1423 liuius
513 1392 609 1427 dicti,
644 1397 735 1420 certe
762 1387 823 1426 illi,
858 1389 912 1428 qui
936 1389 1035 1418 citant
1058 1394 1089 1418 et
1113 1386 1216 1417 incul—

243 1442 333 1473 cant,
357 1436 531 1466 ostendunt
554 1444 591 1463 se
615 1442 679 1463 non
703 1432 851 1473 cogitare
874 1441 1030 1466 caussas,
1067 1441 1125 1461 cur
1147 1430 1217 1459 Lex

242 1478 303 1508 Dei
327 1477 391 1509 lata
415 1479 467 1507 sit.
514 1475 646 1507 Politica
671 1474 831 1514 sapientia
855 1473 991 1510 iudicat,
1021 1471 1114 1513 leges
1137 1470 1216 1502 ferri

242 1528 365 1551 tantum
389 1521 479 1557 ideo,
510 1526 543 1549 ut
567 1519 655 1548 liant.
701 1517 745 1547 At
767 1515 820 1545 lex
843 1515 906 1545 Dei
928 1514 995 1545 lata
1017 1521 1069 1545 est
1091 1516 1215 1555 praeci-

242 1574 305 1603 pue
339 1564 380 1593 ob
408 1562 494 1592 hanc
521 1570 691 1595 caussam,
722 1565 756 1589 ut
787 1564 874 1588 extet
896 1558 1048 1588 iudicium
1073 1557 1136 1587 Dei
1160 1558 1216 1587 ad·

242 1615 359 1636 versus
394 1611 583 1645 peccatum.
617 1602 709 1632 Deus
745 1599 812 1631 vult
836 1600 982 1640 conspici
1006 1601 1087 1630 iram
1109 1610 1217 1637 suam,

243 1656 274 1678 et
303 1657 387 1678 voce
410 1647 511 1687 Legis
542 1645 684 1676 ostendit
711 1645 806 1674 nobis
836 1650 972 1683 peccata
997 1649 1121 1672 nostra.
1166 1642 1216 1672 lu-

242 1698 327 1720 stum
359 1697 425 1719 erat
461 1688 549 1729 diligi
575 1688 678 1717 Deum
703 1697 743 1716 ex
766 1692 835 1716 toto
859 1686 976 1720 corde3
1022 1686 1097 1725 quia
1119 1685 1216 1726 igitur

243 1731 324 1763 tales
355 1742 420 1762 non
449 1741 579 1767 sumus,
616 1729 736 1759 iudicat
767 1735 797 1758 et
826 1734 961 1758 accusat
992 1738 1053 1757 nos
1084 1727 1153 1758 Lex
1185 1734 1216 1758 et

241 1776 320 1805 iram
345 1774 439 1804 nobis
463 1773 638 1803 denuntiat.
681 1770 796 1801 Altera
819 1772 936 1801 deinde
960 1781 1079 1801 caussa
1103 1776 1165 1807 est,
1183 1777 1217 1800 ut

244 1816 412 1847 inchoetur
435 1815 504 1845 Lex
528 1815 589 1845 Dei
625 1825 655 1843 111
679 1813 741 1851 his,
776 1815 829 1854 qui
853 1815 915 1843 iam
938 1819 1125 1855 agnoscunt
1147 1812 1216 1843 Me-

244 1860 417 1896 diatorem,
452 1866 482 1888 et
512 1855 712 1888 reconciliati
742 1862 834 1893 sunt,
859 1862 890 1886 et
912 1856 944 1885 in
969 1856 1018 1885 his
1043 1854 1217 1885 inchoatur

243 1902 416 1931 adiuvante
440 1900 523 1930 Deo.

330 1944 440 1984 ltaque
470 1954 541 1973 cum
565 1943 658 1972 audis
682 1941 767 1971 hanc
791 1951 916 1972 vocem.
930 1941 999 1971 Lex
1023 1947 1073 1970 est
1098 1941 1216 1980 impos-

244 1985 364 2022 sibilis.
391 1997 456 2016 non
483 1983 685 2015 consulenda
714 1991 763 2014 est
788 1983 919 2024 politica
943 1983 1120 2024 sapientia,
1155 1993 1216 2013 nec

245 2029 450 2069 cogitandum
474 2028 514 2057 de
538 2025 707 2067 disciplina
737 2032 888 2063 externa,
918 2027 976 2056 sed
1007 2032 1104 2066 negat
1133 2025 1217 2055 Pau-

245 2071 294 2102 lus
319 2069 386 2100 tolli
410 2072 490 2101 iram
513 2070 575 2100 Dei
599 2080 657 2109 per
680 2069 814 2109 Legem,
837 2075 937 2109 negat
960 2074 991 2099 et
1016 2068 1098 2109 Legi
1122 2069 1217 2098 satis-

245 2114 311 2143 fieri
336 2114 366 2143 in
391 2112 451 2142 bac
475 2111 696 2142 imbecillitate
720 2118 864 2141 naturae.

329 2155 407 2185 Item
436 2154 527 2185 Rom.
557 2155 586 2184 3.
618 2158 680 2192 [vs.
705 2155 771 2191 '204
816 2154 890 2184 'Non
920 2154 1151 2185 iustificabitur
1177 2164 1217 2184 ex

244 2198 397 2237 operibus
412 2196 512 2238 Legis
535 2198 640 2227 omnis
664 2207 751 2227 caro,
787 2196 847 2226 Hic
870 2195 989 2227 fatetur
1012 2197 1081 2227 fieri
1105 2207 1216 2237 opera.

244 2240 303 2270 Est
333 2250 429 2279 ergo,
460 2240 546 2280 quod
575 2241 617 2270 ad
640 2238 694 2269 illa
717 2246 851 2269 externa
875 2249 975 2279 opera
997 2240 1121 2276 attinet,
1146 2239 1217 2270 Lex

242 2281 426 2322 possibilis,
455 2282 513 2311 sed
543 2289 637 2322 negat
667 2288 801 2322 propter
824 2281 906 2311 haec
931 2292 1031 2321 opera
1053 2282 1217 2312 hominem

243 2325 361 2354 iustum
391 2334 466 2354 esse
495 2330 548 2354 aut
574 2325 655 2365 Legi
678 2324 880 2355 satisfactum
903 2334 988 2354 esse.
1034 2325 1106 2355 Non
1132 2326 1216 2355 enim

243 2365 391 2396 auferunt
425 2373 594 2406 peecatum
629 2373 658 2397 et
699 2368 779 2397 iram
807 2367 887 2403 Dei,
919 2365 971 2397 vel
1001 2369 1155 2397 tenebras
1183 2368 1215 2397 in

943 112 1052 142 pull..
1077 112 1178 144 MEl..
1201 111 1387 144 SCRIPTA
1408 110 1683 145 DOGMATICA.

2169 115 2235 148 664

1253 202 1448 240 Ecclesiam,
1470 210 1505 234 ut
1527 204 1702 234 discrimen
1726 203 1809 244 legis
1833 203 1907 242 Dei,
1933 214 2018 245 quae
2040 207 2159 238 iudicat
2184 209 2231 238 in·

1254 246 1374 276 teriora
1396 252 1545 285 peccata,
1569 251 1599 275 et
1623 243 1732 286 legum
1754 245 1982 284 humanarum,
2003 258 2088 287 quae
2107 255 2230 280 tantum

1252 286 1431 328 loquuntur
1453 288 1493 318 de
1517 294 1654 318 externa
1674 286 1857 328 disciplina,
1881 289 2118 328 conspiciatur;
2153 291 2231 322 Item

1254 337 1288 360 ut
1312 330 1500 371 magnitudo
1524 330 1757 360 beneficiorum
1780 328 1902 360 Christi
1929 338 2147 372 agnoscatur,
2177 334 2232 373 qui

1254 372 1329 402 ideo
1351 370 1431 402 tollit
1456 377 1640 412 peccatum,
1663 372 1739 412 quia
1761 371 1831 402 Lex
1855 382 1920 402 non
1943 372 2042 409 tollit;
2078 374 2154 404 Ideo
2178 381 2229 405 est

1255 413 1427 451 Mediator,
1450 420 1483 444 ut
1507 420 1640 454 propter
1669 415 1773 453 ipsum
1797 414 1898 444 simus
1921 415 2012 452 iusti,
2047 417 2122 455 quia
2155 415 2230 458 lege

1256 466 1321 486 non
1350 467 1462 486 sumus
1486 457 1578 490 iusti3
1624 456 1699 486 ldeo
1731 456 1830 486 donat
1857 456 1953 486 nobis
1978 456 2132 496 Spiritum
2155 469 2230 489 san-

1256 505 1360 536 ctum,
1393 504 1427 528 ut
1450 499 1481 528 in
1505 504 1594 528 tanta
1617 499 1802 528 infirmitate
1824 502 1931 528 tamen
1954 498 2126 530 inchoetur
2149 500 2230 537 Lex,

1256 547 1288 570 et
1310 540 1389 570 liant
1411 539 1519 580 aliqua
1542 538 1700 571 salutaria
1723 540 1819 570 nobis
1848 546 1880 570 et
1902 538 1993 578 aliis,
2022 547 2054 571 et
2077 543 2232 581 reprima-

1258 590 1309 612 tur
1332 581 1494 612 Diabolus
1518 583 1676 612 insidians
1701 583 1857 613 universo
1879 583 1990 622 generi
2014 582 2167 614 humano.

1342 624 1436 655 Nunc
1460 631 1491 654 et
1514 623 1651 655 alterum
1673 625 1795 655 dictum
1819 625 2062 655 consideretur:
2086 624 2232 656 Anathe-

1258 678 1311 697 ma
1336 667 1396 703 sit,
1425 667 1453 696 si
1482 666 1554 706 quis
1578 667 1672 704 dicit,
1702 665 1827 708 Legem
1850 676 1950 707 posse
1973 666 2041 697 fieri
2065 667 2135 698 sine
2158 678 2232 709 gra-

1258 710 1311 739 tia.
1356 708 1507 739 Brevitas
1536 707 1631 739 huius
1659 710 1736 739 dicti
1759 710 1854 740 etiam
1877 707 2021 748 postulat
2044 708 2232 749 explicatio-

1258 761 1342 781 nem.
1387 750 1470 781 Nam
1493 751 1599 791 gratia
1622 761 1688 782 non
1711 758 1835 782 tantum
1857 750 2054 792 intelligatur
2079 753 2120 782 de
2142 752 2232 783 auxi-

1257 792 1301 823 lio
1335 793 1478 832 Spiritus
1511 794 1635 830 sancti,
1669 794 1727 824 sed
1761 800 1932 834 utrumque
1966 793 2233 834 complectamur,

1259 835 1431 876 gratuitam
1453 836 1712 875 imputationem,
1735 845 1821 876 quae
1844 835 1879 865 fit
1901 842 2035 876 propter
2057 836 2233 875 Christum,

1259 884 1292 908 et
1320 876 1475 908 auxilium
1499 878 1640 918 Spiritus
1667 879 1782 908 sancti.
1827 877 1969 909 Primum
1992 878 2077 908 enim
2101 883 2230 919 oportet

1260 920 1414 960 operibus
1444 918 1638 960 praelucere
1661 921 1860 961 agnitionem
1883 918 2004 951 Christi
2028 926 2060 950 et
2083 920 2180 952 fidem
2201 921 2234 951 in

1261 961 1438 993 Christum.

1346 1004 1402 1035 Sic
1426 1014 1505 1046 ergo
1529 1005 1665 1045 primum
1687 1005 1886 1047 intelligatur
1907 1007 2033 1047 gratia:
2078 1006 2148 1037 Lex
2171 1005 2235 1037 Dei

1261 1047 1297 1078 fit
1318 1057 1378 1087 per
1399 1049 1548 1088 gratiam,
1571 1049 1603 1078 id
1625 1055 1693 1079 est:
1717 1048 1803 1083 Quia
1825 1049 1888 1079 fide
1911 1054 2046 1089 propter
2069 1047 2235 1079 Christum

1261 1090 1386 1129 recepti
1415 1100 1529 1121 sumus
1557 1096 1587 1121 et
1616 1089 1694 1122 facti
1723 1092 1868 1122 membra
1890 1090 2030 1128 Christi,
2059 1096 2149 1121 certo
2170 1091 2234 1121 iam

1261 1131 1430 1173 placemus
1442 1133 1527 1171 Deo,
1551 1134 1685 1174 perinde
1708 1144 1747 1164 ac
1771 1135 1798 1164 si
1816 1133 1941 1175 Legem
1963 1134 2089 1174 integre
2109 1132 2235 1163 facere-

1261 1185 1343 1204 mus.
1388 1174 1478 1205 Haec
1512 1183 1562 1206 est
1585 1177 1702 1216 ingens
1727 1177 1867 1213 bonitas,
1896 1176 1943 1206 ita
1964 1174 2098 1216 sepeliri
2119 1185 2235 1216 pecca-

1261 1224 1328 1247 tum
1350 1223 1381 1247 et
1405 1227 1465 1247 nos
1489 1219 1642 1255 indignos
1665 1219 1774 1259 recipi.

1346 1259 1474 1290 Deinde
1497 1251 1697 1301 intelligatur
1719 1261 1825 1302 gratia
1848 1262 1942 1291 etiam
1956 1261 1996 1291 de
2013 1260 2145 1298 auxilio,
2169 1271 2234 1302 quo

1259 1301 1478 1342 multipliciter
1512 1314 1596 1343 opus
1630 1309 1690 1333 est.
1734 1303 1863 1334 Mentes
1898 1310 1974 1334 sunt
2004 1304 2236 1334 accendendae

1258 1343 1332 1375 luce
1350 1355 1429 1375 vera
1451 1351 1481 1375 et
1506 1345 1693 1376 retinendae
1715 1346 1747 1376 in
1771 1347 1872 1376 verbo
1896 1346 1968 1376 Dei.
2024 1345 2134 1377 Motus
2159 1345 2235 1376 fidei

1258 1388 1290 1418 in
1324 1388 1424 1417 corde
1458 1389 1620 1418 excitandi
1650 1394 1744 1424 sunt,
1774 1388 1957 1418 movendae
1985 1388 2081 1418 etiam
2109 1394 2235 1419 mentes

1258 1435 1352 1466 sunt,
1376 1435 1412 1460 ut
1434 1430 1616 1470 suscipiant
1637 1428 1794 1460 salutaria
1819 1430 1915 1460 nobis
1939 1435 1972 1460 et
1994 1429 2084 1468 aliis,
2111 1436 2146 1461 ut
2168 1429 2235 1461 Da-

1258 1472 1313 1502 vid
1335 1472 1529 1502 movebatur
1551 1473 1592 1502 ad
1616 1473 1768 1509 exitiosa,
1792 1483 1866 1503 cum
1889 1482 1950 1502 suo
1967 1471 2076 1513 aliquo
2093 1471 2235 1503 humano

1260 1513 1400 1544 consilio
1414 1515 1595 1555 cogitasset
1608 1516 1648 1545 de
1662 1515 1862 1545 numerando
1874 1513 2007 1555 populo.
2028 1515 2166 1555 Semper
2176 1515 2235 1556 igi-

1259 1562 1311 1587 tur
1327 1562 1487 1596 petamuS,
1512 1563 1546 1587 ut
1566 1563 1596 1587 et
1609 1556 1682 1588 Deo
1696 1556 1859 1597 placentia
1873 1563 1904 1587 et
1916 1555 2007 1588 utilia
2019 1558 2115 1588 nobis
2129 1563 2161 1588 et
2172 1557 2235 1588 Ec-

1259 1598 1381 1629 clesiae
1416 1598 1586 1630 faciamus.
1642 1600 1693 1630 Ac
1728 1606 1876 1630 neutrum
1910 1599 1981 1630 fieri
2013 1605 2138 1640 potest,
2173 1600 2234 1630 nisi

1258 1641 1330 1671 Deo
1355 1652 1416 1672 nos
1439 1642 1616 1672 adiuvante
1639 1649 1669 1672 et
1692 1643 1906 1683 gubernante.
1952 1641 2085 1672 Certum
2108 1647 2159 1672 est
2179 1652 2235 1673 au·

1258 1691 1342 1720 tem,
1372 1683 1456 1715 velle
1485 1695 1558 1715 eum
1591 1686 1686 1715 nobis
1710 1685 1830 1715 adesse
1852 1690 1884 1714 et
1907 1694 2002 1724 opem
2025 1683 2128 1721 serre,
2161 1695 2235 1715 cum

1257 1728 1408 1766 petimus,
1443 1733 1478 1757 ut
1512 1726 1664 1758 Christus
1700 1726 1787 1757 clare
1821 1727 1923 1766 inquit
1958 1726 2050 1763 [Luc.
2076 1726 2127 1764 ll,
2155 1726 2234 1764 13.]:

1259 1769 1390 1803 Quanto
1424 1770 1529 1810 magis
1558 1769 1656 1800 Pater
1682 1776 1794 1800 vester
1827 1768 1981 1800 coelestis
2016 1769 2105 1799 dabit
2134 1768 2235 1809 Spiri-

1259 1817 1324 1841 tum
1355 1819 1504 1842 sanctum
1528 1813 1722 1852 petentibus.

1345 1854 1434 1885 Haec
1458 1855 1485 1884 si
1510 1855 1540 1884 in
1564 1856 1629 1885 vita
1654 1855 1890 1895 experiremur,
1914 1853 2014 1884 multo
2039 1853 2158 1885 clarius
2188 1855 2235 1885 in-

1259 1895 1360 1937 telligi
1391 1897 1540 1927 doctrina
1568 1903 1691 1937 posset.
1737 1897 1804 1927 Sed
1827 1898 1903 1937 quia
1924 1898 2021 1936 pauci
2043 1902 2156 1936 petunt
2177 1907 2234 1928 au-

1258 1938 1386 1976 xilium,
1416 1941 1479 1969 imo
1510 1941 1650 1980 quadam
1681 1940 1911 1979 desperatione
1940 1937 2105 1980 fugientes
2127 1938 2236 1970 Deum

1259 1988 1419 2022 quaerunt
1444 1982 1583 2012 humana
1607 1981 1767 2017 consilia3
1791 1981 1867 2011 Ideo
1892 1991 1957 2011 non
1979 1981 2174 2021 perveniunt
2192 1982 2235 2012 ad

1259 2025 1459 2064 agnitionem
1501 2023 1616 2054 harum
1649 2024 1901 2063 promissionum
1935 2029 1965 2053 et
2002 2022 2235 2054 beneficiorum

1259 2066 1390 2097 Christi.
1437 2066 1546 2101 Quare
1580 2066 1666 2097 hanc
1700 2067 1863 2107 ignaviam
1893 2072 1926 2096 et
1948 2065 2158 2096 diffidentiam
2181 2076 2236 2096 ex-

1260 2110 1434 2146 cutiamuS,
1469 2115 1501 2139 et
1523 2116 1744 2149 agnoscentes
1775 2109 2025 2150 magnitudinem
2047 2114 2235 2139 nostrarum

1259 2153 1463 2182 miseriarum
1487 2158 1517 2182 et
1541 2151 1760 2192 periculorum
1783 2152 1959 2182 excitemus
1982 2160 2043 2182 nos
2063 2151 2105 2181 ad
2122 2160 2235 2182 veram

1259 2195 1509 2226 invocationem.
1562 2194 1597 2225 ln
1627 2195 1689 2225 hac
1720 2195 1898 2225 sentiemus
1921 2192 2234 2234 promissionesDei

1260 2248 1355 2269 veras
1386 2248 1479 2275 esse,
1509 2239 1592 2268 sicut
1617 2238 1734 2268 dicitur
1758 2237 1837 2275 [ioh.
1866 2236 1914 2274 16,
1937 2237 2021 2274 244:
2063 2235 2185 2273 Petite,
2203 2242 2236 2266 et

1260 2281 1438 2320 accipietis.
1468 2280 1546 2310 Item
1572 2280 1642 2318 [Ps.
1669 2281 1740 2317 144,
1767 2279 1844 2318 18.]:
1870 2279 1976 2319 Prope
1999 2284 2048 2309 est
2073 2278 2234 2309 Dominus

1261 2324 1414 2354 omnibus
1445 2323 1675 2353 invocantibus
1701 2333 1774 2352 eum
1797 2323 1828 2352 in
1852 2322 2000 2352 veritate.

1344 2365 1386 2395 Ut
1422 2372 1528 2396 autem
1561 2366 1625 2395 iam
1660 2366 1690 2395 in
1725 2365 1811 2395 dicto
1840 2364 2030 2405 Hieronymi
2062 2369 2235 2404 utrumque

244 2415 349 2439 mente
383 2416 412 2438 et
436 2410 641 2439 aversionem
665 2421 682 2439 a
707 2409 779 2439 Deo
803 2410 834 2439 in
860 2407 1028 2440 voluntate
1048 2417 1079 2440 et
1104 2411 1214 2440 corde.
1235 2409 1238 2436 Ι
1260 2407 1422 2449 complexi
1445 2418 1569 2444 sumus,
1595 2407 1665 2438 Lex
1689 2408 1723 2438 fit
1746 2417 1804 2446 per
1827 2407 1973 2448 gratiam,
1998 2406 2030 2436 id
2053 2412 2115 2443 est,
2134 2406 2234 2446 impu-

327 2450 395 2480 Etsi
425 2451 522 2492 igitur
554 2451 761 2482 offenduntur
790 2452 849 2482 viri
879 2450 1016 2491 politici,
1049 2463 1121 2483 cum
1145 2452 1216 2484 Lex
1259 2453 1380 2481 tatione
1404 2457 1537 2491 propter
1561 2449 1725 2480 Christum
1749 2456 1781 2479 et
1803 2448 1925 2479 auxilio
1948 2448 2089 2488 Spiritus
2112 2448 2234 2483 sancti;

243 2492 303 2522 Dei
328 2493 443 2523 dicitur
464 2492 687 2533 11111)οεςὶ111115,
710 2500 817 2524 tamen
842 2495 873 2525 id
896 2495 1015 2524 dictum
1038 2505 1151 2525 verum
1165 2501 1215 2524 est

1258 2494 1341 2524 Nam
1372 2494 1467 2524 etiam
1491 2504 1563 2523 811111
1586 2492 1741 2523 inchoata
1764 2498 1815 2522 est
1834 2492 2030 2528 obedientia,
2052 2496 2161 2521 tamen
2179 2491 2234 2520 ad-

242 2535 282 2564 de
305 2534 366 2565 hac
390 2542 541 2575 corrupta
564 2542 695 2572 natura,
725 2543 755 2566 et
784 2546 924 2567 necesse
947 2543 999 2566 est
1021 2538 1069 2567 sic
1093 2537 1214 2567 docere
1236 2570 1237 2579 ἶ
1258 2536 1322 2567 11118
1353 2535 1468 2576 procul
1499 2537 1657 2566 absumus
1681 2546 1701 2565 a
1722 2533 1923 2574 perfectione
1947 2534 2060 2575 Legis,
2083 2533 2142 2564 sed
2165 2531 2233 2573 pla-
