2358 2933
236 131 300 162 499

237 223 443 253 conscientiis
469 222 640 254 iniiciendi.
654 224 702 263 ⁴⁶)
746 222 923 256 Praeterea
946 224 1029 257 haec
1051 227 1206 258 exercitia

236 264 354 294 debent
385 274 460 295 esse
493 272 666 304 perpetua,
699 274 764 295 non
798 273 921 297 tantum
955 269 1035 298 certi
1069 267 1205 300 alicuius

236 306 408 345 temporis:
426 306 563 346 ideoque
582 307 622 336 de
639 308 687 337 eis
705 308 861 348 praecipit
874 308 1029 341 Ecclesia
1046 317 1204 351 perpetuo

236 347 265 376 in
290 347 512 377 concionibus.

320 387 403 418 Fieri
426 394 456 418 et
479 388 542 419 hoc
562 395 679 428 potest,
703 397 737 421 ut
755 390 871 432 aliquis
891 392 964 431 pius
983 391 1083 424 faciat
1102 403 1205 434 opera

235 439 300 459 non
329 429 454 466 debita,
488 430 551 460 hoc
575 438 640 468 est,
674 439 706 462 ut
731 431 906 474 largiatur,
939 435 994 465 ubi
1025 436 1096 466 sine
1126 447 1203 467 con-

234 472 389 501 scientiae
412 471 589 503 offensione
612 480 738 513 poterat
761 485 828 505 non
851 474 973 517 largiri.
1008 476 1102 508 Sicut
1120 478 1204 509 Pau-

235 511 285 543 lus
309 513 410 552 gratis
438 514 650 553 praedicabat
673 515 905 558 Evangehum,
934 528 1008 549 cum
1037 520 1068 549 ei
1089 518 1204 551 liceret

234 563 372 594 poscere
403 556 533 586 victum.
580 556 670 588 Haec
694 565 770 589 sunt
793 560 927 601 egregia
950 570 1053 600 opera
1073 560 1204 592 liberta·

235 596 274 626 tis
303 598 452 637 spirituS,
486 604 517 628 et
546 606 621 629 sunt
645 610 763 641 magna
786 603 917 639 merita,
951 612 1012 633 nec
1033 603 1202 643 prohibeo,

234 648 298 679 quo
341 640 446 670 minus
491 647 650 671 vocentur
692 652 794 681 opera
831 646 1140 685 supererogationis,
1154 647 1202 686 ⁴⁷)

235 681 362 711 lnterim
393 690 498 711 tamen
530 682 675 723 intelligit
708 684 845 721 Paulus,
875 695 913 716 se
941 686 1050 717 adhuc
1079 687 1203 727 alioqui

235 721 349 761 procul
377 723 495 754 abesse
518 734 538 754 a
560 724 761 764 perfectione
784 725 885 767 legis,
914 728 991 767 quia
1013 728 1148 759 haerent
1171 729 1202 759 in

235 773 333 794 carne
356 765 533 805 ignoratio,
564 768 846 806 concupiscentia,
870 779 953 809 quae
977 771 1143 801 retardant
1165 771 1202 801 ti-

234 815 356 836 morem
379 812 408 836 et
434 806 539 838 fidem.

319 848 425 880 Citant
464 851 505 880 de
538 848 818 881 satisfactionibus
855 851 919 882 hoc
953 853 1074 883 dictum
1109 853 1203 884 Pauli

234 892 276 928 [l.
301 890 376 922 Cor.
402 891 452 928 11,
475 891 558 928 31ss
589 892 622 922 Si
648 902 708 921 nos
732 894 948 924 indicaremus
972 895 1044 934 ipsi,
1067 905 1133 925 non
1157 897 1203 926 iu—

234 934 415 964 dicaremur
455 944 474 963 a
508 932 666 969 Domin03
711 935 808 975 idque
848 936 896 966 sic
929 936 1202 977 interpretantur:

234 974 267 1005 Si
297 985 358 1005 nos
387 976 572 1014 puniremus
604 976 683 1015 ipsi,
713 986 779 1006 non
800 978 988 1017 puniremur
1009 989 1029 1009 a
1051 978 1204 1009 Domino.

233 1016 310 1047 Inde
329 1018 574 1054 ratiocinantur.
594 1018 718 1048 nostris
737 1020 852 1058 poenis
873 1018 943 1049 tolli
960 1029 1099 1060 poenas,
1120 1030 1203 1061 quas

233 1057 324 1089 Deus
348 1059 494 1090 minatur.

319 1101 370 1130 Ad
398 1100 462 1131 hoc
485 1101 687 1148 respondeo:
716 1101 854 1133 Paulum
876 1113 943 1133 non
965 1113 1067 1144 posse
1089 1102 1204 1134 intelli-

234 1143 266 1183 gi
294 1142 335 1172 de
364 1140 427 1171 illis
457 1143 735 1174 satisfactionibus
767 1145 936 1180 indebitisz
975 1146 1034 1176 sed
1064 1155 1204 1176 necesse

234 1192 282 1214 est
306 1194 378 1215 eum
401 1185 504 1224 accipi
528 1185 568 1215 de
591 1192 659 1215 tota
683 1187 889 1226 poenitentia.
930 1186 972 1217 Et
994 1188 1140 1218 iudicare
1162 1189 1204 1218 si-

234 1226 365 1298 gnificat
389 1236 466 1256 vere
489 1233 520 1256 et
543 1237 583 1259 ex
607 1227 714 1258 animo
737 1229 894 1259 damnare
920 1235 1110 1268 peccatum,
1139 1229 1204 1260 hoc

248 1269 268 1297 't
292 1269 323 1298 in
348 1269 542 1299 contritione
566 1276 594 1299 et
620 1275 689 1299 tota
711 1271 921 1309 poenitentia.
955 1270 1061 1301 Porro
1085 1272 1205 1302 dictum

234 1316 283 1341 est
307 1320 418 1350 supra,
441 1311 580 1351 mitigari
603 1317 657 1342 aut
681 1311 748 1341 tolli
772 1322 897 1351 poenas
921 1311 1118 1353 temporales
1137 1319 1206 1344 tota

235 1352 431 1393 poenitentia
460 1359 489 1382 et
514 1353 631 1383 debitis
655 1354 825 1393 operibus:
870 1355 967 1395 idque
989 1355 1127 1394 prodest
1150 1356 1206 1386 do-

234 1404 318 1425 cere.
364 1394 455 1424 Sicut
485 1400 515 1424 et
538 1394 655 1425 Esaias
686 1397 781 1427 docet
805 1407 875 1436 cap.
899 1396 950 1427 58.
974 1399 1038 1434 [vs.
1061 1397 1106 1434 4.]
1151 1398 1206 1428 ubi

235 1443 267 1467 et
300 1437 461 1476 vituperat
489 1436 680 1467 traditiones
715 1444 745 1468 et
780 1439 913 1478 requirit
946 1439 1055 1469 debita
1087 1448 1204 1478 opera:

236 1478 323 1510 Ecce
345 1480 385 1509 ad
408 1478 481 1510 lites
500 1488 530 1510 et
555 1480 782 1510 contentiones
808 1480 958 1510 ieiunatis
982 1486 1044 1511 etc.
1088 1480 1207 1511 Nonne

235 1520 298 1554 hoc
337 1522 485 1553 ieiunium
522 1523 626 1563 magis
661 1520 825 1563 elegi·3⁴S)
881 1521 1011 1563 Frange
1051 1523 1207 1553 esurienti

235 1575 351 1605 panem
381 1571 442 1594 etc.
473 1571 549 1594 unic
583 1564 647 1594 eris
682 1563 770 1594 velut
804 1563 919 1594 hortus
953 1565 1107 1605 irriguus.
1152 1564 1206 1595 Ad

237 1607 374 1637 eundem
414 1606 543 1636 moduni
582 1606 819 1636 concionantur
850 1606 974 1645 passim
1007 1605 1204 1646 Prophetae.

236 1648 332 1679 Mich.
351 1648 381 1677 6.
407 1651 469 1685 [vs.
490 1648 534 1685 7.]
576 1648 730 1688 Nunquid
753 1647 878 1687 placari
901 1654 1009 1688 potest
1032 1649 1127 1679 Deus
1149 1649 1206 1678 mi-

236 1689 320 1721 libus
349 1690 484 1720 arietum
508 1696 569 1719 etc.
614 1689 767 1720 Indicabo
798 1690 873 1726 tibi,
907 1691 985 1730 quid
1013 1690 1055 1721 sit
1084 1691 1206 1721 bonum

236 1739 267 1769 et
289 1733 364 1777 quid
388 1731 531 1773 requirat
554 1730 664 1762 Deus:
689 1731 813 1762 Facere
836 1732 990 1762 iustitiam
1013 1738 1045 1762 et
1069 1731 1207 1773 diligere

236 1775 489 1810 misericordiam
508 1780 538 1805 et
559 1774 591 1805 in
607 1774 721 1806 timore
735 1772 906 1805 ambulare
925 1784 1035 1805 coram
1047 1773 1120 1804 Deo
1139 1779 1206 1804 tuo.

323 1820 389 1850 Sed
402 1818 571 1849 obiiciunt:
595 1816 736 1847 Peccata
749 1821 914 1847 merentur
925 1824 1064 1857 poenas,
1083 1814 1208 1846 nullum

239 1863 335 1903 igitur
358 1861 527 1891 remittitur
549 1865 731 1899 peccatum,
755 1859 817 1888 nisi
840 1857 970 1898 aliquae
992 1868 1120 1898 poenae
1142 1854 1208 1887 sol-

240 1909 372 1934 vantur:
407 1912 504 1943 ergo,
542 1912 615 1931 cum
646 1910 704 1940 per
738 1901 968 1939 poenitentiam
1002 1900 1208 1930 remittuntur

240 1950 391 1985 peccata,
415 1944 511 1974 habet
534 1943 605 1982 ipsa
627 1943 824 1982 poenitentia
846 1943 1005 1972 rationem
1026 1950 1155 1981 poenae
1177 1946 1209 1970 et

242 1985 527 2026 compensationis,
550 1985 687 2025 ideoque
709 1982 904 2014 cumulanda
927 1989 976 2013 est
998 1981 1107 2014 multis
1131 1992 1208 2023 poe-

243 2029 292 2058 nis·
312 2033 373 2058 etc.
408 2027 479 2057 Hoc
503 2036 589 2056 novo
613 2025 689 2057 fuco
708 2026 844 2066 pingunt
862 2025 925 2056 iarn
944 2023 1090 2056 nonnulli
1113 2025 1209 2055 satis-

242 2068 425 2100 factionem.
468 2068 533 2098 Sed
555 2074 693 2107 utraque
715 2068 950 2108 consequentia
972 2067 1125 2108 neganda
1148 2072 1208 2096 est.

244 2112 316 2141 Non
351 2116 399 2141 est
434 2111 517 2140 enim
547 2119 675 2140 verum:
710 2107 799 2139 nulla
829 2116 967 2149 peccata
993 2110 1064 2139 sine
1093 2108 1208 2148 poenis

245 2152 376 2187 remitti;
399 2152 462 2181 imo
481 2160 581 2191 saepe
599 2151 752 2190 promittit
764 2150 857 2180 Deus
875 2151 1100 2181 remissionem
1114 2151 1209 2181 etiam

246 2193 471 2232 temporalium
494 2202 669 2232 poenarum
693 2192 756 2228 his,
779 2193 832 2232 qui
851 2199 949 2233 agunt
970 2193 1209 2233 poenitentiam.
1232 2212 1234 2219 ,

247 2235 286 2265 Et
310 2240 359 2265 est
381 2241 493 2264 notum
517 2233 701 2274 exemplum
725 2233 868 2265 Ninive&
903 2234 1080 2265 Praeterea
1101 2234 1210 2273 poeni-

247 2278 346 2307 tentia
369 2276 577 2315 consequitur
599 2276 821 2306 remissionem
844 2286 1033 2315 poenarum,
1055 2286 1122 2306 non
1143 2281 1211 2306 tan-

251 2404 295 2429 46)
322 2401 462 2430 inficiendi]
481 2401 520 2425 Ed.
544 2402 561 2424 1.
581 2405 627 2430 typ.
648 2406 747 2425 errore:
768 2401 935 2431 inquijciendi.

252 2453 297 2480 47)
321 2450 562 2480 supererogationis]
585 2450 655 2474 Editt.
678 2452 697 2474 1.
717 2452 740 2475 2.
767 2451 832 2475 male
853 2450 1009 2475 disiunctim:
1030 2456 1107 2480 super
1125 2456 1214 2480 eroga·

321 2484 393 2508 tionis

253 2535 298 2562 48)
323 2533 416 2563 elegi‘ss
434 2533 468 2556 sic
487 2532 557 2556 Editt.
578 2532 600 2556 2.
619 2532 692 2554 4—9.
716 2534 820 2557 11—14.
840 2534 865 2556 et
883 2533 956 2562 Onu:
975 2533 1016 2557 Ed.
1038 2534 1058 2557 1.
1077 2533 1161 2562 elegit.

860 132 969 165 PmL.
990 132 1093 166 MEL.
1116 133 1301 168 SCRIPTA
1322 134 1598 169 DOGMATICA.

1234 2432 1236 2472 ἶ
1258 2443 1409 2473 tinebant.

2157 144 2220 176 500

1251 237 1349 268 quam
1371 229 1608 269 compensatio,
1633 229 1692 260 sed
1714 236 1847 270 propter
1869 232 2118 271 promissionem
2141 235 2218 266 divi·

1251 279 1326 300 nam
1359 270 1475 308 [Zach.
1501 271 1530 307 l,
1553 270 1615 309 3.]:
1650 270 1881 303 convertimini
1913 273 1955 304 ad
1988 284 2056 312 me,
2090 282 2123 306 et
2156 286 2218 318 ego

1251 318 1427 343 convertar
1455 313 1497 343 ad
1528 322 1599 343 vos.
1644 313 1710 343 Sed
1737 312 1821 344 haec
1844 314 2032 355 Sophistica
2057 316 2135 348 nolo
2165 328 2218 349 co-

1249 353 1374 393 piosius
1396 355 1561 395 persequi,
1585 360 1708 385 tantum
1726 356 1902 387 admonere
1924 357 2093 389 studiosos
2117 359 2219 393 volui.

1249 401 1424 442 propterea
1454 397 1543 436 quod
1573 396 1635 427 hac
1661 406 1749 427 nova
1777 397 1984 429 cavillatione
2012 401 2142 441 quidam
2165 394 2219 432 deL

1250 437 1385 468 tendunt
1397 437 1666 470 satisfactionem.
1695 438 1802 469 Habet
1814 441 1897 470 enim
1908 440 2095 481 hypocrisis
2113 443 2220 474 multi·

1249 477 1325 518 plex
1347 479 1527 510 artificium.
1562 479 1644 511 lllud
1662 481 1767 521 magis
1785 481 1872 520 pium
1891 488 1941 512 est
1964 492 2004 513 ac
2026 484 2218 524 simplicius,

1248 530 1315 550 non
1336 528 1532 562 arroganter
1559 524 1683 552 sentire
1710 524 1750 553 de
1773 527 1886 554 nostra
1908 525 2122 564 poenitentia,
2157 537 2220 558 nec

1249 563 1392 593 tribuere
1403 564 1622 603 poenitentiae
1635 565 1793 595 rationem
1805 565 1899 605 pretii
1909 575 1970 597 seu
1982 569 2220 607 compensatio-

1249 604 1299 634 nis
1322 615 1383 645 pro
1406 606 1632 645 superioribus
1656 605 1792 637 delictis.
1821 606 1882 637 Est
1900 608 1986 638 enim
2008 618 2096 639 nova
2120 615 2152 639 et
2163 611 2220 641 de-

1250 646 1316 676 bita
1339 647 1541 684 obedientia,
1575 653 1607 678 et
1635 650 1714 678 satis
1739 655 1806 684 est,
1837 658 1990 680 caussam
2017 652 2220 682 remissionis

1249 696 1309 718 seu
1325 689 1536 727 mitigationis
1554 699 1733 728 poenarum
1752 688 1904 721 conferre
1916 691 1946 721 in
1964 692 2220 724 misericordiam

1249 735 1282 759 et
1303 731 1554 769 promissionem
1577 730 1648 761 Dei.

1334 769 1491 811 Allegant
1514 778 1546 802 et
1569 771 1728 813 exempla.
1765 773 1872 804 David
1896 781 1972 814 post
1994 776 2221 807 remissionem

1251 811 1368 852 culpae
1397 812 1550 853 plectitur
1579 812 1675 844 exilio
1704 820 1736 845 et
1764 814 1850 845 bello
1874 816 1972 846 civili.
2016 817 2122 847 Adam
2143 824 2220 857 post

1251 855 1477 885 remissionem
1511 854 1627 894 culpae
1660 857 1829 887 subiicitur
1861 859 1956 888 morti
1991 858 2155 898 corporali
2188 865 2220 890 et

1251 896 1392 925 caeteris
1426 897 1589 927 aerumnis
1620 896 1716 928 huius
1743 898 1840 928 vitae.
1896 898 1948 929 De
1981 899 2033 929 his
2063 900 2221 941 exemplis

1250 947 1352 977 supra
1374 938 1495 968 dictum
1514 944 1577 976 est,
1600 949 1700 979 saepe
1713 941 1758 976 ⁴⁹)
1781 939 1936 970 divinitus
1959 939 2062 982 infligi
2084 951 2222 981 poenas,

1250 979 1311 1009 sed
1332 978 1395 1009 hae
1417 978 1497 1010 nihil
1518 980 1560 1011 ad
1584 980 1696 1011 claves
1719 981 1897 1020 pertinent3
1926 991 1990 1012 nec
2011 983 2158 1023 sequitur
2181 993 2223 1014 ex

1249 1019 1302 1050 his
1337 1020 1513 1061 exemplis,
1552 1032 1676 1061 poenas
1714 1021 1789 1052 illas
1823 1021 1893 1053 tolli
1925 1033 1984 1063 per
2017 1025 2222 1056 ceremonias

1251 1061 1527 1100 satisfactionum,
1551 1064 1628 1097 sed,
1649 1070 1685 1095 ut
1708 1064 1828 1094 dictum
1853 1070 1920 1101 est,
1942 1065 2132 1107 mitigantur
2153 1072 2223 1098 tota

1250 1105 1462 1144 poenitentia.
1507 1105 1549 1135 Et
1576 1115 1676 1145 supra
1698 1106 1867 1143 admonui,
1902 1116 1968 1136 non
1991 1116 2123 1147 semper
2145 1117 2223 1139 esse

1250 1155 1374 1186 poenas
1403 1152 1568 1178 certorum
1596 1146 1791 1178 delictorum
1819 1157 1876 1179 eas
1900 1146 2110 1186 afflictiones,
2138 1158 2222 1190 quas

1251 1188 1358 1218 sancti
1380 1189 1552 1219 sustinent.

1338 1229 1435 1264 Quod
1456 1236 1565 1261 autem
1587 1236 1716 1261 veteres
1740 1231 1918 1271 scriptores
1942 1230 2167 1262 Ecclesiastici
2189 1238 2223 1263 et

1252 1270 1398 1302 Concilia
1420 1272 1618 1302 mentionem
1639 1271 1764 1302 faciunt
1785 1272 2063 1310 Satisfactionum,
2085 1273 2224 1314 loquun-

1253 1319 1304 1343 tur
1327 1314 1367 1343 de
1390 1314 1453 1344 ritu
1475 1324 1516 1344 ac
1539 1313 1732 1354 spectaculo
1755 1315 1806 1345 sui
1828 1314 1995 1354 temporis,
2019 1324 2082 1345 nec
2105 1316 2223 1346 sentie-

1252 1356 1331 1386 bant
1358 1355 1506 1386 homines
1536 1365 1575 1386 eo
1606 1356 1669 1386 ritu
1698 1356 1815 1386 mereri
1847 1356 2072 1386 remissionem
2105 1355 2223 1397 culpae

1253 1402 1309 1428 aut
1331 1407 1521 1436 poenarum,
1544 1398 1722 1437 purgaton'i
1740 1403 1796 1429 aut
1818 1396 1970 1433 aliarum3
1993 1398 2053 1428 sed
2075 1399 2224 1428 sciebant

1253 1438 1420 1479 politicum
1442 1448 1564 1469 morem
1586 1437 1759 1470 Ecclesiae
1782 1448 1859 1469 esse
1880 1439 2062 1470 institutum
2083 1439 2224 1470 humana

1253 1481 1447 1511 auctoritate
1470 1479 1607 1520 exempli
1630 1490 1749 1511 caussa
1771 1481 1813 1511 ad
1832 1486 1988 1511 caeteros·
2001 1480 2222 1511 dehortandos

1254 1531 1273 1552 a
1295 1522 1428 1563 flagitiis
1452 1528 1508 1553 aut
1530 1523 1572 1552 ad
1591 1521 1813 1562 explorandos
1838 1532 1908 1560 eos,
1921 1522 1975 1562 qui
1986 1523 2030 1553 ad
2040 1521 2224 1553 Ecclesiam

1254 1565 1414 1601 redibant,
1437 1574 1479 1594 an
1502 1574 1542 1594 ex
1564 1565 1671 1594 animo
1695 1564 1920 1603 resipuissent.
1963 1563 2004 1594 Et
2027 1564 2223 1595 Ambrosius

1254 1607 1375 1637 diserte
1408 1607 1526 1646 inquit:
1562 1607 1643 1636 satis
1672 1615 1766 1643 esse,
1800 1606 1828 1636 si
1851 1607 1883 1636 in
1913 1607 1980 1636 vita
2008 1604 2112 1636 semel
2140 1605 2224 1637 haec

1253 1647 1383 1687 publica
1413 1648 1611 1688 poenitentia
1639 1648 1704 1678 fiat.
1754 1647 1882 1682 Quibus
1912 1648 2022 1678 verbis
2050 1647 2223 1688 significat,

1253 1700 1320 1720 non
1343 1690 1463 1730 requiri
1484 1689 1560 1720 illas
1572 1689 1822 1721 satisfactiones
1842 1690 1884 1720 ad
1907 1690 2131 1720 remissionem
2149 1699 2224 1729 pec—

1255 1738 1414 1769 catorum,
1434 1730 1555 1772 alioqui
1573 1732 1671 1763 toties
1689 1732 1841 1762 iussisset
1859 1732 1970 1771 repeti,
1994 1732 2120 1772 quoties
2140 1740 2224 1771 opus

1255 1779 1305 1804 est
1327 1774 1536 1814 poenitentia.

1340 1815 1381 1845 Et
1405 1825 1445 1845 ex
1467 1814 1523 1845 illo
1547 1815 1649 1846 veteri
1672 1825 1764 1846 more
1787 1821 1878 1845 ortae
1894 1819 1971 1845 sunt
1992 1812 2226 1855 indulgentiae,

1255 1865 1338 1898 quas
1357 1857 1405 1887 sic
1422 1863 1553 1894 vocant,
1572 1867 1657 1897 quae
1673 1856 1753 1887 nihil
1764 1856 1852 1887 aliud
1863 1862 1940 1886 sunt
1951 1865 1991 1886 ac
2002 1854 2145 1892 fuerunt,
2161 1855 2224 1886 nisi

1255 1898 1382 1930 illarum
1394 1897 1599 1938 publicarum
1611 1908 1789 1938 poenarum
1801 1898 2072 1928 condonationes.
2102 1896 2225 1927 Postea

1255 1940 1403 1972 homines
1434 1940 1557 1971 indocti
1584 1946 1639 1970 aut
1662 1940 1758 1970 etiam
1782 1939 1919 1979 improbi
1941 1939 2157 1970 vendiderunt
2178 1939 2225 1969 in-

1255 1982 1440 2024 dulgentias
1463 1982 1649 2023 ingentibus
1668 1981 1853 2020 promissis,
1876 1981 1969 2022 quasi
1992 1986 2104 2011 essent
2125 1989 2224 2020 quae-

1256 2026 1329 2056 dam
1353 2025 1510 2054 certiores
1529 2029 1561 2053 et.
1579 2021 1783 2053 liberaliores
1803 2023 2013 2053 remissiones
2031 2031 2225 2063 magnorum

1256 2066 1449 2097 delictorum
1472 2071 1503 2095 et
1524 2074 1713 2105 poenarum,
1736 2070 1768 2094 et
1787 2063 1983 2095 affinxerimt
2005 2073 2043 2094 se
2066 2064 2100 2099 in
2120 2061 2225 2094 indul-

1255 2109 1374 2148 gentiis
1396 2107 1558 2147 impertire
1591 2105 1663 2137 aliis
1692 2106 1858 2145 superflua
1884 2107 1998 2137 merita
2025 2111 2225 2136 sanctorum.

1257 2150 1303 2180 lta
1334 2148 1433 2181 multa
1461 2154 1552 2179 erant
1579 2148 1724 2178 absurda
1751 2149 1783 2178 in
1811 2147 1876 2178 illis
1906 2148 2111 2188 imposturiS,
2141 2155 2226 2187 quae

1257 2190 1354 2222 facile
1377 2191 1509 2222 iudicari
1527 2196 1667 2230 possunt
1685 2200 1705 2220 a
1722 2190 1785 2230 piis
1806 2196 1837 2220 et
1855 2190 2062 2220 mediocriter
2079 2189 2224 2220 eruditis-

1258 2233 1338 2265 Cum
1372 2234 1455 2264 enim
1488 2231 1709 2272 indulgentiae
1749 2237 1871 2263 tantum
1905 2232 1970 2263 sint
2003 2230 2225 2262 relaxationes

1259 2282 1403 2306 veterum
1434 2284 1610 2310 canonum,
1643 2283 1708 2304 una
1739 2283 1812 2304 cum
1842 2271 1906 2303 illis
1934 2273 2115 2305 canonibus
2146 2272 2226 2302 anti-

1258 2324 1374 2357 quatae
1397 2323 1472 2347 sunt
1496 2322 1525 2346 et
1549 2317 1640 2355 ipsae
1663 2314 1890 2356 indulgentiae.
1924 2315 2027 2345 Erant
2049 2319 2157 2344 autem
2179 2312 2225 2344 illi

1259 2369 1401 2389 canones
1425 2369 1464 2388 ac
1488 2367 1596 2388 mores
1620 2357 1780 2387 humanae
1805 2357 2005 2393 traditiones,
2028 2362 2060 2386 et
2083 2354 2162 2386 nihil
2183 2355 2227 2385 ad

1259 2402 1482 2431 remissionem
1506 2398 1621 2439 culpae
1644 2405 1698 2429 aut
1720 2408 1898 2438 poenarum
1924 2408 2034 2428 coram
2056 2397 2129 2427 Deo
2152 2406 2225 2436 per-

1467 2441 1575 2475 Quare
1613 2439 1713 2471 multo
1753 2441 1858 2470 minus
1898 2438 2118 2480 indulgentiae
2151 2437 2225 2469 illae

1261 2533 1307 2560 49)
1331 2533 1419 2561 saepe]
1438 2532 1480 2556 Ed.
1502 2533 1522 2554 1.
1541 2535 1590 2561 tyn.
1611 2538 1710 2557 errore:
1730 2538 1806 2561 senae
