2358 2933
86 115 149 147 353

87 207 312 248 propriissime
335 205 436 236 οὐσίαν
458 215 517 245 per
540 215 577 236 se
595 206 837 236 subsistentem.
883 204 1057 243 Sapientia,

87 251 232 286 bonitas,
261 247 504 285 misericordia,
533 249 654 278 iustitia
682 258 747 277 non
779 252 855 277 sunt
877 247 1059 277 accidentia

87 293 119 322 in
152 291 236 322 Deo.
299 290 366 321 Sed
399 291 484 321 sicut
519 291 695 330 potentiam
728 300 794 319 non
825 287 1005 320 divellimus
1040 298 1059 318 a

88 333 282 369 substantia,
305 333 355 362 sic
376 342 440 362 nec
463 333 656 372 sapientiam
674 342 735 362 nec
755 332 932 361 bonitatem
948 341 967 360 a
984 331 1059 361 sub-

88 376 208 406 stantia
231 384 437 413 separamus
461 375 544 404 Nam
567 375 711 414 potentia
730 374 839 413 reipsa
863 378 914 403 est
932 374 1059 413 sapien-

88 419 143 454 tia,
169 417 309 453 bonitas,
333 422 364 446 et
388 416 510 447 similes
534 417 635 453 vires,
657 422 692 446 ut
714 416 760 446 ita
784 416 899 445 dicam.

327 493 503 518 TESTIMONIA
520 493 558 517 DE
577 493 701 517 UNITATE
718 493 774 517 DEI.
786 492 821 521 10)

172 543 268 574 Ν11110
302 551 496 583 quaeremus
529 541 717 572 testimonia
756 542 797 572 de
829 542 953 571 unitate
987 540 1059 570 Dei.

86 586 184 617 Deut.
207 585 238 616 6.
264 588 326 622 [vs.
350 585 380 614 4.
390 587 413 622 2]
436 584 533 621 Audi,
556 582 671 620 Israel,
684 583 845 613 Dominus
865 583 957 613 Deus
973 589 1060 613 tuus.

86 628 248 659 Dominus
271 632 343 658 tuus
368 632 429 657 est.

172 670 290 700 Esaias
313 669 365 699 44.
389 671 454 706 [vs.
477 667 537 706 6.:]
556 668 646 698 Haec
663 666 966 701 ‹licit11)D0minus
990 666 1061 697 Rex

87 711 189 743 Israel
226 717 258 741 et
298 712 486 750 redemptor
526 711 612 747 eius,
652 709 813 740 Dominus
850 711 1059 740 exercituum.

86 754 160 795 Ego
185 763 256 783 sum
278 753 400 793 primus
426 758 457 783 et
481 753 696 789 novissimus,
721 758 751 782 et
773 758 906 792 praeter
928 762 1060 782 menon

88 802 139 827 est
161 795 266 825 Deus.

172 837 289 868 Esaias
320 837 372 867 45.
405 840 488 874 [vss.
511 837 532 867 5
554 855 596 858 -—
620 837 679 874 7.:1
709 836 781 878 Ego
806 847 876 867 sum
900 836 1004 874 Deus,
1029 843 1061 867 et

86 890 153 911 non
177 886 229 910 est
250 879 336 911 ullus
360 886 542 919 praeterea,
565 885 696 919 praeter
718 889 769 909 nie
792 889 858 909 non
881 885 932 910 est
955 879 1059 909 Deus.

86 922 159 963 Ego
177 922 270 953 Deus
295 928 327 952 et
345 932 411 952 non
436 927 487 952 est
509 920 604 959 alius,
617 920 764 952 formans
777 920 884 952 lucem
897 926 929 952 et
942 931 1060 951 creans

88 965 253 995 tenebras.
299 964 379 994 Item
403 964 492 1002 [ibid.
516 974 587 994 vss.
614 963 795 1001 18—20.:]‚
819 974 884 994 non
904 970 955 994 est
977 963 1060 994 alius

87 1006 180 1037 Deus
208 1012 340 1046 praeter
357 1016 427 1043 me,
460 1005 552 1036 Deus
576 1007 679 1036 iustus
706 1011 738 1036 et
761 1005 897 1036 salvans
920 1016 987 1036 non
1011 1012 1062 1036 est

87 1054 218 1089 praeter
246 1058 308 1078 me.
365 1047 598 1078 Convertimini
631 1048 673 1077 ad
706 1058 757 1077 me
793 1054 824 1078 et
858 1046 942 1079 salvi
972 1049 1060 1078 eritis

88 1100 201 1121 omnes
220 1089 303 1120 fines
327 1096 446 1127 terrae,
470 1090 544 1130 quia
569 1099 632 1130 ego
656 1100 728 1120 sum
747 1089 841 1121 Deus
865 1096 897 1120 et
920 1101 986 1121 non
1010 1097 1062 1121 est

87 1131 182 1163 alius.

175 1175 204 1204 1.
229 1173 376 1205 Corinth.
400 1173 430 1204 S.
456 1176 538 1210 [vss.
562 1173 656 1204 4-6.
668 1177 689 1212 :]
720 1174 848 1204 Scimus
873 1175 960 1215 quod
982 1174 1061 1205 nihil

87 1222 139 1247 est
160 1215 281 1247 idolum
305 1217 337 1246 in
355 1216 486 1253 mundo,
511 1221 543 1246 et
562 1217 650 1256 quod
673 1215 782 1247 nullus
807 1222 858 1247 est
871 1216 954 1247 alius
966 1217 1060 1247 Deus

86 1259 150 1289 nisi
172 1268 267 1290 unus.
312 1259 396 1288 Nam
420 1259 482 1288 etsi
505 1264 582 1288 sunt
606 1259 659 1297 qui
683 1259 834 1289 dicuntur
846 1259 911 1296 Dii,
935 1261 1006 1290 sive
1029 1260 1061 1289 in

87 1299 181 1331 coelo
201 1301 271 1330 sive
292 1301 325 1330 in
348 1306 447 1336 terra,
470 1300 566 1330 sicuti
585 1306 661 1330 sunt
679 1300 732 1330 Dii
755 1300 863 1338 multi,
886 1308 918 1332 et
941 1302 1061 1332 domini

85 1341 194 1378 multi;
224 1343 320 1372 nobis
346 1347 454 1372 tamen
483 1352 568 1373 unus
596 1348 647 1372 est
670 1342 763 1373 Deus
786 1343 901 1381 Pater,
932 1354 972 1374 ex
996 1355 1060 1385 quo

87 1384 194 1415 omnia
206 1389 239 1414 et
250 1394 312 1415 nos
325 1385 357 1414 in
376 1383 443 1421 illo,
456 1391 488 1415 et
501 1394 585 1415 unus
598 1384 761 1416 Dominus
781 1386 875 1417 Iesus
896 1385 1061 1424 Christus,

85 1436 145 1467 per
168 1436 264 1467 quem
288 1427 397 1457 omnia
415 1432 446 1457 et
468 1437 530 1457 nos
553 1437 612 1466 per
631 1437 714 1458 eum.

172 1468 294 1508 Ephes.
310 1470 352 1505 [4.
366 1479 417 1499 vs-
441 1469 471 1499 6.
482 1473 503 1507 z]
528 1469 622 1500 Unus
646 1469 739 1501 Deus
751 1477 783 1501 et
796 1470 895 1501 Pater
907 1472 1061 1509 omnium,

87 1511 142 1551 qui
165 1520 265 1550 super
289 1521 403 1542 omnes
428 1517 458 1542 et
480 1521 540 1552 per
563 1513 680 1543 onmia.

173 1553 268 1583 Hunc
290 1552 473 1590 articulum,
498 1559 532 1584 ut
561 1553 644 1584 alios
674 1555 834 1591 omittam,
868 1554 1061 1586 Manicheus

88 1595 299 1635 oppugnavit.
346 1595 429 1630 Quia
452 1606 517 1625 non
540 1596 712 1626 videbatur
735 1598 764 1627 ei
795 1603 1061 1633 consentaneum,

87 1638 226 1668 eundem
260 1647 336 1667 esse
368 1643 516 1668 autorem
545 1644 576 1668 et
607 1638 808 1669 conditorem
840 1640 1000 1670 bonorum
1029 1647 1061 1671 et

86 1678 256 1710 malorum.
285 1679 362 1709 Ideo
386 1680 477 1710 finxit
500 1680 564 1711 ‹luo
588 1681 746 1720 principia
768 1682 891 1721 pariter
914 1688 1060 1713 coaeter-

86 1731 146 1758 na,
174 1720 239 1752 1100
262 1727 328 1757 est,
360 1722 443 1753 duos
466 1721 576 1759 Deos,
599 1721 736 1753 alterum
760 1724 891 1760 bonum,
914 1730 1062 1755 autorem

87 1764 260 1800 bonorum,
285 1763 424 1794 alterum
447 1763 585 1802 1113111111,
609 1770 755 1795 autorem
779 1765 948 1796 malorum.
994 1766 1062 1797 Ad-

87 1815 205 1836 versus
236 1805 322 1836 hane
353 1806 549 1846 impietatem
584 1812 696 1837 tenere
726 1814 856 1847 oportet
880 1810 1061 1840 sententias

88 1848 130 1878 de
151 1848 275 1878 unitate
298 1847 371 1878 Dei.
417 1849 502 1883 Quid
532 1855 640 1879 autem
667 1851 931 1890 respondendum
956 1852 996 1881 sit
1021 1853 1061 1882 de

88 1890 212 1930 origine
235 1889 329 1927 mali,
359 1891 503 1921 dicemus
527 1889 610 1921 infra
634 1892 674 1921 de
697 1893 875 1923 creatione.
921 1894 1062 1935 Excogi-

87 1938 237 1963 taverunt
265 1938 298 1962 et
327 1932 544 1963 Valentiniani
574 1934 798 1975 prodigiosam
827 1934 1061 1967 multitudinem

87 1975 233 2012 deorum,
256 1985 341 2015 quae
359 1973 457 2006 facile
479 1981 589 2015 potest
611 1975 756 2007 refutari.

184 2067 244 2098 DE
268 2067 426 2099 TRIBUS
448 2068 664 2100 PERSONIS
686 2069 963 2102 D1V1N1'1‘ATIS.

175 2133 344 2175 Scriptura
376 2136 471 2166 docet
500 2147 599 2167 unum
629 2148 704 2168 esse
733 2137 856 2176 Deum,
891 2145 921 2169 et
953 2145 1061 2169 tamen

87 2177 192 2208 tribus
231 2179 384 2218 personis
418 2179 528 2209 tribuit
569 2180 710 2210 divinam
740 2182 925 2211 essentiam.
988 2182 1060 2212 Sta-

89 2220 241 2250 tuendum
267 2226 315 2250 est
340 2221 448 2261 igitur,
463 2221 567 2251 Unam
587 2228 711 2253 tantuin
730 2224 871 2254 divinam
886 2225 1061 2254 essentiam

89 2271 182 2298 esse,
211 2268 242 2291 et,
272 2262 333 2292 has
362 2273 524 2302 personas
555 2266 690 2295 eandem
721 2267 897 2296 essentiam
926 2266 1060 2304 habere,

89 2309 120 2333 et
141 2310 176 2334 ut
200 2305 302 2334 verbo
322 2307 439 2346 synodi
463 2312 545 2343 utar,
570 2306 789 2344 ὁμοουσίουςῑῖ)
815 2318 900 2339 esse.
930 2308 1059 2339 Vocant

92 2441 134 2470 10)
154 2441 223 2465 Hanc
240 2441 429 2471 inscriptionem
448 2442 544 2466 addunt
564 2442 606 2466 Ed.
629 2443 668 2465 11.
687 2446 711 2468 et
725 2445 784 2474 opp.

93 2491 134 2519 11)
155 2491 222 2521 dicit]
241 2492 282 2516 Ed.
305 2493 341 2517 11.
362 2495 386 2516 61
407 2493 480 2522 Ono:
500 2492 567 2517 dixit.

93 2541 135 2567 12)
154 2538 318 2572 ὄμοθυσίθϊς]
338 2543 409 2567 Editt.
432 2544 450 2567 1.
465 2539 646 2574 2.(3Ι1ιουῡίους.

294 2601 438 2619 MELANTH.
455 2602 534 2620 OPER.
550 2603 613 2623 voL,
630 2602 686 2620 XXI.

529 113 552 143 Ι.
576 112 679 143 LOCI
701 110 977 143 THEOLOGICI:
1002 111 1038 142 C.
1063 110 1273 143 SECUNDA
1296 109 1452 141 EORUM
1475 110 1630 141 AETAS.

2020 109 2084 140 354

1110 210 1218 235 autem
1241 203 1468 234 Ecclesiastici
1492 202 1608 233 Patres
1634 211 1807 242 personam
1832 202 1864 231 in
1890 202 1951 231 hac
1975 202 2084 242 dispu-

1111 247 1245 283 tatione,
1269 256 1335 276 non
1360 246 1447 286 quod
1466 245 1548 275 alias
1572 246 1604 275 in
1615 244 1731 274 Latina
1750 243 1861 283 lingua
1876 250 1929 274 aut
1944 245 1976 273 in
1995 244 2085 274 thea-

1111 290 1169 319 tris
1206 288 1368 329 significat
1399 289 1478 318 certi
1507 287 1653 323 habituS,
1689 296 1749 316 seu
1780 285 1879 316 officii
1908 286 2085 317 distinotio-

1111 341 1195 368 nem,
1219 338 1252 361 ut
1277 341 1350 361 cuin
1375 331 1522 365 dicimus.
1546 329 1702 359 Roscium
1728 329 1890 358 sustinere
1912 327 1994 358 alias
2014 339 2086 369 per-

1111 383 1226 403 sonam
1252 373 1376 410 Aiacis,
1395 372 1477 402 alias
1500 381 1678 412 personam
1703 371 1846 412 Ulyssis,
1865 370 1947 401 alias
1971 381 2085 411 perso-

1111 426 1186 446 nam
1212 416 1318 456 regis,
1346 414 1429 444 alias
1457 415 1555 445 servi.
1602 414 1669 443 Sed
1698 411 1894 444 vocabulum
1923 423 2086 453 personae

1111 459 1143 488 in
1172 457 1222 487 his
1249 456 1494 488 Ecclesiasticis
1524 457 1798 496 disputationibus
1828 462 2005 497 usurpatur
2026 466 2086 496 pro

1112 501 1294 530 substantia
1346 499 1527 530 individua.
1571 497 1776 539 intelligente
1828 511 1878 529 non
1914 505 2084 530 communica-

1116 550 1169 574 bili.
1201 545 1240 575 13)

1198 609 1427 639 Nazianzenus
1453 609 1492 640 Η)
1530 608 1642 637 scribit
1670 606 1791 637 latinos
1827 608 1949 638 dixisse
1972 617 2086 647 perso-

1112 663 1187 683 nam
1206 662 1265 692 pro
1279 650 1469 691 Hypostasi,
1494 660 1567 679 cum
1592 660 1656 679 non
1680 648 1839 680 haberent
1859 650 1947 680 aliud
1967 660 2086 681 nomen

1113 694 1332 729 commodiuS,
1363 693 1424 722 etsi
1453 692 1564 733 graeci
1594 693 1690 722 etiam
1712 698 1827 731 postea
1852 693 1997 733 πρόςωπα
2020 703 2086 723 ma-

1110 737 1240 768 luemnt
1262 736 1371 766 dicere
1394 745 1490 775 quam
1514 734 1730 774 Hypostases.
1778 734 1861 765 Sunt
1889 735 1998 775 itaque
2018 741 2085 765 tres

1112 789 1276 820 personae
1296 777 1483 814 divinitatis,
1503 778 1691 814 immensae,
1705 783 1911 814 coaeternae,
1927 777 2086 815 ὁμοοῦσιυι,

1112 823 1226 859 Pater,
1254 819 1354 850 Filius
1386 826 1415 850 et
1447 819 1586 859 Spiritus
1612 818 1765 849 Sanctus.
1818 818 1919 850 Filius
1950 825 2087 849 vocatur

1111 876 1131 896 a
1154 864 1299 895 Iohanne
1323 863 1470 899 verbum,
1496 862 1589 900 λόγος.
1625 861 1660 891 In
1682 860 1831 901 Epistola
1854 863 1895 892 ad
1914 861 2086 892 Hebraeos

1114 908 1157 945 [1,
1187 906 1232 945 3.]
1259 905 1344 936 filius
1370 911 1507 936 vocatur
1539 902 1710 934 character
1738 905 1942 934 substantiae
1971 905 2084 944 patris.

1112 950 1151 980 Et
1176 949 1264 990 quod
1287 947 1440 988 loquatur
1460 948 1500 977 de
1523 956 1636 976 natura
1662 947 1770 976 divina
1795 945 1848 976 filii
1856 969 1865 984 ,
1892 946 1970 976 hinc
1992 945 2085 976 intel-

1112 992 1169 1033 ligi
1192 997 1313 1030 potest,
1337 990 1411 1029 quia
1436 990 1511 1019 dicit
1530 999 1590 1029 per
1610 987 1709 1018 filium
1730 989 1834 1018 omnia
1850 989 1979 1019 condita
2000 998 2086 1018 esse.

1112 1034 1147 1064 In
1178 1032 1436 1064 Colossensibus
1467 1031 1517 1069 [1,
1548 1030 1612 1067 1’.”).]
1644 1036 1781 1061 vocatur
1809 1031 1896 1060 εἰκών
1928 1032 1977 1060 τοῦ
2002 1032 2085 1068 θεοῦ,

1111 1078 1218 1116 imago
1241 1075 1304 1105 Dei
1332 1075 1446 1114 patris.
1491 1073 1575 1103 Hinc
1605 1073 1687 1102 sumi
1716 1079 1826 1112 potest
1848 1073 2085 1113 interpretatio,

1112 1128 1213 1160 quare
1237 1117 1323 1147 filius
1348 1122 1485 1146 vocetur
1508 1116 1654 1146 verbum.
1701 1115 1801 1145 Pater
1824 1114 2009 1156 intelligens
2033 1125 2084 1145 se-

1112 1171 1149 1191 se
1178 1161 1280 1202 gignit
1308 1159 1539 1199 cogitationem
1570 1157 1749 1198 quandam‚
1789 1168 1873 1198 quae
1901 1164 1952 1188 est
1982 1158 2085 1198 ipsius

1112 1204 1231 1243 imago.
1283 1202 1376 1232 Sicut
1407 1208 1438 1231 et
1466 1207 1599 1231 nostrae
1628 1201 1845 1240 cogitationes
1874 1207 1948 1230 sunt
1978 1210 2085 1230 rerum

1113 1246 1283 1285 imagines.
1319 1244 1386 1274 Sed
1409 1253 1470 1273 nos
1490 1253 1555 1273 non
1580 1241 1837 1273 transfundimus
1858 1244 2033 1273 essentiam
2052 1243 2083 1272 in

1112 1288 1273 1328 imagines
1307 1286 1392 1316 illas.
1439 1285 1538 1315 Pater
1567 1291 1674 1315 autem
1697 1285 1789 1315 Deus
1812 1284 2011 1315 transfundit
2034 1295 2085 1315 es-

1113 1331 1251 1360 sentiam
1275 1339 1368 1358 Suam
1391 1329 1424 1358 in
1448 1326 1534 1358 illam
1559 1328 1732 1368 imaginem
1746 1329 1797 1362 1ξ’).
1822 1327 1912 1358 Haec
1931 1328 2085 1368 cogitatio

1113 1379 1163 1402 est
1187 1373 1293 1412 imago
1318 1377 1349 1401 et
1373 1370 1555 1409 ἀπαύγασμα
1577 1371 1696 1409 patris,
1725 1375 1756 1400 et
1780 1376 1917 1401 vocatur
1940 1370 2085 1400 verbum.

1112 1414 1188 1446 Ideo
1211 1412 1318 1444 filium
1340 1413 1502 1443 Iohannes
1526 1414 1669 1443 nominat
1695 1412 1788 1450 λόγον.

1267 1483 1330 1506 Sunt
1357 1482 1398 1512 qni
1425 1481 1554 1511 aliquanto
1579 1482 1663 1505 minus
1689 1481 1815 1506 subtiliter
1837 1478 1917 1510 λόγον
1936 1480 1985 1504 dici
2003 1480 2088 1504 existi-

1265 1517 1344 1541 mant.
1372 1516 1430 1545 quia
1458 1516 1490 1540 sit
1518 1521 1629 1545 persona
1655 1515 1760 1545 loquens
1787 1521 1843 1539 cum
1862 1515 1992 1545 patribus:
2023 1514 2088 1538 sicut

1268 1550 1294 1574 in
1324 1550 1447 1579 scriptura
1473 1552 1573 1574 constat
1599 1549 1676 1573 tilium
1704 1549 1744 1573 dei
1767 1550 1918 1574 collocutum
1945 1555 2003 1573 esse
2030 1554 2086 1572 cum

1265 1584 1348 1611 Iacob,
1367 1584 1459 1613 Moyse,
1479 1582 1631 1611 Danielem)

1198 1641 1306 1672 Tertia
1330 1652 1472 1682 persona
1492 1648 1629 1671 vocatur
1643 1641 1783 1681 Spiritus
1796 1641 1949 1672 Sanctus.
1973 1640 2035 1671 Η10
2053 1642 2086 1671 111

1112 1684 1256 1715 Iohanne
1280 1685 1396 1715 dicitur
1419 1684 1600 1723 procedere
1623 1694 1642 1713 a
1665 1690 1759 1724 patre
1783 1691 1812 1714 et
1838 1683 1916 1720 11110,
1940 1694 2006 1713 11011
2028 1694 2085 1713 na-

1113 1727 1172 1757 sci.
1217 1727 1259 1757 Et
1281 1726 1344 1757 hae
1370 1725 1626 1766 appellationes,
1658 1736 1743 1767 quae
1763 1727 1948 1757 discrimina
1972 1736 2086 1766 perso-

1113 1779 1226 1799 narum
1254 1769 1415 1803 indicant,
1439 1769 1561 1799 diserte
1586 1770 1815 1799 observandae
1839 1774 1871 1799 et
1895 1769 2085 1799 retinendae

1115 1817 1200 1841 sunt.
1246 1812 1372 1841 Nomen
1397 1811 1539 1851 Spiritus
1563 1811 1695 1848 indicat,
1724 1810 1872 1842 nonnihil
1896 1821 1960 1852 quo
1989 1811 2086 1841 modo

1114 1853 1197 1884 haec
1227 1864 1369 1893 persona
1398 1854 1603 1884 discernatur
1630 1854 1671 1883 ab
1702 1853 1785 1885 aliis.
1837 1854 1920 1884 Nam
1943 1854 2088 1884 vocabu-

1114 1896 1182 1926 lum
1215 1897 1347 1936 spiritus
1378 1895 1459 1926 alias
1490 1896 1652 1936 significat
1689 1897 1900 1937 agitationem
1929 1906 1988 1927 seu
2022 1896 2086 1926 vim

1116 1939 1306 1979 agitantem.

1354 2025 1390 2048 DE
1409 2024 1580 2049 Dist'RnssNE
1599 2025 1808 2049 PERSONARFM.
1814 2024 1821 2038 ¹
1827 2024 1848 2053 7)

1201 2090 1280 2121 Cum
1315 2096 1423 2121 autem
1457 2089 1555 2131 paulo
1590 2098 1664 2131 post
1695 2092 1728 2121 in
1762 2091 1956 2121 testimoniis
1984 2100 2084 2131 saepe

1114 2133 1168 2163 fiat
1198 2134 1317 2163 mentio
1342 2132 1481 2170 Christi,
1504 2133 1556 2163 hic
1584 2134 1767 2164 addendum
1796 2134 1873 2164 duxi
1905 2135 1945 2164 de
1973 2134 2086 2164 discri-

1114 2278 1157 2307 13)
1176 2278 1472 2336 nontcommunicabili]
1502 2279 1565 2303 11361·
1590 2279 1614 2302 in
1633 2278 1705 2304 Editt.
1733 2278 1840 2302 11—13.
1868 2282 1893 2304 et
1913 2280 1974 2310 Opp.
1999 2279 2083 2304 addita

1183 2319 1230 2336 sun
1245 2331 1250 2335 .

1114 2363 1158 2389 14)
1176 2361 1364 2392 Nazianzenus]
1384 2363 1419 2387 si(-
1438 2362 1479 2386 Ed.
1504 2363 1556 2387 14.:
1577 2365 1676 2387 ceterae
1696 2363 1778 2388 Editt:
1798 2364 1973 2392 Nazanzenus.

1113 2413 1157 2444 15)
1178 2413 1335 2438 transfundit
1353 2427 1385 2429 —
1404 2413 1560 2443 imaginent]
1600 2414 1673 2438 Editt.
1706 2415 1726 2437 7.
1758 2415 1780 2437 8.
1804 2415 1832 2436 11
1854 2428 1885 2431 —
1907 2415 1945 2437 14.
1965 2416 1990 2439 et
2008 2415 2084 2446 tipo:

1180 2448 1349 2472 communicat
1368 2448 1508 2472 Essentiam
1529 2454 1602 2472 suam
1622 2448 1656 2471 illi
1676 2448 1786 2477 imagini.

1083 2482 1085 2533 l
1111 2497 1156 2525 16)
1178 2499 1239 2522 Sunt
1259 2511 1291 2514 —
1310 2498 1432 2528 Daniele]
1452 2499 1515 2522 haer*
1535 2498 1631 2523 addunt
1650 2499 1723 2523 Editt.
1747 2499 1853 2522 11—13.
1872 2502 1898 2524 et
1916 2500 1976 2530 Opp.

1083 2537 1085 2573 l
1111 2548 1155 2575 17)
1176 2549 1242 2573 Haec
1262 2549 1389 2578 inscriptio
1409 2549 1510 2573 additur
1529 2550 1552 2574 in
1570 2550 1613 2574 Ed.
1634 2551 1670 2571 11.
1691 2551 1716 2574 et
1735 2550 1796 2580 Opp.

1883 2600 1913 2623 23
