2358 2933
164 104 248 136 1013

621 100 644 129 1.
670 97 770 129 LOCl
792 94 1066 129 TH'EOLOGlCl:
1089 95 1133 126 D.
1156 93 1316 126 TERTlA
1338 90 1496 124 EORUM
1518 90 1674 124 AETAS.

2071 91 2152 123 1014

162 196 325 237 pertinere
343 193 602 225 emendationem
620 190 844 223 Ecclesiarum
862 190 904 220 ad
921 188 1135 229 magistratus
1155 187 1159 201 ³
1182 193 1287 218 tarum
1298 186 1378 226 et86)
1393 186 1503 216 sanxit
1515 184 1710 215 libertatem.
1734 183 1845 218 Quare
1856 192 1922 213 non
1936 182 2026 214 licuit
2036 183 2153 215 Achab

164 237 324 274 officium,
347 236 541 276 praesertim
567 234 776 266 cessantibus
801 231 976 272 Episcopis
1003 236 1058 260 aut
1080 230 1135 260 ad-

163 279 370 311 versantibus
402 276 596 319 Evangelio.
653 275 749 311 Quod
782 276 865 305 enim
898 272 996 313 aliqui
1027 273 1137 303 dicunt

162 321 392 364 Mag-istratum
413 318 587 360 profanum
609 329 676 350 non
696 327 771 348 esse
789 316 927 347 iudicem
947 321 1136 345 controver-

164 365 285 395 siarum
308 363 349 393 de
374 362 596 403 dogmatibus3
620 370 700 391 vera
723 365 756 390 et
779 357 941 399 explicata
963 357 1135 397 responsio

163 411 230 442 est,
251 403 436 435 Ecclesiam
455 413 531 434 esse
549 403 686 434 iudicem
705 407 737 432 et
755 401 848 441 sequi
867 409 1016 430 normam
1028 399 1136 430 Evan-

163 446 238 489 gelii
267 448 300 477 in
329 446 515 477 iudicando.
562 445 644 476 Cum
678 449 785 475 autem
813 442 1030 483 Magistratus
1064 442 1136 481 pius

162 499 240 520 vere
270 489 312 519 sit
338 489 518 519 membrum
541 487 730 523 Ecclesiae,
759 485 879 516 iudicet
906 489 938 514 et
966 483 1036 523 ipse
1064 494 1137 514 cum

162 530 235 562 aliis
253 532 314 571 piis
334 537 365 561 et
384 530 519 561 eruditis
537 531 626 561 iuxta
637 538 795 565 normam,
814 537 911 568 quam
926 527 1001 557 dixi.
1027 526 1136 556 Omni-

163 576 225 605 bus
236 571 410 604 Ecclesiae
421 572 575 602 membris
589 571 709 601 dictum
723 576 789 600 est:
814 569 938 599 Cavete
957 579 977 599 a
988 567 1136 598 Pseudo-

162 614 344 656 prophetis.
374 614 455 645 Item
477 612 600 652 [Galat.
626 613 655 651 l,
678 612 743 651 9.]:
769 611 804 642 Si
828 612 900 652 quis
924 609 1011 641 aliud
1031 610 1137 640 Evan-

162 656 283 699 gelium
306 657 449 694 docebit,
473 655 646 686 anathema
668 655 720 685 sit.
767 654 876 689 Quare
899 659 935 684 ut
958 653 1058 684 ceteri
1081 653 1136 692 pii,

162 701 207 730 ita
235 698 452 740 Magistratus
487 698 695 728 considerent
730 697 901 737 dogmata,
937 700 968 725 et
1003 695 1030 725 si
1065 695 1137 735 quis

161 740 264 772 falsas
288 747 320 771 et
343 741 459 781 impias
483 741 654 780 opiniones
678 740 755 769 serit
785 745 840 770 aut
863 736 1023 774 defendit,
1051 736 1139 767 hunc

165 784 309 814 iudicent
332 793 408 814 esse
431 782 604 813 anathema
626 783 744 822 autS⁴=·)
774 785 995 821 compescant.
1032 778 1138 809 Valde

162 832 274 857 errant
291 825 467 866 principes,
487 826 515 855 si
534 824 619 855 hanc
640 834 751 855 curam
774 834 838 854 non
859 823 1022 863 pertinere
1042 822 1083 852 ad
1103 831 1139 851 se

160 868 370 899 arbitrantur.

247 909 299 940 De
318 910 436 941 ceteris
456 908 576 940 officiis
595 910 854 950 magistratuum,
875 908 905 938 id
925 913 985 944 est,
1009 907 1049 937 de
1072 916 1139 937 mo-

161 962 232 983 rum
255 951 397 982 civilium
421 952 670 992 gubernatione,
696 952 735 981 de
758 950 849 991 pacis
874 948 1075 985 defensione,
1100 949 1139 978 de

161 993 284 1025 forensi
318 1004 378 1025 seu
406 993 577 1025 Praetorio
611 1003 761 1030 munere,
796 993 836 1023 de
871 993 1064 1028 severitate,
1100 991 1139 1021 de

162 1040 319 1079 ἐπιεικείᾳ,
350 1037 390 1066 de
413 1037 627 1067 oeconomico
640 1038 687 1075 S⁵¹)
715 1046 774 1066 seu
798 1036 837 1065 de
861 1034 1048 1075 quaestorio
1072 1043 1139 1064 mu-

163 1089 240 1110 nere
264 1079 437 1109 dicendum
461 1085 511 1109 est
536 1080 577 1109 ab
607 1077 680 1108 aliis
710 1077 905 1114 artificibus,
937 1076 1091 1106 videlicet
1120 1086 1139 1106 a

162 1120 420 1152 Iurisconsultis.
434 1120 650 1162 Evangelium
662 1126 821 1151 monstrat
838 1129 977 1150 caussas
992 1125 1021 1149 et
1037 1118 1139 1159 (ligni-

162 1170 261 1194 tatem
283 1163 405 1204 politici
430 1164 566 1200 ordinis,
591 1170 622 1193 et
644 1163 676 1192 in
701 1172 821 1203 genere
845 1163 943 1193 docet
965 1160 1140 1201 Magistra·

163 1213 227 1243 ωε,
247 1212 282 1237 ut.
301 1207 526 1245 obtemperent
544 1205 706 1236 mandatis
728 1204 800 1241 Dei,
820 1205 896 1244 quia
910 1203 1034 1243 pariter
1046 1202 1139 1232 Deus

162 1248 320 1288 praecipit
349 1248 513 1288 Regibus,
545 1247 752 1286 Principibus
782 1253 810 1276 et
845 1245 988 1285 Populo,
1018 1245 1140 1285 pariter

163 1290 317 1321 iudicabit
329 1289 452 1330 Reges,
471 1289 642 1329 Principes
655 1294 686 1318 et
698 1287 865 1328 populum.
885 1289 969 1318 sicut
983 1288 1140 1326 scriptum

163 1338 213 1364 est
244 1331 360 1370 [Marc.
395 1331 447 1368 16,
484 1332 571 1369 15.J:
612 1331 674 1367 lte,
708 1331 895 1369 praedicate
923 1328 1140 1370 Evangelium

162 1375 249 1405 omni
274 1380 455 1404 creaturae.
496 1373 537 1404 Et
561 1372 661 1404 Zach.
688 1373 738 1402 10.
764 1377 826 1410 [vs.
851 1372 893 1411 34
919 1373 1053 1402 dicitur:
1080 1371 1140 1401 Sn—

162 1427 222 1456 per
256 1422 408 1456 pastores
438 1416 540 1446 iratus
572 1422 622 1446 est
652 1414 745 1445 furor
773 1425 876 1445 meus.
922 1414 963 1444 Et
986 1413 1085 1444 Mieh.
1110 1413 1140 1443 3.

164 1462 248 1497 [vss.
262 1458 292 1489 9.
309 1458 372 1496 12]
408 1458 538 1495 Audite,
557 1458 721 1497 principes
742 1458 858 1488 domus
878 1457 987 1494 Iacob,
1006 1461 1142 1496 propter

162 1511 225 1533 vos
238 1501 319 1532 Sion
332 1501 426 1541 quasi
440 1510 519 1541 ager
530 1500 687 1530 arabitur.
710 1499 751 1529 Et
762 1498 884 1530 Ezech.
898 1498 949 1528 33.
976 1498 1040 1535 134,
1055 1498 1083 1527 7.
1096 1497 1139 1535 9.Ι

164 1543 354 1583 Propterea.
380 1548 546 1583 pastoreS,
571 1543 682 1573 audite
707 1543 841 1572 verbum
864 1541 996 1571 Domini
1021 1546 1080 1571 etc.

248 1602 388 1632 Tantum
408 1612 505 1633 unam
518 1601 771 1632 admonitionem
786 1601 946 1631 adiiciam.
971 1600 1045 1630 Non
1065 1598 1140 1630 licet

163 1645 324 1686 Regibus,
347 1643 552 1684 Principibus
574 1649 607 1674 et
625 1644 873 1684 Magistratibus
898 1641 1008 1673 facere
1027 1647 1142 1672 contra

162 1688 213 1719 ius
242 1687 385 1718 divinum
413 1693 443 1717 et
472 1692 586 1717 contra
617 1687 666 1716 ius
697 1692 844 1716 naturae.
889 1684 948 1715 Est
976 1690 1083 1715 autem
1111 1690 1142 1714 et

163 1730 263 1761 divini
297 1735 329 1760 et
362 1728 522 1759 naturalis
557 1729 635 1759 iuris
669 1728 732 1758 hoc
770 1734 981 1768 praeceptum
1022 1726 1140 1765 [Exod.

163 1772 222 1810 20,
252 1771 333 1810 151:
368 1771 442 1801 Non
473 1770 594 1802 furtum
616 1769 730 1801 facies.
778 1770 867 1800 llaec
890 1781 954 1800 vox
986 1769 1141 1800 discernit

164 1815 307 1845 dominia
336 1819 367 1844 et
391 1823 468 1844 suas
494 1814 652 1853 cuiusque
680 1813 931 1853 possessiones,
962 1810 1081 1842 fundos
1111 1817 1140 1842 et

164 1867 219 1888 res
242 1857 392 1896 proprias
422 1856 522 1896 cingit
549 1862 702 1896 tanquam
732 1864 853 1885 murus.
899 1854 1006 1885 Habet
1034 1860 1140 1884 autem

165 1905 195 1930 et
218 1898 360 1939 populus
385 1908 438 1928 res
462 1897 589 1938 aliquas
613 1898 764 1938 proprias
793 1898 862 1927 iure
889 1897 998 1928 divino
1030 1902 1061 1927 et
1084 1895 1142 1926 hu-

165 1950 272 1972 man0.
313 1940 364 1970 Ab
384 1939 434 1970 his
455 1946 545 1970 arcet
563 1940 727 1980 principes
747 1939 799 1970 lex
819 1938 889 1969 illa:
923 1939 997 1969 Non
1021 1937 1141 1969 furtum

165 1983 278 2014 iacies.
323 1982 398 2012 Non
428 1982 612 2012 existiment
640 1981 750 2022 Reges
783 1988 812 2012 et
842 1981 1011 2022 Principe<
1042 1980 1140 2011 licere

165 2026 227 2056 sibi
259 2035 299 2056 ex
328 2023 540 2055 facultatibus
571 2024 792 2061 subditorum,
827 2031 982 2064 quantum
1015 2022 1140 2059 volunt.

165 2077 281 2108 rapere
303 2072 359 2098 aut
381 2066 460 2097 nihil
484 2076 558 2097 esse
583 2067 709 2097 civibus
733 2069 908 2107 proprium.

250 2109 343 2140 Deus
366 2110 398 2140 in
421 2108 511 2150 Lege
538 2118 598 2139 sua
626 2109 817 2139 distinxerat
848 2109 986 2139 dominia
1012 2108 1141 2139 israeli-

252 2256 389 2285 praecipiat
407 2256 443 2280 eis
462 2256 552 2280 tollere
572 2256 667 2280 abusus
686 2255 891 2280 ecclesiasticos-⁸
910 2256 1017 2285 primuni
1029 2255 1141 2279 Viteber-

252 2295 300 2318 gae
333 2288 406 2312 1539.
426 2290 450 2312 8.
483 2289 620 2320 separatim
640 2289 714 2317 edito,
733 2291 822 2319 postea
841 2289 1015 2319 Philosophiae
1036 2288 1140 2313 moralis

252 2323 378 2352 epitomae
398 2324 501 2351 inserto,
521 2323 563 2348 ubi
582 2324 617 2347 sie
635 2323 770 2353 inscriptus
789 2325 843 2348 est:
880 2324 932 2348 ..An
952 2323 1078 2352 principes
1098 2322 1141 2346 (le-

252 2357 328 2381 beant
357 2359 455 2382 mutare
478 2357 567 2387 impios
594 2357 691 2385 cultus,
709 2357 867 2382 cessantibus
887 2360 929 2381 aut
947 2357 1137 2386 prohibentibus

254 2391 385 2421 episcopis.
413 2393 456 2415 aut
483 2391 656 2421 superioribus
685 2391 817 2415 dominns*
844 2391 868 2415 in
896 2391 969 2415 buius
990 2391 1062 2420 Corp.
1083 2391 1134 2415 Vol.

252 2424 310 2449 XVI.
329 2430 352 2454 p.
373 2425 404 2447 85
425 2431 477 2455 sqq.

169 2475 227 2503 84²²)
245 2474 298 2505 aut]
319 2474 392 2499 Editt.
414 2475 486 2497 1—9.
510 2476 545 2498 12.
561 2481 590 2499 ac

168 2525 214 2552 85)
233 2525 405 2554 oeconomico]
423 2525 494 2549 Editt.
518 2525 605 2548 1-16.
627 2526 664 2551 19.
684 2527 832 2552 oeconomia

1180 235 1236 260 aut
1248 238 1369 270 cogere
1377 227 1509 259 Naboth
1521 227 1564 258 ad
1571 226 1788 258 venditionem
1802 225 1918 256 vineae
1926 230 1982 256 aut
1989 225 2154 266 expellere

1181 282 1254 302 eum
1278 281 1317 302 ex
1340 271 1556 311 possessione
1568 271 1633 305 ΕΠ);
1656 268 1724 300 Sed
1746 267 1808 298 hac
1828 266 1902 309 lege
1920 268 2096 298 arcebatur
2112 269 2154 299 ab

1179 313 1303 344 alieno:
1336 313 1411 344 Non
1433 311 1554 343 furtum
1576 310 1690 342 facies.
1734 310 1776 341 Et
1798 309 1891 341 Deus
1914 310 2033 341 vindex
2055 311 2155 341 nomi—

1178 357 1280 386 natim
1293 361 1382 386 taxat
1393 355 1479 385 hanc
1491 355 1651 391 iniuriam,
1658 353 1746 394 quod
1753 351 1869 383 Achab
1879 352 2017 383 alienam
2027 353 2154 383 vineam

1180 399 1370 438 occupavit,
1408 403 1440 428 et
1469 396 1561 437 punit
1589 406 1663 427 eum
1692 394 1892 426 memorabili
1923 393 2090 435 exempIO,
2121 400 2154 425 ut

1178 441 1345 480 principes
1374 445 1523 476 moneat,
1554 444 1590 469 ut
1618 444 1755 477 parcant
1785 437 1902 467 civium
1931 435 2154 474 facultatibuS,

1179 483 1264 513 sicut
1286 482 1435 522 Baptista
1459 482 1540 512 dixit
1563 480 1657 518 [Luc.
1691 479 1728 517 3,
1756 479 1836 517 144:
1867 479 1983 510 Estote
2013 479 2156 510 contenti

1180 524 1351 565 stipendiis
1370 524 1501 554 vestris.
1542 522 1651 553 Debet
1673 521 1815 562 populus
1835 522 2001 552 ordinaria
2024 522 2156 559 tributa,

1179 572 1214 597 ut
1243 565 1366 597 Paulus
1401 566 1497 596 docet
1526 565 1621 595 Rom.
1654 564 1758 601 13.⁸S)
1801 567 1883 602 [vss.
1914 564 1934 594 6
1952 567 2040 604 sq.],
2073 573 2157 604 quae

1179 609 1329 649 Baptista
1351 614 1448 639 vocat
1477 607 1649 647 stipendia.
1695 606 1736 637 Et
1764 616 1837 637 cum
1860 605 2074 646 Reipublicae
2103 606 2157 636 de-

1180 650 1287 682 fensio
1316 657 1348 681 et
1376 650 1486 691 aliqua
1514 647 1695 690 probabilis
1725 658 1846 679 caussa
1876 658 1983 679 novas
2009 647 2156 679 collatio-

1180 703 1239 724 nes
1269 692 1434 734 postulat,
1476 693 1567 723 cives
1604 689 1754 732 opitulari
1780 689 1941 722 Ecclesiis
1972 697 2004 721 et
2032 691 2158 731 patriae

1180 737 1300 766 iustum
1325 741 1384 766 est.

1267 778 1378 809 Locus
1408 788 1486 808 vero
1515 778 1546 807 in
1576 776 1714 807 historia
1744 774 1904 806 Samuelis
1936 776 1979 814 [l.
2006 775 2093 807 Sam.
2125 777 2155 814 S,

1184 820 1331 858 11-18.J
1357 821 1397 850 de
1420 821 1489 850 iure
1508 829 1623 860 regum
1641 818 1786 859 loquitur
1805 819 1845 849 de
1864 818 2043 858 stipendiis.
2083 818 2156 849 Non

1183 863 1334 893 concedit
1357 862 1512 893 infinitam
1535 861 1700 892 licentiam
1722 861 1924 901 principibus
1947 861 2094 901 rapiendi
2117 871 2157 892 ex

1184 906 1278 935 bonis
1298 905 1427 942 civium,
1453 910 1608 945 quantum
1626 903 1753 940 volunt,
1775 904 1849 944 quia
1869 908 1979 934 tenent
1999 904 2157 944 quaedam

1182 949 1315 988 propria
1340 948 1408 977 iure
1433 948 1543 978 divino
1568 951 1600 976 et
1623 945 1776 976 humano.

1268 990 1406 1020 Restant
1429 996 1459 1020 et
1480 989 1690 1030 quaestiones
1711 989 1751 1019 de
1770 988 2006 1025 contractibus,
2030 989 2070 1018 de
2090 989 2157 1029 qui-

1183 1033 1243 1062 bus
1271 1033 1305 1062 in
1328 1042 1448 1072 genere
1477 1033 1583 1062 sciant
1613 1032 1673 1071 pii,
1704 1030 1902 1061 Contractus
1932 1040 2008 1061 esse
2034 1036 2158 1071 partem

1182 1074 1304 1115 politici
1328 1075 1450 1105 ordinis
1475 1080 1507 1104 et
1530 1084 1584 1104 res
1608 1076 1714 1104 bonas
1739 1084 1758 1103 a
1777 1073 1850 1103 Deo
1874 1074 2054 1103 ordinatas.
2090 1073 2158 1103 lino

1181 1116 1400 1157 pulcherrima
1419 1117 1526 1157 imago
1547 1117 1655 1147 iudicii
1674 1122 1706 1146 et
1725 1114 1901 1146 voluntatis
1919 1115 1982 1146 Dei
2000 1116 2159 1155 impressa

1182 1165 1233 1189 est
1256 1160 1492 1190 contractibus.
1538 1158 1572 1188 ln
1607 1158 1658 1188 his
1682 1158 1779 1188 docet
1802 1167 1863 1187 nos
1886 1157 1979 1188 Deus
2008 1157 2159 1188 iustitiam

1183 1201 1413 1242 aequalitatem
1444 1211 1536 1238 esse,
1565 1207 1598 1231 ut
1629 1200 1814 1240 cogitantes
1844 1200 1884 1230 de
1908 1198 2075 1230 voluntate
2097 1199 2159 1230 Dei

1183 1253 1327 1274 sclamus
1372 1253 1444 1273 eam
1485 1244 1625 1280 iustam,
1670 1243 1701 1272 id
1743 1249 1817 1279 est,
1869 1242 2041 1283 aequalem
2086 1252 2160 1273 esse

1184 1284 1387 1326 aequalibus.
1445 1285 1588 1326 Tyranni
1627 1295 1693 1315 non
1735 1291 1810 1315 sunt
1852 1283 2007 1326 aequales
2042 1294 2159 1326 aequa-

1184 1328 1286 1361 libus.
1333 1328 1390 1358 sed
1432 1328 1562 1368 aliquos
1604 1328 1730 1368 privato
1776 1327 1894 1357 affectu
1940 1327 2159 1369 complectun-

1183 1376 1245 1407 tur,
1266 1376 1395 1401 ceteros
1415 1380 1475 1401 seu
1493 1380 1591 1410 pares
1611 1380 1670 1401 seu
1689 1368 1841 1400 meliores
1859 1369 2040 1411 negligunt.
2072 1371 2160 1402 Haec

1184 1412 1400 1453 inaequalitas
1424 1418 1562 1443 vocatur
1585 1415 1837 1453 προςωποληψία,
1863 1423 1946 1453 quae
1969 1423 2034 1444 non
2058 1420 2107 1444 est
2129 1415 2160 1444 in

1183 1454 1274 1492 Deo,
1305 1455 1364 1485 sed
1388 1456 1472 1486 scito
1497 1454 1603 1485 Deum
1627 1454 1798 1495 aequalem
1823 1464 1899 1485 esse
1927 1462 1958 1486 et
1980 1457 2038 1487 tibi
2061 1463 2091 1487 et
2115 1456 2160 1487 la-

1183 1498 1267 1527 troni
1290 1497 1322 1527 in
1346 1507 1444 1528 cruce
1469 1503 1501 1528 et
1523 1497 1631 1538 Moysi
1656 1503 1688 1528 et
1710 1496 1813 1527 Eliae.
1860 1496 2019 1538 Regulam
2042 1509 2159 1540 propo-

1184 1540 1259 1576 suit,
1282 1540 1372 1570 iuxta
1395 1550 1492 1580 quam
1515 1546 1625 1570 servat
1649 1538 1890 1581 aequalitatem,
1913 1542 2065 1572 irascitur
2084 1551 2159 1581 pec-

1185 1588 1258 1612 cato
1289 1583 1321 1612 in
1352 1583 1521 1620 omnibus,
1556 1593 1595 1613 ac
1625 1592 1741 1613 rursus
1776 1588 1868 1613 certo
1899 1583 2013 1623 recipit
2047 1594 2159 1615 omnes

1186 1622 1412 1665 confugientes
1436 1626 1479 1656 ad
1501 1624 1717 1655 Mediatorem
1742 1624 1917 1656 Christum.

1271 1666 1423 1697 Cernitur
1445 1674 1477 1698 et
1507 1666 1690 1707 exemplum
1719 1668 1860 1698 iustitiae
1885 1667 1946 1698 Dei
1967 1675 1998 1699 et
2016 1670 2159 1710 aequali-

1185 1710 1260 1739 tatis
1284 1710 1315 1739 in
1336 1708 1521 1749 placatione
1541 1711 1608 1740 irae
1628 1709 1701 1740 Dei.
1738 1710 1811 1739 Non
1832 1716 1908 1740 sunt
1926 1712 2065 1742 remissa
2085 1722 2159 1751 pec·

1186 1758 1275 1788 cata,
1306 1752 1368 1782 nisi
1398 1751 1537 1793 aequale
1562 1753 1663 1792 λύτρον
1691 1758 1782 1783 esset
1810 1763 1870 1792 pro
1894 1753 2005 1789 nobis,
2036 1753 2158 1785 scilicet

1186 1794 1270 1824 lilius
1291 1794 1361 1824 Dei.
1396 1793 1448 1824 De
1467 1794 1530 1825 hac
1549 1794 1745 1835 aequalitate
1764 1795 1941 1835 quotidiani
1961 1802 2159 1827 contractus.

1185 1837 1376 1876 emptiones,
1397 1838 1614 1874 venditiones,
1634 1838 1841 1874 mutationes,
1864 1837 2059 1869 locationes.
2084 1850 2159 1869 con-

1185 1880 1373 1916 ductiones,
1415 1880 1532 1910 deinde
1573 1887 1604 1911 et
1643 1879 1834 1911 delictorum
1875 1883 2158 1920 compensationes

1184 1932 1245 1952 nos
1258 1923 1305 1961 ³⁹)
1330 1922 1535 1952 admoneant.

1269 1963 1443 1995 Postremo
1469 1964 1551 1996 haec
1581 1965 1652 2004 ipsa
1682 1964 1880 2006 aequalitas,
1911 1976 1994 2006 quae
2021 1968 2052 1997 in
2082 1978 2157 1998 con-

1184 2007 1345 2037 tractibus
1361 2006 1556 2047 postulatur,
1575 2008 1671 2038 docet
1691 2017 1752 2038 nos
1770 2008 1810 2037 de
1829 2007 2004 2039 dilectione
2021 2011 2158 2049 proximi

1185 2056 1217 2079 et
1240 2050 1464 2088 interpretatio
1489 2055 1538 2080 est
1563 2049 1761 2090 particulae,
1785 2050 1893 2088 Sicut,
1922 2052 1953 2081 in
1982 2050 2047 2082 hoc
2071 2063 2159 2083 man-

1185 2092 1260 2122 dato
1298 2090 1428 2130 [Matth.
1459 2092 1516 2130 19,
1547 2092 1630 2130 194:
1664 2091 1774 2133 Dilige
1802 2094 1984 2133 proximum
2015 2095 2099 2125 sicut
2128 2102 2159 2125 te

1184 2134 1305 2174 ipsum,
1329 2134 1361 2164 id
1385 2140 1452 2172 est,
1484 2136 1525 2166 sit
1546 2134 1728 2176 aequalitas
1752 2137 1835 2166 inter
1859 2141 1890 2166 te
1914 2141 1946 2166 et
1967 2138 2159 2176 proximum,

1184 2186 1250 2206 non
1280 2186 1406 2217 augeas
1434 2184 1489 2208 tua
1520 2178 1689 2208 commoda
1725 2188 1797 2208 cum
1826 2177 1914 2208 illius
1943 2179 2159 2211 incommodo.

1184 2229 1248 2250 non
1273 2228 1403 2259 premas
1427 2230 1517 2257 eum,
1547 2226 1580 2251 ut
1608 2226 1662 2250 tua
1691 2221 1884 2250 existimatio
1916 2228 2063 2252 crescat.
2095 2232 2158 2253 non

1184 2305 1229 2336 86)
1250 2307 1275 2329 et
1294 2305 1374 2330 abest
1390 2306 1425 2330 ab
1456 2305 1527 2330 Editt.
1550 2307 1588 2330 10.
1612 2307 1648 2328 11.
1672 2306 1710 2328 13.
1732 2307 1762 2329 15
1784 2319 1813 2323 —
1838 2307 1874 2330 18.
1897 2307 1929 2329 ‘20
1949 2320 1978 2323 —
2001 2308 2039 2329 22.
2062 2309 2099 2330 94.
2124 2308 2152 2331 25

1253 2338 1371 2368 28-34.,
1391 2339 1461 2369 Corp.
1484 2340 1564 2364 1—8..
1583 2340 1642 2369 opp.
1666 2341 1686 2362 l.
1708 2340 1730 2362 2.

1185 2390 1230 2420 87)
1249 2390 1423 2420 possessione]
1442 2390 1514 2414 Editt.
1536 2390 1575 2412 16.
1599 2390 1637 2413 17.
1659 2391 1697 2413 21.
1718 2391 1755 2415 22.
1776 2392 1814 2415 ⁴24,
1836 2392 1867 2414 28
1887 2405 1915 2408 ἡ
1940 2392 1989 2415 34..
2010 2393 2068 2421 Ovs).
2092 2394 2099 2413 1
2134 2394 2155 2413 2,

1252 2430 1372 2454 possesso

1186 2475 1230 2503 88)
1252 2474 1302 2504 13.]
1320 2474 1392 2499 Editt.
1417 2475 1503 2498 1-16,
1526 2476 1564 2499 19.
1585 2476 1666 2500 male:
1689 2477 1726 2499 14.

1187 2525 1230 2551 89]
1250 2531 1295 2549 nos
1315 2526 1394 2550 abest
1412 2527 1446 2551 ul)
1466 2527 1535 2552 Editt
1560 2528 1578 2549 l.
1599 2527 1622 2549 3.

1908 2580 1953 2601 84‘
