2358 2933
104 107 164 141 777

101 202 243 234 omnium
277 210 376 241 saepe
409 209 494 231 unus
529 199 647 241 aliquis
683 206 734 231 est
767 208 860 231 reus:
894 204 928 230 ut
960 197 1075 239 lapsus

101 244 252 281 Davidis,
277 248 432 284 quantum
452 243 578 283 peperit
600 241 774 279 scelerum,
799 241 1076 282 desperationum,

102 285 377 327 blasphemiarum
417 290 448 314 et
489 285 749 315 tristissimarum
784 283 913 314 rerum?
958 282 1075 313 Cultus

101 328 190 366 idoli,
214 339 232 359 a
246 326 421 359 Salomone
444 327 620 365 admissus,
643 325 704 356 fuit
728 335 849 357 caussa
872 324 1077 356 dilaceratio-

102 372 152 402 nis
175 371 267 412 regni
290 368 402 399 lsrael.
448 369 539 400 Haec
568 369 737 400 distractio
761 374 791 398 et
820 366 989 409 religionis
1013 367 1077 397 dis-

102 413 246 445 cordiam
278 418 310 442 et
340 417 500 452 perpetua
532 410 620 443 bella
642 409 758 441 attulit.
804 408 897 440 Talia
927 407 1077 449 exempla

101 454 193 486 Deus
227 453 297 485 vult
331 454 550 491 considerari,
585 458 618 484 ut
651 462 731 483 vere
760 458 943 483 metuamus
975 452 1078 492 ipsius

100 498 192 534 iram,
216 502 247 527 et
270 502 405 527 nostrae
422 507 462 527 ac
485 495 612 527 alienae
635 493 750 525 salutis
774 495 934 525 rationem
956 493 1078 525 habea-

102 548 183 570 mus.
231 539 297 570 Sed
329 549 431 569 caeca
460 548 552 569 mens
586 537 725 568 hominis
758 546 820 567 nec
854 537 982 576 peccati
1016 546 1079 567 nec

100 582 169 612 irae
188 581 251 612 Dei
275 581 531 622 magnitudinem
555 580 673 615 cernit3
696 579 763 609 Imo
783 589 825 609 ne
847 579 1077 619 praesentibus

100 624 231 664 quidem
242 624 358 664 poenis
371 623 452 653 satis
465 620 617 653 afficitur.
644 622 734 652 Sicut
744 622 861 661 impius
875 620 961 652 latro
969 620 1078 652 adhuc

100 664 179 696 ludit
203 666 235 696 in
254 675 314 696 sua
338 664 523 696 calamitate
547 669 578 695 et
602 663 768 695 Christum
792 664 926 695 deridet.

186 707 326 738 Discant
355 713 461 738 autem
484 707 545 747 pii,
579 712 614 737 ut
645 707 764 737 dictum
794 712 859 743 est,
894 715 1079 747 agnoscere

99 751 177 780 iram
200 748 264 780 Dei
294 750 325 780 in
354 754 446 780 tanta
474 749 697 790 magnitudine
722 748 943 780 calamitatum
966 747 1078 779 huma·

99 802 224 829 narum,
247 792 374 822 discant
400 797 431 822 et
454 792 589 822 insidias
610 790 742 822 Diaboli
767 800 898 827 cavere,
922 791 976 831 qui
999 800 1078 830 pau-

98 834 188 865 latim
222 844 282 874 per
313 834 438 874 gradus
465 832 601 874 impellit.
635 839 667 864 et
700 832 835 875 longam
867 832 966 864 telam
1001 834 1079 863 texit

98 875 270 907 multarum
285 877 500 913 miseriarum,
522 882 558 907 ut
575 877 705 907 tandem
729 874 874 916 impellat
896 875 938 906 ad
962 875 1079 915 despe-

99 919 268 949 rationem.
303 918 398 949 Sicut
414 918 535 949 dictum
558 924 608 949 est
632 918 776 956 [LPetr.
790 919 821 956 5,
833 917 897 956 8.]:
923 916 1078 948 circumit

83 967 252 1001 <tanquam
274 959 328 991 leo
352 961 497 1002 rugiens,
521 970 684 1002 quaerens
709 970 804 1002 quem
827 961 973 991 devoret.

185 1002 341 1043 Sequitur
365 1004 518 1044 dignitas.
564 1003 624 1034 Hic
653 1013 768 1033 rursus
800 1003 977 1039 admoneo,
1011 1012 1078 1032 non

98 1054 174 1076 esse
197 1045 388 1086 dignitatem
404 1046 578 1076 virtutibus
592 1046 807 1083 tribuendam,
831 1045 919 1086 quod
942 1051 1078 1085 propter

97 1097 154 1118 eas
177 1097 321 1128 persona
344 1087 464 1118 habeat
488 1088 715 1118 remissionem
738 1093 963 1128 peccatorum,
990 1087 1078 1127 quod

98 1129 306 1161 satisfaciant
336 1129 403 1171 legi
427 1129 507 1168 Dei,
538 1131 603 1161 sint
633 1131 772 1171 pretium
803 1130 887 1160 vitae
910 1135 1076 1160 aeternae.

97 1173 164 1203 Sed
187 1171 270 1203 fides
293 1172 495 1212 praeluceat,
519 1182 603 1213 quae
622 1178 741 1203 statuat
755 1182 816 1202 nos
829 1176 964 1212 propter
976 1170 1077 1202 filium

100 1215 159 1245 Dei
183 1214 334 1255 placere,
363 1216 449 1246 sicut
478 1225 578 1255 supra
602 1215 722 1245 dictum
746 1219 806 1245 est.
851 1213 971 1245 Postea
996 1223 1076 1245 vero

96 1258 192 1288 etiam
205 1263 341 1297 propter
357 1257 444 1288 hunc
458 1257 563 1297 ipsum
578 1256 793 1287 Mediatorem
808 1256 870 1286 1105
885 1255 992 1286 01111115
1008 1255 1075 1296 pla-

96 1308 172 1330 eere
184 1298 269 1336 Deo,
289 1300 342 1340 qui
362 1309 428 1330 non
443 1298 511 1329 vult
526 1304 630 1329 totum
645 1308 750 1341 genus
765 1297 942 1329 humanum
956 1300 1074 1339 perire.

96 1341 172 1372 ldeo
198 1340 265 1371 vult
289 1340 430 1382 aliquam
455 1351 530 1372 esse
549 1340 744 1378 Ecclesiam,
768 1341 799 1371 in
825 1351 889 1382 qua
912 1351 1074 1382 agnosca-

96 1390 165 1420 tur,
190 1384 378 1420 invocetur,
405 1383 548 1420 colatur,
578 1383 674 1415 huius
699 1384 917 1414 obedientiam
940 1390 1075 1424 propter

96 1425 194 1456 filium
218 1427 343 1466 recipit,
368 1433 398 1456 et
417 1432 516 1456 vocat
532 1426 705 1458 sacrificia.
731 1427 761 1456 id
785 1432 847 1464 est,
872 1436 983 1466 opera,
1007 1427 1074 1467 qui-

96 1469 157 1498 bus
189 1467 282 1498 Deus
313 1468 436 1499 iudicat
467 1478 503 1499 se
533 1467 660 1499 honore
696 1466 794 1498 affici.
846 1468 923 1499 Ideo
954 1468 1073 1499 Petrus

95 1511 197 1551 inquit
232 1510 274 1548 [1.
311 1520 361 1551 ep.
392 1511 423 1548 ἱ),
457 1510 517 1548 5.1:
555 1510 677 1541 Offerte
711 1510 838 1541 hostias
875 1510 1072 1550 spirituales.

94 1552 185 1583 Haec
209 1558 258 1582 est
282 1553 424 1594 dignitas
448 1553 650 1590 vocationis,
682 1563 747 1583 non
771 1563 953 1592 personae,
989 1554 1072 1584 sicut

95 1594 312 1635 Magistratus
333 1601 385 1626 aut
400 1594 582 1635 Apostolus
601 1605 660 1626 sua
681 1605 780 1635 opera
801 1594 1024 1636 magnifacere
1042 1602 1073 1626 et

94 1638 242 1679 cogitare
251 1638 360 1675 debet,
373 1647 427 1667 res
437 1647 512 1668 esse
523 1638 693 1675 maximas,
705 1647 766 1677 per
778 1648 860 1678 quas
869 1637 962 1668 Deus
972 1638 1071 1669 vitam

93 1680 187 1721 regit,
202 1680 256 1710 dat
269 1680 369 1710 vitam
382 1686 566 1716 aeternam3
580 1680 722 1720 Ideoque
734 1681 911 1721 gubernari
924 1685 954 1710 et
967 1681 1071 1711 iuvari

93 1732 112 1752 a
124 1722 208 1759 Deo,
233 1728 263 1753 et
275 1721 361 1753 hanc
375 1723 417 1753 ob
431 1732 584 1753 caussam
599 1723 776 1753 studiosius
790 1723 897 1753 onmia
911 1721 1019 1753 faciat.

177 1765 234 1795 Sic
258 1763 424 1806 quodlibet
448 1766 625 1796 membrum
648 1763 818 1796 Ecclesiae
847 1765 962 1796 sentiat
985 1764 1070 1796 hanc

91 1817 249 1839 summam
273 1808 415 1838 omnium
439 1809 646 1838 vocationum
664 1817 751 1845 esse,
775 1813 809 1838 ut
833 1809 875 1838 sit
891 1808 1069 1838 membrum

90 1849 201 1890 populi
225 1849 306 1887 Dei,
340 1850 472 1880 invocet
494 1849 600 1881 Deum
625 1860 684 1890 pro
715 1860 752 1880 se
776 1857 807 1881 et
831 1849 920 1888 aliis,
955 1850 1068 1881 offerat

91 1891 270 1929 sacrificia,
294 1893 325 1923 id
349 1898 417 1929 est,
441 1894 545 1923 onmis
570 1894 697 1930 generis
727 1894 812 1923 bona
845 1903 946 1932 opera,
974 1903 1069 1934 prae-

92 1941 186 1975 cepta
209 1934 324 1965 aDeo.
371 1934 463 1965 Haec
486 1935 627 1976 dignitas
651 1936 833 1966 vocationis
856 1934 1068 1978 intelligenda

90 1983 120 2006 et
145 1977 385 2008 consideranda
410 1983 478 2008 est:
513 1978 607 2008 Scias
630 1977 694 2009 hoc
718 1984 808 2009 tuum
833 1978 974 2009 studium
998 1977 1068 2009 lite-

90 2029 198 2050 rarum
224 2025 254 2049 et
277 2020 470 2051 modestiam
494 2021 578 2051 vitae
607 2030 685 2050 vere
716 2031 783 2051 rem
811 2030 961 2061 magnam
992 2030 1067 2051 esse

89 2068 119 2091 et
154 2062 193 2091 ad
230 2063 415 2093 vocationis
449 2061 587 2103 gloriam
617 2068 647 2092 et
670 2062 809 2094 aliorum
833 2064 1066 2094 necessitatem

88 2104 261 2144 pertinere.
308 2103 384 2134 Ideo
408 2114 478 2135 eam
496 2104 589 2135 Deus
611 2105 758 2145 postulat
782 2111 812 2136 et
835 2106 1008 2146 approbat,
1033 2112 1067 2136 ut

89 2146 208 2177 dictum
239 2153 308 2184 est,
343 2147 521 2188 gubernat,
556 2147 698 2178 adiuvat.
746 2147 856 2183 Quare
887 2149 1065 2179 studiosius

88 2186 195 2219 officia
220 2190 265 2219 tui
288 2188 351 2219 loci
375 2188 488 2220 facias.

395 2256 454 2287 DE
478 2257 696 2290 PRAEMHS.
711 2261 755 2297 ⁹⁵)

173 2316 216 2346 Ut
231 2317 382 2347 remissio
399 2322 610 2357 peccatorum
626 2323 657 2348 et
673 2317 894 2349 reconciliatio
907 2320 948 2349 sit
962 2324 1064 2356 certa,

87 2359 226 2390 donatur
248 2365 382 2400 propter
405 2358 506 2390 filium
518 2359 581 2390 Dei
605 2361 718 2400 gratis,
742 2366 774 2391 et
793 2360 857 2391 fide
870 2362 1063 2402 accipienda

90 2437 136 2465 95)
157 2436 224 2460 Haec
244 2437 370 2466 inscriptio
391 2436 415 2461 in
433 2437 476 2461 Ed.
497 2437 519 2461 3.
539 2438 563 2461 in
583 2438 705 2462 contextis
724 2438 826 2468 quidem
845 2439 941 2463 omissa
960 2441 1013 2467 est,
1038 2439 1062 2462 in
1105 2448 1107 2450 ·
1129 2448 1132 2449 ’

155 2470 270 2498 margine
303 2474 388 2495 autem
416 2471 536 2501 subseqq.
558 2472 657 2496 verbis:
694 2472 741 2501 „Ut
766 2472 882 2497 remissio
900 2474 1060 2502 peccatorum

156 2504 221 2528 etc-⁴*
240 2504 365 2534 adscripta
385 2507 444 2529 sunt
462 2505 569 2529 haecce:
588 2506 622 2530 De
640 2506 769 2535 praemiis,
790 2508 893 2535 propter
912 2512 975 2536 quae
995 2507 1059 2531 bona

153 2542 230 2567 opera
248 2537 372 2563 facienda.

577 107 599 138 1.
624 105 724 138 Loci
745 105 1025 137 THEOLOGlcl:
1047 104 1089 137 D.

2044 103 2108 141 773

1113 104 1275 137 TERTIA
1297 104 1453 137 EORUM
1477 105 1632 136 AETAS.

1120 204 1181 229 est.
1228 198 1336 229 Fieret
1365 204 1472 230 autem
1501 198 1642 236 incerta,
1678 197 1706 228 si
1735 199 1894 238 penderet
1924 209 1963 229 ex
1994 202 2105 232 condi-

1120 241 1208 271 tione
1242 246 1430 271 nostrorum
1463 241 1662 271 meritorum.
1720 239 1787 271 Sed
1819 241 1853 271 in
1882 241 2104 274 reconciliatis

1120 289 1238 323 postea
1261 283 1350 313 bona
1373 292 1475 323 opera
1499 294 1573 314 cum
1586 282 1741 324 placeant
1759 282 1824 313 fide
1835 289 1970 324 propter
1982 284 2103 316 Media-

1121 331 1244 362 torem,
1276 331 1311 355 ut
1334 325 1455 355 dictum
1479 331 1541 363 est,
1564 331 1729 356 merentur
1757 326 1903 366 praemia
1927 326 2107 366 spiritualia

1123 373 1155 398 et
1170 366 1369 408 corporalia,
1392 368 1425 397 in
1448 367 1511 398 hac
1534 368 1612 405 vita,
1636 374 1665 398 et
1690 367 1866 407 posthanc
1883 369 1999 407 vitam;
2020 370 2104 401 sicut

1124 409 1215 440 clare
1233 410 1377 440 ostendit
1395 409 1560 441 Parabola
1583 410 1623 440 de
1640 411 1885 452 negotiantibus
1904 411 2030 449 [Mattb.
2045 412 2106 451 25,

1122 452 1207 490 291:
1222 451 1363 483 Habenti
1377 452 1506 483 dabitur
1522 458 1584 482 etc⁴
1609 452 1650 483 Et
1663 453 1691 482 l.
1705 452 1784 483 Tim.
1799 453 1829 483 4.
1841 456 1903 491 [vs.
1917 452 1961 492 8.1
1972 454 2103 486 dicitur:

1122 494 1236 524 Pietas
1259 493 1358 525 habet
1381 495 1618 534 promissiones
1645 496 1827 535 praesentis
1855 502 1884 526 et
1907 494 2037 528 futurae
2061 498 2106 528 vi-

1123 542 1176 567 tae
1208 538 1332 576 etc-⁹⁶)
1384 536 1489 567 Marc.
1515 536 1562 568 10,
1596 539 1658 575 [VS.
1683 537 1765 576 30.]:
1800 537 1970 578 Recipient
1994 546 2105 571 centu-

1122 578 1212 619 plum
1229 579 1262 608 in
1284 578 1349 609 1130
1369 580 1446 616 vita,
1472 580 1531 609 sed
1544 589 1617 609 cum
1630 578 1850 617 tribulatione,
1874 582 1904 611 et
1926 586 2003 621 post
2020 581 2105 613 113110

1123 622 1223 652 vitam
1269 626 1447 652 aeternam.
1509 620 1625 652 Matth.
1669 622 1718 652 10.
1740 623 1787 660 ⁹7)
1831 625 1896 660 [vs.
1917 623 1985 661 ¹42]
2043 624 2105 659 Qui

1123 663 1249 694 dederit
1282 669 1395 703 potum
1431 664 1485 694 uni
1516 673 1555 693 ex
1586 665 1723 694 minimis
1753 670 1888 705 propter
1911 666 2104 703 doctrinam,

1123 715 1188 735 non
1212 706 1328 745 perdet
1352 706 1537 736 mercedem
1561 716 1664 737 suam.
1699 706 1780 737 Luc.
1795 706 1825 737 6.
1843 710 1905 744 [vs.
1918 707 1983 747 38.]
2007 708 2105 746 Date,

1123 753 1154 778 et
1177 748 1308 778 dabitur
1331 749 1436 779 vobis.
1485 748 1588 778 Exod.
1613 748 1665 779 20.
1697 752 1759 786 [vs.
1786 749 1848 787 124
1890 749 2026 781 Honora
2050 762 2105 792 pa-

1123 796 1205 821 trem
1241 796 1272 820 et
1306 796 1461 828 matrem,
1494 797 1528 821 ut
1557 791 1603 820 sis
1634 790 1818 832 longaevus
1848 799 2103 833 superterram.

1123 833 1184 863 les.
1199 832 1249 863 33.
1265 835 1327 871 [vs.
1344 833 1409 871 152]
1455 833 1556 864 Panis
1581 834 1610 864 ei
1634 834 1771 871 debitur,
1796 845 1901 875 aquae
1924 835 1993 866 eius
2012 844 2104 867 erunt

1124 881 1243 906 certae.
1289 874 1416 915 Regem
1440 876 1470 906 in
1495 876 1615 906 decore
1638 877 1802 914 videbunt,
1826 878 1932 915 idest,
1956 888 2015 917 pro
2029 879 2105 909 obe·

1123 918 1243 948 dientia
1267 924 1299 948 et
1324 918 1419 948 bonis
1443 919 1598 958 operibus
1611 917 1705 950 Deus
1730 920 1784 949 dat
1807 918 2002 960 tranquillas
2025 919 2105 962 poli·

1123 961 1207 997 tias,
1252 959 1425 990 honestam
1467 966 1498 991 et
1537 967 1689 1001 pacatam
1723 962 1995 1003 gubernationem
2041 970 2103 996 etc.

1123 1002 1185 1033 les.
1209 1001 1261 1033 58.
1288 1005 1351 1039 svs.
1376 1003 1420 1041 7.]
1460 1003 1590 1044 Frange
1615 1004 1770 1035 esurienti
1793 1014 1909 1045 panem
1934 1011 2039 1044 tuum,
2073 1013 2104 1037 et

1124 1045 1190 1075 eris
1214 1045 1300 1075 sicut
1318 1044 1435 1075 hortus
1460 1046 1605 1086 irriguus
1630 1052 1694 1077 ete.

1210 1086 1361 1128 Denique
1390 1087 1489 1127 plena
1519 1093 1569 1118 est
1593 1089 1752 1129 scriptura
1778 1089 1890 1120 talium
1913 1092 2102 1131 promissio-

1123 1140 1199 1161 num
1224 1130 1264 1160 de
1288 1129 1510 1170 spiritualibus
1536 1136 1565 1160 et
1580 1130 1806 1171 corporalibus
1826 1133 1990 1171 praemiis.
2020 1134 2102 1165 Nan·

1123 1177 1154 1202 et
1177 1173 1208 1202 in
1232 1171 1294 1202 hac
1318 1173 1382 1202 vita
1407 1173 1555 1213 utrisque
1585 1183 1669 1213 opus
1694 1179 1762 1208 esu
1792 1173 1861 1204 Nec
1886 1174 2005 1215 singuli
2028 1177 2101 1207 reti-

1121 1224 1200 1244 nere
1225 1214 1322 1244 fidem
1344 1220 1483 1254 possunt
1509 1215 1580 1245 sine
1604 1216 1770 1253 exercitio,
1794 1226 1855 1247 nec
1883 1217 1915 1246 in
1941 1219 2102 1258 guberna—

1121 1257 1210 1286 tione
1239 1255 1397 1287 illustrari
1427 1257 1575 1287 doctrina
1607 1263 1638 1288 et
1662 1260 1852 1289 conservari
1877 1258 2046 1291 Ecclesiae
2070 1268 2101 1292 et

1120 1297 1252 1339 politiae
1286 1305 1426 1339 possunt
1462 1300 1532 1330 sine
1563 1301 1656 1330 donis
1681 1301 1915 1341 spiritualibus·
1962 1302 2101 1341 Deinde,

1121 1352 1193 1371 cum
1216 1341 1308 1372 Deus
1345 1341 1422 1372 velit
1456 1343 1488 1372 in
1522 1341 1584 1373 1130
1614 1343 1679 1373 vita
1708 1345 1883 1385 propagari
1908 1344 2100 1385 doctrinam,

1120 1384 1174 1414 dat
1198 1383 1332 1424 aliquod
1356 1383 1530 1425 hospitium
1555 1386 1748 1416 docentibus
1773 1392 1805 1416 et
1831 1387 2043 1426 discentibus,
2068 1389 2099 1419 id

1119 1426 1311 1457 mirabiliter
1333 1433 1455 1464 servat,
1479 1429 1563 1459 sicut
1587 1429 1742 1459 servabat
1754 1429 1874 1467 navim,
1894 1430 1924 1460 in
1939 1440 2002 1471 qua
2016 1430 2098 1462 Pau-

1118 1467 1171 1499 lus
1196 1468 1537 1500 vehebaturRomam.
1584 1470 1745 1501 Promittit
1769 1472 1867 1513 igitur
1886 1472 1983 1503 etiam
2005 1484 2098 1514 prae-

1118 1512 1220 1541 sentis
1244 1512 1331 1542 vitae
1356 1513 1538 1542 commoda.
1584 1512 1624 1543 Et
1653 1524 1838 1554 quanquam
1861 1513 2013 1546 Ecclesia
2042 1517 2097 1546 mi-

1117 1552 1263 1584 rabiliter
1285 1554 1433 1585 subiecta
1457 1560 1508 1585 est
1532 1556 1633 1593 cruci,
1657 1561 1766 1586 tamen
1790 1554 1898 1597 aliqua
1926 1556 2095 1589 multitudo

1115 1596 1169 1635 pia
1191 1602 1354 1634 servatur,
1378 1597 1516 1634 etiamsi,
1540 1604 1573 1628 ut
1598 1598 1630 1628 in
1653 1599 1724 1629 acie
1747 1599 1895 1635 victrice,
1919 1598 2017 1641 aliqui
2039 1601 2095 1632 mi-

1114 1637 1189 1668 lites
1212 1637 1457 1670 interficiuntur.

1200 1680 1376 1712 Discamus
1400 1682 1499 1723 igitur
1522 1689 1661 1724 utroque
1682 1694 1803 1725 genere
1825 1685 1985 1716 bonorum
2009 1696 2093 1726 opus

1115 1733 1201 1759 esse,
1226 1729 1256 1754 et
1281 1733 1319 1754 ea
1343 1734 1408 1754 non
1423 1723 1546 1755 frustra
1565 1727 1706 1765 promitti
1730 1726 1846 1765 aDeo,
1870 1728 1928 1757 sed
1952 1734 1985 1758 ut
2010 1728 2092 1759 fides

1113 1773 1227 1796 nostra
1251 1772 1447 1797 exerceatur
1471 1774 1502 1798 et
1525 1775 1671 1807 crescat,
1702 1775 1732 1799 et
1763 1779 1824 1800 nos
1855 1770 1977 1801 invitati
2000 1781 2091 1811 prae-

1114 1809 1185 1839 miis
1209 1807 1397 1849 diligentius
1420 1808 1618 1841 laboremus.

1199 1851 1381 1882 Exercetur
1404 1858 1509 1883 autem
1523 1852 1621 1883 Fides
1639 1852 1816 1894 tripliciter.
1862 1854 1983 1892 Primo.
2007 1865 2089 1887 sem-

1113 1903 1171 1934 per
1194 1894 1277 1923 fides
1300 1895 1438 1934 petitura
1469 1905 1523 1925 res
1551 1895 1634 1926 alias
1657 1897 1746 1927 initio
1770 1897 1890 1938 cogitet
1914 1898 1954 1928 de
1976 1899 2089 1929 remis-

1113 1937 1205 1967 sione
1228 1942 1449 1976 peecatorum,
1472 1943 1506 1968 ut
1528 1937 1635 1969 David
1660 1948 1725 1969 non
1748 1945 1857 1979 potest
1888 1946 2000 1980 petere
2023 1941 2088 1972 vic-

1112 1980 1239 2016 toriam,
1262 1979 1324 2009 nisi
1348 1981 1471 2010 comitet
1495 1981 1557 2011 sibi
1580 1980 1686 2012 Deum
1708 1980 1873 2022 placatum
1897 1992 1983 2014 esse.

1198 2021 1369 2059 Secundo,
1391 2004 1496 2053 ‘Fides
1521 2028 1646 2054 statuat
1669 2033 1734 2054 non
1766 2034 1847 2054 casu
1871 2025 1964 2056 obiici
1990 2027 2086 2065 bona,

1110 2070 1141 2094 ut
1167 2064 1253 2104 impii
1277 2064 1308 2094 in
1333 2065 1408 2095 navi
1421 2064 1513 2096 Pauli
1536 2065 1704 2107 fingebant
1727 2075 1809 2097 casu
1822 2074 1986 2099 servatam
2000 2079 2085 2100 esse.

1109 2106 1152 2137 At
1176 2106 1259 2136 fides
1277 2116 1355 2137 vere
1380 2107 1619 2139 statuataDeo
1644 2118 1705 2138 nos
1728 2107 1783 2146 ali,
1807 2108 1948 2147 defendi,
1971 2112 2086 2149 iuvari,

1109 2155 1140 2179 et.
1161 2148 1277 2179 horum
1302 2149 1535 2181 beneficiorum
1556 2151 1791 2191 promissiones
1810 2151 1884 2182 ideo
1897 2155 2086 2194 propositae

1108 2197 1201 2228 sunt,
1232 2198 1265 2221 ut
1288 2190 1451 2232 Epicurea
1484 2194 1671 2235 imaginatio
1707 2203 1746 2223 ex
1780 2195 1896 2224 animis
1919 2194 2084 2227 hominum

1107 2235 1273 2271 eiiciatur,
1307 2244 1392 2274 quae
1426 2234 1519 2277 fingit
1543 2246 1622 2266 casu
1644 2236 1796 2266 accidere
1819 2237 1904 2267 bona
1930 2244 1960 2268 et
1983 2237 2083 2274 111313;

1107 2276 1173 2307 Sed
1198 2277 1363 2307 discamus
1387 2287 1465 2308 vere
1483 2277 1588 2308 aDeo
1601 2278 1669 2308 dari
1694 2279 1791 2316 bona,
1817 2286 1847 2309 et
1871 2289 1909 2310 ea
1934 2287 2082 2320 petamus

1105 2320 1146 2350 ab
1169 2320 1251 2359 ipso.

1190 2361 1311 2391 Tertio.
1336 2361 1431 2392 Fides
1451 2369 1622 2394 exercetur
1645 2369 1762 2403 petens
1779 2363 1931 2395 auxilium
1946 2370 1977 2395 et
1995 2375 2080 2396 com-

1104 2491 1149 2519 96)
1169 2492 1214 2514 etc.
1233 2490 1311 2515 abest
1329 2490 1364 2515 ab
1383 2490 1454 2515 Editt.
1480 2492 1550 2516 1—9.
1577 2492 1611 2516 12.

1080 2536 1083 2556 t
1104 2542 1149 2566 971
1172 2541 1220 2571 ια]
1238 2541 1308 2565 Editt.
1332 2542 1418 2565 1—16.
1440 2542 1522 2566 maie:
1545 2543 1580 2565 11,
