2358 2933
226 101 284 132 371
851 100 958 131 PHIL.
981 99 1082 131 nOEL.
1105 99 1289 131 SCRIPTA
1311 98 1584 134 DOGMATICA.

227 193 398 233 inquirant.
446 190 520 221 Scio
544 190 663 221 multos
688 190 788 221 multa
810 189 913 222 futilia
936 192 1120 223 testimonia
1143 202 1192 223 re·
1215 214 1218 220 .

227 235 365 265 centium
400 242 588 274 congerere.
635 232 700 263 Sed
734 231 901 273 diligentia
922 241 972 264 est
996 235 1057 274 piis
1079 244 1193 265 neces·
1215 224 1218 259 1

226 277 324 313 saria,
359 276 544 306 discernere
578 275 677 305 notha
700 285 739 305 ac
762 273 943 306 adulterina
966 277 1151 307 testimonia
1174 287 1194 307 a

227 319 323 349 veris.
358 317 546 348 Retineatur
569 327 648 357 ergo
671 328 742 348 mos
766 316 988 357 ApostolicuS,
1012 319 1064 359 qui
1089 329 1193 349 annos

227 361 355 390 circiter
384 366 549 389 trecentos
584 360 614 389 in
639 358 789 390 Ecclesia
816 360 890 390 inde
913 370 1018 401 usque
1040 361 1080 391 ab
1104 361 1193 401 Apo-

228 400 321 432 stolis
354 402 483 437 mansit,
516 402 690 432 recitentur
722 403 795 442 piae
827 400 995 439 lectiones,
1030 403 1193 433 erudiatur

227 441 364 484 populus
385 441 519 473 salutari
543 444 711 481 concione,
735 443 810 474 finnt
836 445 1052 484 precationes,
1078 446 1193 475 deinde

228 486 402 515 recitentur
420 486 521 515 verba
544 484 664 516 Christi
688 486 728 516 de
752 485 874 523 Coena,
898 493 927 516 ct
946 487 1193 517 Sacramentum

228 528 438 557 distribuatur
461 525 581 567 aliquot
606 528 666 568 piis
686 527 865 568 exploratis
889 530 1084 568 petentibus,
1107 530 1194 559 dein-

228 570 267 600 de
291 570 414 600 dicatur
439 570 613 599 oratiarum
636 571 731 601 actio.
765 571 836 601 Nec
860 570 935 601 fiant
961 572 1106 611 privatae
1129 572 1193 602 sin-

228 610 378 653 gulorum
402 612 443 641 011
459 612 592 642 11110005.

313 653 351 683 Et
390 654 464 693 quia
498 653 580 684 haec
615 664 734 685 caussa
767 654 911 695 postulat
945 655 1193 696 explicationem

228 695 462 732 ostendentem,
483 706 565 736 quae
590 706 643 726 res
667 698 707 727 sit
731 696 938 734 sacrificium,
963 705 993 728 et
1016 708 1057 728 an
1076 699 1116 728 sit
1130 708 1193 728 una

227 735 454 777 appellationis
477 738 569 774 ratio,
593 739 739 769 adiiciam
763 739 848 770 hanc
871 739 1136 778 declarationem,
1160 746 1193 771 ut

228 789 292 821 ego
315 780 442 820 quidem
466 780 627 817 existimo,
654 783 886 813 necessariam.
1216 785 1219 841 1

518 907 575 938 DE
595 908 850 939 SACRIFICIO.
860 911 872 929 ⁴¹
883 912 903 940 ¹)
1216 856 1219 927 Ι

313 991 382 1022 Etsi
423 999 528 1022 autem
562 992 688 1032 puerile
722 993 847 1024 videtur
881 992 1042 1023 vocabula
1076 993 1194 1023 Sacra-

229 1035 326 1064 menti
360 1041 389 1064 et
414 1034 572 1064 Sacrificii
595 1035 795 1072 discernere,
830 1042 936 1065 tamen
961 1046 1014 1066 res
1039 1034 1194 1075 postulat,

229 1083 261 1106 ut
295 1077 325 1106 in
360 1077 552 1107 ceremoniis
586 1077 761 1108 discrimen
796 1079 990 1108 observetur
1019 1084 1050 1108 et
1074 1078 1194 1108 diversi

229 1117 320 1148 fines.
365 1117 458 1149 Aliae
481 1125 555 1149 sunt
578 1120 672 1159 signa
695 1126 727 1149 et
750 1126 847 1150 notae
870 1121 1140 1159 promissionum,
1164 1121 1195 1150 in

228 1161 345 1201 quibus
368 1160 459 1191 Deus
482 1162 576 1191 nobis
599 1161 721 1202 aliquid
744 1161 890 1194 exhibet:
930 1161 1024 1192 Aliae
1042 1172 1120 1193 vero
1145 1172 1195 1193 ce-

228 1203 391 1233 remoniae
410 1212 473 1232 non
497 1209 573 1233 sunt
595 1204 726 1243 proprie
739 1205 833 1245 signa
845 1205 1113 1244 promissionum,
1136 1205 1195 1235 sed

229 1254 338 1284 opera,
361 1254 443 1285 quae
466 1256 526 1275 1105
551 1245 623 1276 1)οο
643 1247 817 1277 reddimus.

313 1286 402 1317 Haec
425 1287 455 1317 in
481 1289 672 1318 ceremoniis
697 1289 881 1319 discrimina
904 1298 1042 1319 necesse
1065 1294 1115 1319 est
1138 1289 1195 1319 ob-

228 1338 381 1366 servare,
415 1330 663 1371 quibuscunque
690 1331 821 1361 tandem
855 1330 1024 1361 vocabulis
1059 1337 1194 1361 utamur.

228 1370 268 1400 Et
291 1371 441 1411 quoniam
464 1371 546 1402 haec
575 1371 737 1403 vocabula
760 1373 961 1403 Sacramenti
984 1379 1015 1403 et
1038 1372 1194 1405 Sacn'ticii

228 1414 258 1443 in
292 1423 354 1443 usu
373 1421 464 1451 sunt,
493 1425 552 1445 nos
577 1424 707 1455 quoque
730 1425 769 1445 ea
791 1416 1012 1446 retinebimus.
1058 1415 1116 1445 Est
1139 1416 1195 1445 ita-

228 1465 290 1495 que
303 1454 550 1487 Sacramentum
574 1457 769 1495 ceremonia,
793 1468 875 1497 quae
899 1463 949 1487 est
971 1458 1098 1498 signum
1122 1467 1195 1496 pro-

228 1497 403 1534 missionis,
437 1508 494 1537 per
524 1500 610 1539 quod
634 1499 724 1529 Deus
758 1498 879 1540 aliquid
912 1500 1008 1530 nobis
1042 1499 1196 1540 promittit

227 1545 284 1569 aut
317 1539 455 1569 exhibet.
502 1540 714 1572 Circumcisio
749 1548 817 1572 erat
840 1542 978 1582 signum,
1013 1553 1078 1582 quo
1101 1540 1194 1582 polli-

229 1582 363 1611 cebatur
385 1580 476 1612 Deus
500 1593 537 1613 se
560 1584 706 1624 recipere
737 1585 959 1615 circumcisos,
1004 1584 1195 1624 Baptismus

228 1624 355 1664 sigmun
380 1630 439 1661 est,
464 1626 549 1665 quod
572 1625 665 1656 Deus
688 1627 858 1657 nobiscum
877 1627 943 1667 agit
957 1632 989 1656 et
1006 1627 1122 1666 recipit
1135 1636 1195 1656 nos

228 1666 260 1695 in
283 1667 419 1707 gratiam
443 1674 472 1697 et
497 1668 589 1707 quasi
609 1669 751 1709 baptizat
774 1678 834 1698 nos
854 1669 939 1708 ipse:
958 1669 1039 1699 Nam
1052 1669 1196 1698 minister

230 1708 369 1747 baptizat
404 1710 474 1739 vice
507 1709 638 1740 Christi.
695 1710 897 1741 Sacrificium
932 1718 982 1741 est
1013 1711 1197 1742 ceremonia

229 1748 280 1779 vel
304 1760 386 1789 opus
410 1758 567 1789 nostrum,
591 1754 679 1794 quod
698 1763 758 1783 nos
772 1753 845 1783 Deo
871 1754 1047 1791 reddimus,
1066 1760 1101 1783 ut
1125 1763 1195 1783 eum

229 1791 353 1822 honore
375 1792 567 1832 afficiamus,
585 1794 650 1825 hoc
673 1802 733 1832 est,
751 1802 908 1826 testamur
926 1806 988 1825 nos
1011 1805 1195 1837 agnoscere

230 1833 314 1864 hunc
337 1835 454 1875 ipsum,
477 1838 528 1867 cui
552 1837 636 1868 113110
659 1838 875 1868 obedientiam
898 1845 1116 1878 praestamus,
1140 1848 1196 1868 ve-

231 1887 265 1906 re
299 1887 373 1907 esse
396 1877 512 1915 Deum,
547 1880 684 1920 ideoque
718 1890 778 1910 nos
814 1881 841 1910 ei
869 1880 955 1910 hanc
979 1880 1196 1910 obedientiam

229 1925 405 1958 praestare.

314 1961 397 1992 Sunt
434 1970 544 1993 autem
565 1964 724 1995 Sacrificii
758 1965 888 2004 species
911 1965 1078 2004 proximae
1102 1965 1195 2001 duae,

231 2013 290 2033 nec
325 2012 398 2034 sunt
425 2003 542 2045 plures
591 2006 763 2040 Quoddam
788 2014 835 2037 est
861 2007 1064 2038 Sacrificium
1088 2007 1195 2047 propi-

229 2045 399 2083 tiatorium,
424 2046 573 2078 videlicet
595 2059 695 2088 opus,
720 2050 806 2089 quod
831 2055 972 2079 meretur
991 2048 1063 2079 aliis
1083 2050 1195 2079 remis-

230 2088 352 2118 sionem
375 2088 490 2129 culpae
512 2096 545 2120 et
572 2100 697 2130 poenae
719 2097 871 2121 aeternae
894 2102 953 2122 seu
976 2102 1059 2132 opus
1083 2101 1196 2121 recon-

231 2128 344 2160 cilians
367 2130 472 2161 Deum
507 2138 538 2162 et
566 2131 702 2173 placans
725 2134 804 2163 iram
827 2133 887 2164 Dei
911 2145 970 2173 pro
994 2133 1066 2164 aliis
1090 2140 1120 2164 et
1144 2144 1197 2163 sa-

230 2170 441 2204 tisfactorium
475 2184 534 2213 pro
570 2174 665 2215 culpa
701 2182 730 2205 et
763 2186 869 2216 poena
892 2182 1035 2206 aeterna.
1082 2175 1197 2206 Altera

230 2215 358 2253 species
381 2222 429 2245 est
454 2216 654 2247 Sacrificium
678 2218 894 2257 ετῗχιιρισιικὸν,
931 2219 1017 2259 quod
1046 2228 1109 2248 non
1133 2228 1199 2248 me-

231 2262 317 2286 retur
339 2258 560 2288 remissionem
586 2267 795 2298 peccatorum
817 2267 871 2290 aut
891 2259 1198 2297 ret·onciliationem,

231 2299 288 2327 sed
323 2298 357 2328 fit
401 2311 419 2329 a
444 2301 672 2332 reconciliatis.
708 2309 739 2332 ut
762 2313 822 2342 pro
847 2309 982 2342 accepta
1006 2303 1197 2333 remissione

231 2347 440 2379 peccatorum
464 2351 492 2371 et
517 2354 575 2382 pro
600 2342 671 2374 aliis
695 2344 861 2375 beneficiis
878 2344 950 2375 Deo
974 2345 1096 2385 gratias
1120 2355 1196 2385 aga-

2143 108 2206 140 872

1239 191 1329 223 Haec
1362 193 1526 224 distinctio
1560 195 1640 225 satis
1675 193 1763 226 clare
1784 197 1916 236 probari
1939 203 2048 237 potest
2070 208 2110 229 ex
2132 199 2205 239 Epi-

1239 232 1324 265 stola
1346 236 1387 265 ad
1410 235 1598 271 Hebraeos3
1627 236 1716 267 Haec
1739 238 1823 268 enim
1845 239 1940 270 docet
1963 244 2087 270 tantum
2109 251 2206 272 unmn

1239 276 1271 306 111
1306 278 1424 308 mundo
1460 277 1720 317 Propitiatorium
1749 279 1952 311 Sacrificium
1986 279 2098 312 suisse-
2143 282 2205 313 Re-

1238 316 1392 359 linquitur
1410 320 1517 360 igitur.
1543 326 1652 351 cetera
1675 322 1782 351 omnia
1805 331 1880 352 esse
1903 333 2014 363 opera,
2039 324 2070 353 in
2088 324 2204 364 quibus

1239 360 1438 392 reconciliati
1461 362 1676 393 obedientiam
1699 362 1868 394 declarare
1887 365 2065 396 debuerint.

1324 402 1428 434 Porro
1451 404 1481 434 in
1506 404 1565 434 llas
1588 405 1669 435 duas
1693 406 1831 445 species.
1850 417 1932 446 quas
1955 407 2035 445 dixi,
2053 407 2199 439 distribui

1239 452 1377 483 possunt
1412 447 1518 476 omnia
1544 446 1690 478 Levitica
1719 447 1879 478 sacrificia
1912 455 2066 489 tanquam
2088 450 2120 480 in
2144 460 2205 480 sua

1241 487 1412 518 domicilia.
1457 487 1658 519 Dicebantnr
1686 490 1768 519 enim
1792 490 1951 529 quaedam
1974 491 2006 521 in
2029 490 2103 531 lege
2126 491 2205 522 Pro-

1239 528 1402 568 pitiatoria
1436 531 1597 561 sacrificia
1630 537 1762 571 propter
1794 532 2062 572 significationem
2084 543 2141 564 sen
2165 535 2206 564 si-

1241 569 1469 610 militudinem,
1514 583 1578 602 non
1624 574 1709 613 quod
1748 580 1947 604 mererentur
1981 575 2205 606 remissionem

1241 619 1450 651 peccatorum
1479 625 1588 645 coram
1617 615 1708 653 Deo,
1731 616 1790 645 sed
1813 617 1887 655 quia
1909 616 2138 657 significabant
2159 616 2207 649 fu—

1242 660 1346 685 turum
1359 655 1527 687 CHRISTI
1550 658 1755 688 sacrificium.
1802 658 1952 688 Cetemm
1977 659 2018 689 ibi
2040 660 2206 690 mereban-

1241 702 1292 726 tur
1326 699 1550 728 remissionem
1582 706 1790 739 peccatorum
1814 701 1844 730 in
1868 707 2003 730 externa
2033 710 2207 732 conversa-

1242 739 1340 776 tione,
1364 739 1428 769 hoc
1451 746 1511 777 est,
1534 750 1574 770 ne
1597 740 1640 771 illi
1665 741 1915 772 excluderentur
1938 752 1977 772 ex
2000 741 2114 782 politia
2136 743 2206 774 Μο-

1241 782 1303 821 ysi.
1349 781 1551 812 Dicebantur
1584 783 1692 823 itaque
1716 783 1943 823 propitiatoria
1976 795 2035 824 pro
2059 791 2208 824 peccato,

1241 833 1300 862 pro
1324 821 1454 860 delicto,
1467 823 1712 855 Holocaustum.
1743 824 1801 855 Illa
1813 835 1892 855 vero
1906 833 1996 856 erant
2008 826 2206 867 εὐχαριστικά,

1243 864 1397 902 01113110,
1431 866 1582 904 1111111110,
1616 866 1874 904 Retributiones,
1910 867 2087 905 Primitiae,
2110 868 2208 900 Deci-

1242 917 1325 937 mae.

1328 949 1394 980 Sed
1418 960 1532 981 revera
1554 952 1683 982 unit-um
1707 958 1829 982 tantum
1852 953 1882 982 in
1905 953 2024 983 mundo
2048 951 2107 983 fnit
2129 951 2209 982 Pro·

1242 992 1439 1032 pitiatorium
1475 993 1684 1030 sacrificium,
1718 993 1870 1025 videlicet
1902 995 2014 1034 passio
2038 1005 2098 1026 seu
2119 1004 2209 1025 mors

1243 1034 1373 1072 Christi,
1404 1040 1438 1065 ut
1473 1036 1569 1066 docet
1602 1035 1749 1075 Epistola
1783 1037 1824 1067 ad
1858 1036 2027 1067 Hebraeos
2057 1036 2123 1075 [10‚
2146 1037 2208 1075 4.]:

1242 1075 1446 1116 Impossibile
1469 1084 1519 1108 est.
1543 1078 1702 1119 sanguine
1725 1084 1892 1109 taurorum
1915 1084 1946 1109 et
1968 1079 2132 1110 hircorum
2154 1089 2209 1110 au-

1242 1117 1319 1149 ferri
1341 1125 1488 1159 peccata.
1533 1119 1574 1150 Et
1592 1120 1690 1160 paulo
1713 1127 1788 1160 post
1810 1123 1874 1159 [vs.
1892 1121 1953 1160 10.]
1978 1122 2018 1152 de
2042 1120 2209 1152 voluntate

1243 1160 1380 1191 Christi:
1421 1161 1456 1191 ln
1490 1172 1554 1202 qua
1586 1161 1755 1192 voluntate
1788 1162 1983 1194 sanctificati
2016 1173 2127 1194 sumus
2150 1173 2209 1204 per

1243 1202 1440 1234 oblationem
1464 1205 1611 1244 corporis
1636 1204 1756 1235 Christi
1778 1204 1880 1236 semel
1904 1211 1964 1236 etc.

1328 1245 1409 1276 Nam
1432 1248 1516 1279 et42')
1540 1245 1690 1277 Christus
1716 1248 1785 1286 ipse
1808 1257 1902 1277 suum
1926 1247 2129 1278 Sacrificium
2149 1257 2209 1288 pro

1243 1288 1336 1318 nobis
1359 1286 1517 1328 applicat,
1541 1298 1614 1318 cum
1633 1298 1693 1327 pro
1715 1290 1811 1319 nobis
1836 1295 1917 1319 orat.
1963 1289 2050 1319 Ioan.
2076 1290 2125 1319 17.
2144 1292 2208 1327 [vs.

1242 1330 1308 1368 20.]
1344 1329 1408 1360 Pro
1443 1330 1490 1360 eis
1524 1330 1693 1361 sanctifico
1727 1341 1777 1361 me
1810 1332 1932 1371 ipsum,
1955 1337 1990 1362 ut
2012 1332 2076 1361 sint
2095 1337 2126 1362 et
2148 1332 2209 1372 ipsi

1243 1372 1437 1403 sanctificati
1458 1373 1489 1402 in
1512 1373 1666 1408 veritate3
1688 1383 1753 1403 non
1776 1384 1836 1412 pro
1860 1374 1906 1403 eis
1918 1379 2026 1403 autem
2039 1383 2120 1414 rogo
2140 1380 2209 1404 tan-

1243 1421 1319 1453 tum,
1344 1415 1402 1444 sed
1427 1420 1458 1444 et
1480 1425 1540 1454 pro
1564 1415 1619 1449 115,
1642 1415 1696 1454 (101
1720 1415 1872 1445 credituri
1895 1421 1972 1445 sunt
1993 1425 2053 1455 per
2076 1416 2209 1446 verbum

1243 1467 1355 1487 eorum
1378 1457 1409 1486 in
1433 1466 1494 1486 me.
1540 1455 1628 1487 Ecce
1651 1456 1732 1486 haec
1756 1463 1831 1487 sunt
1854 1457 1955 1487 nostri
1979 1456 2147 1488 Pontificis
2170 1467 2209 1488 30

1243 1499 1431 1530 Sacerdotis
1465 1499 1577 1535 verba,
1611 1500 1727 1539 quibus
1761 1509 1798 1529 se
1820 1510 1878 1540 pro
1903 1504 1970 1529 tota
1991 1498 2141 1529 Ecclesia
2164 1498 2210 1529 os-

1243 1540 1304 1571 fert
1315 1551 1354 1571 ac
1367 1551 1426 1581 pro
1451 1551 1489 1570 ea
1513 1546 1595 1578 orat,
1620 1551 1703 1581 quae
1726 1551 1855 1582 semper
1877 1542 1908 1571 in
1933 1547 2113 1581 conspectu
2136 1542 2210 1571 etin

1244 1584 1349 1613 animo
1374 1583 1497 1613 habere
1522 1583 1689 1614 debemus.
1727 1583 1850 1614 Iesaias
1875 1585 1969 1614 etiam
1980 1584 2210 1624 interpretatur

1242 1625 1375 1665 Legem,
1398 1632 1432 1655 ut
1456 1626 1598 1656 sciamus
1621 1631 1757 1656 mortem
1776 1625 1945 1656 CHRISTI
1968 1636 2044 1656 vere
2068 1635 2141 1656 esse
2159 1635 2210 1655 sa-

1243 1668 1459 1698 tisfactionem
1488 1678 1548 1707 pro
1582 1668 1725 1708 peccatis
1759 1668 1879 1698 nostris
1903 1678 1961 1698 seu
1985 1668 2210 1708 expiationem,

1243 1721 1309 1740 non
1344 1711 1544 1741 ceremonias
1569 1710 1680 1751 LegiS.
1736 1710 1846 1745 Quare
1878 1711 1980 1751 inquit
2013 1710 2126 1750 Capite
2158 1709 2210 1740 53.

1245 1757 1306 1790 [ν5.
1343 1753 1404 1790 10.1
1440 1752 1618 1792 Postquam
1648 1753 1773 1783 dederit
1795 1753 1932 1783 animam
1956 1763 2048 1783 suam
2071 1752 2209 1782 hostiam

1243 1805 1302 1836 pro
1337 1794 1475 1832 delictis,
1510 1795 1629 1825 videbit
1661 1805 1771 1825 semen
1805 1794 2001 1836 longaevum
2024 1800 2096 1831 etc.,
2119 1794 2211 1835 quasi

1247 1838 1350 1868 dicat:
1374 1836 1449 1867 Alia
1472 1837 1579 1867 hostia
1599 1843 1711 1875 restat,
1735 1848 1817 1878 quae
1840 1848 1918 1868 vere
1937 1836 2029 1867 tollet
2040 1842 2211 1877 peccatum

1245 1887 1275 1910 et
1295 1886 1441 1910 mortem.
1470 1879 1558 1920 Ergo
1571 1880 1655 1910 istae
1667 1880 1787 1910 usitate
1803 1880 2004 1910 ceremoniae
2016 1889 2081 1909 non
2093 1877 2210 1909 tollunt

1244 1928 1414 1962 peccatum
1428 1928 1459 1951 et
1470 1928 1616 1952 mortem.
1632 1921 1753 1952 Paulus
1762 1920 1846 1952 hanc
1859 1922 2049 1952 sententiam
2063 1920 2210 1957 reddidit,

1244 1976 1315 1995 cum
1328 1964 1447 2004 inquit:
1462 1964 1580 1994 Factus
1594 1970 1643 1994 est
1656 1962 1868 1994 maledictum.
1893 1964 1988 1994 Item:
2008 1963 2060 1993 De
2072 1969 2210 2002 peccato

1244 2007 1407 2038 damnavit
1429 2012 1609 2046 peccatum,
1632 2007 1664 2036 id
1687 2012 1749 2042 est,
1771 2012 1942 2046 peccatum
1966 2006 2089 2045 punivit
2112 2011 2143 2035 et
2157 2004 2210 2034 de-

1243 2049 1322 2080 levit
1354 2058 1412 2088 per
1440 2047 1579 2079 hostiam
1601 2058 1660 2088 pro
1685 2054 1830 2088 peccato.
1876 2048 1982 2088 Ipsam
2005 2048 2089 2078 enim
2111 2045 2211 2077 hosti-

1243 2102 1294 2122 am
1318 2091 1456 2121 Hebraei
1489 2096 1659 2130 peccatum
1694 2100 1753 2121 seu
1787 2089 1940 2121 delictum
1962 2096 2094 2126 vocant,
2128 2089 2211 2119 sicut

1244 2133 1349 2164 Latini
1374 2131 1547 2172 piaculum.
1592 2132 1775 2163 Teneamus
1799 2133 1896 2173 igitur
1921 2132 1996 2169 hoc,
2018 2130 2121 2162 fuisse
2141 2131 2211 2162 uni-

1245 2187 1317 2207 cum
1350 2181 1472 2206 tantum
1505 2175 1537 2205 in
1570 2175 1688 2210 mundo
1723 2175 1916 2205 sacrificium
1940 2173 2210 2214 Propitiatorium.

1245 2219 1327 2249 Nam
1348 2216 1415 2254 illa,
1434 2227 1516 2258 quae
1539 2218 1570 2247 in
1590 2217 1680 2258 Lege
1703 2218 1895 2247 dicebantur
1917 2216 2158 2256 propitiatoria,
2177 2220 2211 2245 ut

1246 2262 1321 2297 dixi,
1340 2266 1473 2300 propter
1492 2258 1728 2289 similitudinem
1753 2260 1800 2289 sic
1819 2260 2039 2295 vocabantur,
2072 2258 2211 2298 ideoque

1245 2302 1366 2333 abolita
1400 2308 1486 2339 sunt,
1519 2308 1693 2342 postquam
1718 2301 1867 2332 Christus
1901 2301 2061 2341 apparuit.
2106 2299 2211 2330 Porro

1246 2356 1318 2375 cum
1342 2344 1555 2385 Evangelium
1590 2345 1663 2374 ideo
1691 2344 1886 2384 promissum
1909 2343 1962 2380 sit,
1985 2349 2019 2373 ut
2043 2341 2210 2372 exhiberet

231 2392 301 2411 mus
325 2392 383 2413 500
407 2386 541 2423 gratiam
567 2384 746 2416 referamus
776 2386 836 2417 hac
861 2393 976 2417 nostra
1000 2387 1194 2417 obedientia.
1218 2409 1220 2425 ,
1245 2397 1354 2418 veram
1368 2387 1637 2427 propitiationem,
1661 2396 1799 2416 necesse
1813 2391 1862 2416 est
1887 2385 2090 2416 ceremonias
2114 2383 2210 2413 Levi-

1217 2431 1220 2458 Ι

1216 2493 1219 2505 Ι

230 2518 275 2545 ⁴1)
296 2519 370 2542 Hanc
388 2520 591 2549 inscriptionem
611 2521 742 2546 omittunt
760 2522 830 2546 Editt.
854 2523 923 2545 1—4.
945 2524 967 2545 ‘3⁴
989 2523 1011 2544 7.
1032 2523 1054 2544 9,

1216 2466 1219 2491 ¹
1252 2464 1270 2465 Π
1297 2463 1309 2465 ,.
1334 2463 1372 2464 We?

1237 2524 1287 2549 5⁶2)
1306 2522 1341 2552 et]
1360 2522 1432 2546 Editt.
1456 2523 1492 2546 18.
1514 2522 1553 2544 20.
1575 2522 1614 2544 22.
1635 2522 1674 2543 24.
1695 2521 1734 2544 28.
1756 2521 1795 2544 29.
1816 2519 1931 2546 31-33..
1951 2520 2010 2549 01η).
2034 2520 2054 2541 1.
2075 2519 2096 2542 2.
2116 2520 2142 2542 ut
