2358 2933
103 113 167 145 965

102 205 146 236 ad
168 205 422 235 invocationem.
459 203 562 234 Huius
586 202 720 244 regulae
745 202 929 243 exemplum
952 200 1080 232 illustre

103 252 194 277 extat
216 247 246 276 in
270 245 409 276 historia
433 245 539 275 Iudith
575 255 646 285 cap.
669 245 700 276 8.
746 244 827 276 Cum
850 245 1009 275 rescisset
1033 244 1081 274 lu-

104 289 171 319 dith
195 289 402 319 sacerdotem
425 288 682 327 praescripsisse
693 287 765 317 Deo
789 287 933 327 quinque
956 287 1081 316 dierum

103 332 261 371 spatium,
311 330 490 370 obiurgans
525 330 731 360 sacerdotem
765 329 867 368 inquit
903 332 964 364 1vs.
1003 329 1081 365 114:

105 373 169 407 Qui
193 373 274 402 estis
298 382 371 408 VOS,
395 374 449 412 qui
472 372 601 402 tentatis
614 370 742 402 Deum?
761 370 820 400 Hic
844 380 952 400 sermo
976 372 1081 410 magis

103 415 206 444 irritat
229 415 310 444 iram
335 414 494 452 [vs.13.]:
520 413 744 444 Constituistis
766 412 840 442 Deo
863 418 990 452 tempus
1014 413 1082 452 opi·

103 455 240 487 tulandi.

189 540 384 581 Ignorantes
418 540 517 581 igitur
549 539 681 569 modum
705 544 735 568 et
758 543 886 578 tempus
909 537 1018 569 Deum
1037 539 1081 568 in-

104 589 253 613 tueamur
276 588 307 611 et
332 583 372 612 ab
397 583 468 622 ipso
491 587 640 621 petamus
665 586 803 611 eventus
826 579 996 620 placidos,
1020 581 1082 611 sic-

102 631 138 656 ut
160 625 191 654 2·
217 623 323 654 Paral.
342 624 395 654 20.
421 627 483 660 [vs.
510 624 572 661 1⁶24
593 623 728 653 dicitur:
775 622 856 653 Cum
880 623 1083 663 ignoramuS,

103 667 181 707 quid
204 667 368 707 agendum
391 666 445 702 sit,
469 666 534 696 hoc
558 664 665 695 solum
689 666 786 695 nobis
809 671 925 702 restat,
946 671 980 694 ut
1004 675 1082 695 ocu—

104 709 156 740 los
191 714 325 738 nostros
349 709 390 738 ad
415 714 446 737 te
471 709 659 748 dirigamus.
706 707 798 742 Quae
821 708 985 737 sententia
1009 717 1082 737 cum

93 750 328 781 dulcissimam
363 749 624 781 consolationem
655 751 841 786 contineat,
881 759 1011 789 semper
1051 750 1082 779 in

104 799 286 832 conspectu
308 793 349 822 sit
372 793 404 822 in
428 794 579 822 omnibus
604 793 704 823 rebus
728 793 904 832 ambiguis,
929 802 1012 832 quae
1024 791 1082 821 hu-

103 836 208 866 manis
223 833 369 865 eonsiliis
383 835 534 865 extricari
547 846 610 865 non
625 841 776 875 possunt,
791 835 974 864 cuiusmodi
987 833 1083 864 valde

102 876 204 907 multa
227 876 348 907 homini
372 877 535 907 accidunt.
582 877 778 907 Adscribam
807 877 906 917 igitur
928 876 1083 906 loachimi

104 918 285 949 Camerarii
309 918 513 956 versiculos,
546 920 664 959 quibus
688 918 752 949 hoc
776 919 897 949 dictum
920 919 1010 958 regis
1035 918 1083 949 Io-

105 960 225 1001 saphat
255 962 436 1001 expressit,
471 967 505 992 ut
529 962 727 992 admoneant
750 961 791 991 de
813 960 879 990 hoc
902 967 1082 1001 praecepto

103 1003 290 1034 studiosos:

147 1086 182 1116 In
206 1086 353 1116 tenebris
376 1092 510 1116 nostrae
535 1092 565 1116 et
588 1088 691 1117 densa
715 1085 855 1127 caligine
878 1087 995 1117 mentis

190 1127 273 1158 Cum
296 1127 376 1158 nihil
401 1134 452 1158 est
476 1134 544 1159 toto
568 1135 702 1169 pectore
725 1127 866 1165 consilii,

146 1169 281 1200 Turbati
305 1171 472 1211 erigimus,
496 1170 599 1207 Deus,
623 1172 663 1201 ad
689 1176 720 1200 te
743 1169 866 1200 lumina
890 1171 1012 1207 cordis,

189 1212 314 1242 Nostra
337 1218 493 1252 tuamque
518 1213 598 1242 tides
624 1212 728 1242 solius
753 1218 826 1241 orat
849 1222 955 1251 opem.

146 1254 195 1284 Tu
219 1264 298 1294 rege
321 1253 470 1284 consiliis
493 1260 600 1291 actus,
620 1255 717 1284 Pater
741 1255 872 1294 optime,
895 1261 1043 1291 nostros,

187 1296 346 1325 Nostrum
370 1305 453 1334 opus
476 1302 510 1325 ut
533 1295 620 1326 laudi
645 1297 770 1326 serviat
795 1306 890 1326 omne
913 1303 998 1327 tuae.

103 1379 192 1409 Idem
215 1379 313 1409 docet
335 1378 425 1409 Psal.
450 1379 501 1409 36.
527 1380 646 1417 tvs.5.]
672 1379 875 1410 Commenda
898 1380 972 1410 Deo
996 1382 1081 1410 viam

103 1427 191 1451 tuam
226 1427 256 1450 et
291 1430 389 1460 spera
413 1421 443 1451 in
468 1432 558 1458 eum,
582 1428 613 1452 et
643 1424 714 1462 ipse
737 1421 844 1452 faciet.
890 1422 931 1452 Et
954 1421 1082 1453 illustre

105 1461 290 1502 exemplum
320 1469 368 1493 est
388 1463 495 1494 Exod.
527 1464 577 1493 14.
623 1463 705 1494 Cum
728 1463 858 1494 Pharao
883 1465 1008 1505 regium
1028 1475 1082 1495 ex-

105 1505 244 1535 ercitum
279 1505 404 1535 ducens
427 1507 570 1537 accessit
592 1507 633 1536 ad
659 1505 825 1536 Israelitas
849 1513 881 1536 et
904 1517 1081 1547 oppressu-

103 1556 161 1577 rus
169 1557 228 1577 eos
240 1547 418 1584 videretur,
426 1549 500 1588 quia
509 1547 730 1579 Israelitarum
738 1547 907 1579 multitudo
918 1555 986 1579 erat
998 1551 1081 1579 iner-

104 1590 164 1619 mis
189 1595 220 1619 et
241 1591 359 1629 partim
383 1591 463 1620 mari
487 1591 603 1630 partim
627 1591 790 1620 montibus
810 1590 949 1628 inclusa,
973 1602 1014 1622 ne
1037 1590 1081 1621 ef-

103 1630 219 1673 fugere
244 1638 372 1672 posset,
397 1639 427 1662 et
450 1632 629 1673 periculum
649 1631 746 1662 nullis
771 1632 920 1664 humanis
935 1634 1082 1664 consiliis

105 1675 222 1704 discuti
246 1680 376 1714 posset,
401 1674 519 1704 clamat
542 1674 678 1715 Moyses
703 1678 765 1711 lvs.
793 1675 872 1710 134:
914 1675 1023 1706 Nolite
1046 1677 1082 1706 ti-

104 1726 205 1753 mere,
230 1722 315 1746 state
334 1723 365 1747 et
388 1717 496 1747 videte
519 1716 692 1758 magnifica
717 1726 818 1757 opera
835 1717 910 1754 Dei,
930 1728 1013 1758 quae
1036 1717 1082 1748 fa-

106 1764 219 1789 cturus
242 1764 292 1788 est
314 1758 423 1789 hodie.
459 1759 550 1789 Iubet
574 1766 674 1795 stare,
696 1759 729 1788 id
753 1765 813 1796 est.
836 1770 901 1790 non
921 1762 1082 1800 praescri-

106 1801 183 1830 bere
206 1801 338 1831 modum
358 1801 444 1839 Deo,
467 1812 532 1831 non
557 1803 741 1831 discurrere
765 1802 805 1831 ad
828 1802 969 1833 humana
987 1813 1082 1842 prae-

105 1843 189 1872 sidia
211 1844 412 1882 quaerenda,
447 1845 506 1874 sed
530 1844 595 1873 huc
617 1853 829 1884 progressos,
851 1851 885 1874 ut
907 1844 980 1875 Deo
1005 1846 1081 1875 ohe-

106 1885 228 1921 dirent,
262 1886 293 1914 in
327 1885 389 1916 hac
414 1887 597 1916 obedientia
620 1885 750 1925 placide
773 1893 948 1927 expectare
970 1886 1081 1917 defen-

107 1927 232 1957 sionem
266 1938 285 1956 a
308 1926 391 1961 Deo,
425 1929 509 1959 sicut
544 1929 726 1958 sententiae
760 1938 860 1968 supra
882 1931 1000 1959 citatae
1024 1930 1079 1959 do-

106 1974 180 1999 cent
203 1969 278 2004 {Ies.
302 1969 354 2006 30,
376 1970 460 2007 154:
506 1970 539 2000 In
565 1969 692 2000 silentio
717 1976 748 2000 et
770 1980 829 2011 spe
852 1970 1007 2002 fortitudo
1026 1982 1081 2002 ve-

107 2016 186 2041 stra.
223 2011 298 2040 Item
324 2011 526 2050 [Psalm.45‚
542 2012 621 2050 ll.]:
646 2012 772 2043 Vacate
795 2020 827 2043 et
851 2015 969 2051 videte,
993 2015 1080 2055 quod

107 2062 170 2093 ego
194 2053 254 2083 sim
276 2052 380 2084 Deus.

195 2136 373 2170 Quintus
407 2136 523 2168 locus:
559 2137 626 2169 Res
660 2140 800 2179 petenda
833 2140 864 2170 in
887 2141 1080 2180 precatione

108 2179 270 2219 cogitetur
299 2186 328 2209 et
351 2181 513 2210 recitetur.
560 2180 636 2210 Ideo
660 2183 743 2211 enim
766 2184 912 2222 precatio
937 2189 987 2212 est
1012 2182 1079 2213 cul-

108 2226 160 2251 tus
184 2220 266 2258 Dei,
290 2222 365 2261 quia
394 2222 481 2252 hunc
500 2222 658 2253 honorem
682 2224 792 2254 tribuit
815 2225 903 2261 Deo,
939 2226 1025 2265 quod
1049 2226 1079 2256 in

108 2264 209 2293 tantis
254 2264 375 2293 nostris
420 2265 557 2294 miseriis
603 2275 697 2306 opem
731 2265 815 2297 ferat
849 2269 1079 2298 invocantibus

107 2305 231 2344 ipsum,
266 2315 328 2335 nec
351 2306 392 2336 sit
415 2307 510 2336 inane
532 2318 668 2344 nomen,
702 2315 735 2339 ut
758 2309 911 2349 Epicurei
935 2308 1080 2340 furenter

108 2347 271 2383 dicebant,
295 2358 357 2378 nec
381 2349 420 2378 sit
445 2348 600 2390 alligatus
623 2350 664 2380 ad
688 2362 825 2382 caussas
846 2353 1022 2389 secundas,
1047 2358 1079 2382 ut

108 2390 210 2420 Stoici
246 2390 408 2420 dicebant.
453 2391 492 2421 Et
527 2402 663 2431 prorsus
698 2400 746 2423 est
774 2394 880 2424 inanis
903 2396 1079 2434 βαττολογία

108 2432 267 2469 recitatio,
303 2442 385 2473 quae
421 2443 484 2463 non
509 2440 615 2464 monet
640 2435 744 2474 accipi
769 2436 927 2466 beneficia
951 2448 970 2467 a
993 2437 1078 2474 Deo,

108 2483 171 2503 nec
198 2475 265 2515 agit
295 2475 419 2515 gratias
443 2475 515 2505 Deo
539 2486 597 2515 pro
621 2478 764 2517 acceptis
788 2477 965 2509 heneficiis.
1011 2479 1080 2509 Sei-

108 2521 166 2545 unt
200 2522 232 2545 et
254 2515 405 2553 Diaboli,
439 2517 552 2548 hostes
579 2518 654 2555 Dei,
690 2525 721 2549 et
750 2521 932 2551 certissime
961 2528 1081 2552 norunt

583 111 604 142 I.
630 110 729 141 LOCI
752 109 1026 141 THEOLOGICI:
1050 111 1091 142 D.
1116 110 1275 141 TERTIA
1296 110 1452 141 EORUM
1476 110 1632 141 AETAS.

2041 109 2104 140 966

1122 203 1231 233 Deum
1255 212 1331 232 esse
1354 209 1520 232 aeternam
1544 208 1700 239 mentem,
1722 202 1902 231 immensae
1925 202 2103 240 potentiae,

1123 245 1316 285 sapientiae,
1339 245 1490 277 iustitiae.
1515 245 1670 274 bonitatis
1694 249 1725 274 et
1748 244 2005 279 misericordiae,
2026 253 2103 273 con-

1124 287 1271 316 ditricem
1291 297 1410 323 rerum,
1433 287 1491 317 sed
1515 286 1577 317 hac
1601 297 1661 316 sua
1681 286 1882 327 cogitatione
1900 295 1966 315 non
1985 295 2103 315 accen-

1125 329 1244 358 duntur
1267 329 1309 359 ad
1332 339 1477 358 amorem
1496 328 1575 365 Dei,
1599 329 1676 369 quia
1696 327 1859 358 beneficia
1883 328 1924 357 ab
1949 337 1988 357 eo
2013 326 2104 357 nulla

1123 376 1248 410 petunt.
1294 370 1339 400 Sit
1376 371 1475 411 igitur
1504 371 1616 410 petitio
1640 371 1723 401 certi
1747 369 1909 406 beneficii,
1944 375 1979 399 ut
2002 379 2104 410 agno-

1124 422 1258 443 scamus
1281 412 1388 443 Deum
1423 422 1488 442 non
1523 412 1631 443 solum
1664 413 1727 442 sibi
1762 413 1882 442 bonum
1916 421 2011 448 esse,
2045 411 2105 441 sed

1125 455 1221 484 etiam
1245 464 1324 495 erga
1349 464 1410 484 nos
1436 454 1624 485 beneficum.
1684 453 1777 484 Hanc
1801 453 1933 484 laudem
1956 451 2105 494 postulat

1125 497 1187 526 sibi
1211 497 1318 527 tribui.
1366 497 1448 527 Sunt
1473 502 1581 527 autem
1601 506 1655 526 res
1680 497 1841 535 petendae
1865 506 1921 526 res
1942 506 2007 525 non
2029 505 2105 535 pro-

1126 537 1247 569 hibitae
1269 539 1431 569 mandatis
1446 539 1524 569 Dei:
1543 539 1617 569 Non
1637 544 1725 578 petat
1738 537 1820 569 Saul
1842 537 1912 568 tolli
1931 537 2105 573 Davidem,

1125 591 1191 610 non
1225 586 1314 620 petat
1336 580 1444 611 David
1479 582 1619 611 interfici
1645 580 1765 610 Uriam,
1812 580 1879 610 Sed
1902 586 1936 610 ut
1962 580 1990 610 l.
2015 579 2104 609 Ioan-

1125 623 1156 652 5.
1182 625 1247 660 [vs.
1274 623 1338 660 14.]
1364 624 1501 653 dicitur:
1544 623 1635 653 Haec
1658 628 1708 653 est
1732 621 1861 659 fiducia,
1885 632 1982 662 quam
2004 621 2106 651 habe-

1127 674 1199 695 mus
1224 675 1301 703 erga
1323 665 1448 702 Deum,
1482 666 1587 705 quod,
1612 666 1639 694 si
1663 665 1740 705 quid
1763 666 1902 704 petimus
1926 665 2105 695 secundum

1129 706 1334 737 voluntatem
1358 708 1441 744 eius,
1466 708 1553 738 audit
1577 717 1650 737 nos.

1212 749 1264 779 Ac
1287 750 1328 779 de
1352 749 1466 779 ordine
1486 759 1587 789 saepe
1611 750 1733 780 dictum
1752 754 1802 778 est
1827 759 1938 788 supra.
1984 748 2106 778 Neces-

1127 801 1164 821 se
1188 797 1238 821 est
1262 797 1339 821 ante
1362 793 1469 821 omnia
1493 793 1557 832 peti
1578 791 1892 828 reconciliationem,
1904 792 1971 821 imo
1984 789 2106 821 frustra

1127 839 1279 873 petuntur
1304 830 1420 864 'cetera
1450 835 1520 864 sine
1547 834 1611 864 fide
1635 832 1924 864 reconciliationis.
1971 832 2107 864 Frustra

1126 881 1252 916 peteret
1282 875 1391 906 David
1426 877 1615 912 victoriam,
1639 876 1702 906 nisi
1726 874 1823 906 simul
1846 882 1972 916 peteret
1994 877 2106 905 remis-

1127 919 1253 948 sionem
1282 924 1507 958 peccatorum.
1553 917 1746 949 Praeluceat
1779 928 1859 959 ergo
1883 918 1967 948 fides
1990 924 2106 957 petens

1127 958 1428 990 reconciliationem
1462 966 1493 990 et
1529 966 1696 997 statuens,
1741 970 1803 990 nos
1838 961 1939 1000 recipi
1972 966 2107 1000 propter

1103 1021 1106 1031 .
1127 1002 1306 1038 Christum,
1331 1003 1480 1032 omnibus
1505 1002 1640 1033 aliarum
1664 1013 1772 1033 rerum
1784 1003 2006 1042 petitionibus.
2041 1002 2107 1032 De-

1127 1045 1201 1074 inde
1234 1045 1400 1085 ingentem
1434 1044 1653 1075 infirmitatem
1677 1051 1825 1075 nostram
1847 1045 2107 1081 consideremus,

1127 1087 1216 1126 quod
1239 1087 1280 1116 ad
1300 1087 1439 1116 animam
1463 1093 1494 1117 et
1517 1097 1637 1126 corpus
1662 1088 1794 1123 attinet,
1827 1094 1863 1118 ut
1886 1086 2107 1127 intelligamus

1127 1129 1223 1158 nobis
1244 1138 1327 1168 opus
1350 1138 1427 1159 esse
1446 1129 1507 1159 Dei
1530 1128 1664 1159 auxilio.
1695 1130 1817 1170 Magna
1841 1139 1919 1169 pars
1942 1128 2107 1159 hominum

1126 1171 1158 1200 in
1178 1171 1278 1200 tantis
1302 1172 1446 1201 tenebris
1470 1173 1561 1208 vivit,
1584 1178 1619 1201 ut
1638 1182 1717 1202 suas
1740 1172 1890 1201 miserias
1914 1181 1955 1201 ne
1979 1172 2108 1211 quidem

1126 1213 1325 1243 consideret.
1371 1213 1527 1243 Homines
1563 1214 1643 1244 ebrii
1678 1212 1914 1253 voluptatibus,
1949 1213 2107 1253 opulenti,

1126 1255 1197 1284 sine
1221 1256 1349 1295 magnis
1380 1254 1552 1286 doloribus
1577 1256 1727 1286 viventes
1751 1255 1902 1286 fruuntur
1925 1256 2108 1296 praesenti-

1129 1298 1188 1327 bus
1219 1298 1420 1335 commodis,
1455 1308 1516 1328 nec
1547 1304 1662 1338 putant
1692 1299 1754 1328 sibi
1778 1308 1861 1338 opus
1887 1308 1962 1328 esse
1986 1297 2106 1328 auxilio

1126 1339 1208 1375 Dei,
1242 1340 1302 1370 sed
1326 1339 1391 1376 alii,
1415 1341 1469 1380 qui
1493 1351 1670 1371 aerumnas
1693 1340 1940 1371 inextricabiles
1966 1340 2107 1370 humano

1127 1380 1267 1412 consilio
1297 1383 1478 1418 sustinent,
1510 1382 1597 1413 mole
1628 1393 1735 1413 rerum
1766 1383 1919 1423 oppressi
1945 1390 2108 1424 coguntur

1126 1433 1286 1464 quaerere
1309 1424 1463 1454 auxilium
1478 1424 1558 1461 Dei,
1582 1426 1667 1455 sicut
1691 1425 1813 1455 lesaias
1834 1426 1936 1466 inquit
1960 1436 2031 1465 cap.
2056 1425 2107 1456 26.

1128 1469 1189 1503 [vs.
1216 1465 1279 1504 164
1315 1466 1469 1504 Domine,
1494 1468 1525 1497 in
1550 1466 1760 1497 tribulatione
1784 1469 1916 1498 visitant
1939 1474 1983 1505 te,
2008 1479 2108 1509 angu-

1127 1509 1210 1545 stia,
1246 1509 1278 1538 in
1302 1519 1367 1549 qua
1390 1508 1550 1547 clamant,
1585 1509 1757 1550 disciplina
1779 1516 1835 1540 tua
1858 1517 1908 1541 est
1933 1511 1993 1540 eis.
2040 1510 2108 1541 Pri-

1126 1561 1212 1581 mum
1245 1551 1346 1592 igitur
1374 1552 1560 1591 opinionum
1585 1558 1616 1582 et
1639 1563 1764 1582 morum
1786 1552 1933 1593 pericula
1957 1554 2107 1583 conside-

1127 1602 1247 1622 remus·
1283 1593 1343 1623 Tot
1370 1595 1485 1624 summi
1509 1594 1659 1626 homines
1687 1594 1887 1626 horribiliter
1910 1595 1995 1636 lapsi
2020 1600 2107 1631 sunt,

1127 1636 1244 1672 Adam,
1269 1636 1394 1673 Aaron,
1404 1638 1449 1676 9⁹)
1474 1636 1593 1674 David,
1615 1636 1731 1667 Petrus
1758 1643 1789 1668 et
1812 1637 1865 1668 alii
1888 1638 2107 1668 innumerabi-

1127 1677 1189 1713 les,
1209 1688 1347 1717 quorum
1370 1678 1462 1709 multi
1487 1690 1550 1709 non
1575 1680 1792 1719 resipuerunt,
1810 1674 1844 1710 u't
1857 1681 2108 1717 Samosatenus,

1128 1720 1227 1749 Arius
1263 1726 1295 1750 et
1329 1719 1393 1751 alii.
1450 1721 1521 1752 Nec
1557 1720 1664 1752 solum
1699 1728 1814 1752 nostra
1848 1722 2019 1752 infirmitas
2053 1722 2107 1752 hi(—

1128 1763 1341 1802 agnoscenda
1366 1769 1426 1799 est,
1451 1764 1511 1793 sed
1535 1765 1629 1794 etiam
1660 1765 1831 1794 insidiator
1853 1763 2029 1801 Diabolus,
2053 1765 2107 1805 qui

1127 1810 1282 1844 tanquam
1305 1803 1358 1835 leo
1383 1806 1516 1846 rugiens
1541 1807 1704 1843 circumit,
1738 1817 1901 1846 quaerens
1933 1817 2029 1847 quem
2054 1808 2107 1837 tle-

1128 1852 1231 1876 vorot.
1277 1847 1318 1876 Et
1352 1846 1485 1889 longam
1520 1848 1617 1878 telam
1643 1849 1719 1878 texit
1743 1848 1918 1885 Diabolus,
1953 1859 2019 1879 non
2043 1849 2107 1878 hoc

1127 1895 1249 1918 tantum
1274 1891 1351 1930 agit,
1375 1897 1409 1920 ut
1433 1890 1594 1921 Davidem
1618 1897 1647 1920 et
1661 1891 1759 1921 Uriae
1784 1893 1956 1933 coniugem
1981 1890 2106 1922 adulte-

1126 1931 1174 1960 rio
1204 1930 1358 1971 implicet,
1390 1933 1449 1962 sed
1483 1939 1518 1963 ut
1542 1935 1582 1963 ab
1603 1932 1666 1963 hoc
1690 1934 1780 1963 initio
1803 1933 1937 1975 longam
1960 1933 2107 1974 Tragoe-

1127 1974 1211 2003 diam
1235 1980 1266 2003 et
1290 1974 1550 2006 inextricabilem
1574 1975 1693 2006 Davidi
1716 1977 1875 2013 instituat,
1897 1977 1929 2006 in
1953 1987 2017 2017 qua
2037 1982 2106 2006 tan-

1126 2016 1199 2045 dem
1223 2022 1335 2055 sperat
1358 2017 1519 2048 Davidem
1548 2019 1726 2058 periturum
1752 2029 1844 2056 esse,
1868 2024 1902 2048 ut
1926 2017 2008 2049 Saul
2032 2028 2104 2059 per—

1123 2058 1216 2088 ierat.

1210 2100 1262 2131 Ac
1285 2099 1436 2140 profecto
1460 2101 1637 2132 dolendum
1661 2108 1723 2139 est,
1747 2109 1871 2134 tantum
1895 2114 1971 2135 esse
1994 2111 2105 2146 stupo-

1125 2152 1193 2172 rem
1213 2142 1390 2180 hominum,
1409 2150 1456 2181 ut,
1475 2155 1549 2174 cum
1569 2146 1757 2185 quotidiana
1770 2146 1919 2186 exempla
1932 2157 2104 2178 cernamus

1126 2185 1389 2216 tristissimorum
1414 2196 1559 2224 casuum,
1583 2197 1667 2228 quos
1691 2187 1899 2219 manifestum
1923 2196 1972 2219 est
1997 2190 2104 2220 aDia-

1129 2226 1205 2257 bolo
1232 2234 1324 2258 ortos
1349 2238 1445 2266 esse,
1481 2235 1588 2259 tamen
1618 2240 1725 2270 neque
1751 2232 1912 2262 adversus
1942 2238 2006 2262 tam
2032 2242 2103 2262 sae—

1125 2281 1200 2300 vum
1224 2270 1353 2301 hostem
1376 2281 1482 2311 neque
1505 2272 1668 2302 adversus
1688 2278 1777 2303 tanta
1800 2273 1948 2313 pericula
1973 2285 2033 2304 nos
2058 2276 2103 2305 di-

1126 2311 1259 2353 ligentia
1294 2319 1324 2342 et
1347 2314 1554 2343 invocatione
1579 2315 1683 2344 nostri
1708 2316 1857 2345 custodis
1883 2316 2005 2347 Christi
2036 2327 2102 2346 ma-

1125 2355 1194 2384 iore
1219 2365 1297 2384 cura
1320 2357 1513 2386 muniamus.
1544 2355 1737 2387 Manifestus
1761 2357 1891 2389 Diaboli
1916 2357 2009 2389 furor
2033 2365 2101 2389 erat

1125 2397 1375 2437 Anabaptistica
1394 2398 1511 2428 seditio
1535 2399 1567 2428 in
1590 2400 1672 2430 urbe
1689 2399 1956 2439 Monasteriensi,
1981 2407 2011 2432 et
2034 2402 2100 2431 exi-

1125 2532 1172 2559 99)
1192 2532 1285 2563 Aaron]
1308 2533 1380 2558 Editt.
1404 2534 1475 2557 1—3.
1495 2534 1519 2557 6.
1539 2536 1560 2560 7.
1580 2537 1605 2560 9.
1628 2537 1664 2559 12.
1685 2537 1784 2561 Aharon

1899 2588 1944 2611 61⁸
