2358 2933
134 122 215 154 1029
585 121 607 152 l.
631 120 733 152 LOCl
756 119 1031 151 THEOLOGICI:
1065 119 1108 151 D.
1131 119 1292 150 TERTIA
1315 118 1472 150 EORUM
1494 118 1651 150 AETAS.
2050 121 2130 153 1030

132 216 174 246 Et
195 214 326 247 Seneca
359 215 402 245 de
435 213 597 245 sodalitiis
626 215 747 255 inquit:
790 213 966 254 Nunquam
987 222 1108 250 morcS,
1130 222 1133 246 '1
1157 211 1233 250 dali,
1255 211 1329 243 aliis
1353 212 1568 253 scriptoribus
1590 212 1645 242 hic
1667 221 1747 243 usus
1770 212 1905 254 ignotus
1927 219 1990 251 est,
2009 214 2063 254 qui
2085 214 2130 245 di—

130 267 216 298 quos
249 255 370 294 extuli,
405 254 525 287 refero.
569 256 701 288 Ebriosi
735 266 799 287 nec
821 261 930 286 mente
953 265 1015 286 nec
1038 265 1109 286 cor·
1132 284 1133 287 ,
1157 261 1269 286 cerent
1294 254 1442 296 exempla
1464 265 1526 286 seu
1546 254 1777 296 παραδείγματα
1799 255 1962 286 nocentia.
1994 254 2035 286 Et
2059 266 2131 287 cor—

131 295 268 340 poribus
303 299 467 330 sustinere
489 309 588 330 curas
611 309 720 330 rerum
743 308 937 340 magnarum
960 304 1110 338 possunt,
1133 317 1135 320 >
1156 296 1331 329 relativum
1354 296 1503 329 scandali
1526 302 1577 328 est
1599 297 1749 335 offensio,
1771 307 1810 328 ac
1828 297 1990 329 interdum
2012 299 2130 338 promi·

132 343 280 373 amittunt
302 348 451 381 tempora
474 342 591 372 idonea
617 342 718 372 rebus
737 340 911 382 gerendiS,
945 339 1044 371 facile
1064 342 1110 371 in-
1156 350 1237 371 seue
1259 339 1464 378 scandalum,
1487 340 1576 381 quod
1597 339 1762 382 significat
1779 340 1954 379 obiectum,
1976 350 2036 381 pro
2058 341 2130 381 ipsa

132 385 220 416 cauti
253 390 352 415 ruunt
384 386 416 415 in
452 394 572 424 magna
605 382 744 414 scelera.
791 383 857 414 Sed
881 382 946 413 hoc
970 384 1110 413 omnium
1158 382 1340 414 offensione
1364 383 1510 414 siunitur.

131 426 353 457 tristissimum
384 432 453 463 est,
488 426 575 466 quod
597 426 762 456 invocatio
784 424 848 455 Dei
870 425 903 455 in
927 425 1111 456 temulentis
1243 424 1375 465 Duplex
1411 431 1461 456 est
1493 431 1601 456 autem
1624 423 1824 456 Scandalum
1858 435 1918 456 seu
1941 424 2060 466 duplex
2083 425 2129 456 of-

131 469 340 509 extinguitur.
1158 465 1275 498 fensio.
1321 467 1417 498 Prior
1439 467 1576 498 offensio
1600 474 1649 497 est
1672 466 1883 505 Pharisaica,
1906 477 1983 505 seu,
2016 474 2052 499 ut
2075 479 2130 499 vo-

215 510 275 541 Est
295 516 405 541 autem
431 511 552 541 dictum
575 511 730 541 usitatum
757 519 826 540 non
848 510 1109 550 aspernandum:
1159 516 1246 547 cant,
1269 509 1463 541 scandalum
1484 516 1665 550 acceptum,
1688 509 1840 540 videlicet
1862 520 1936 541 cum
1958 511 2046 550 impii
2067 511 2129 542 ira-

132 553 244 585 Vitare
277 559 416 594 peccata
450 559 500 584 est
530 554 632 584 vitare
666 553 865 583 occasiones
888 558 1110 593 peccatorum.
1158 559 1296 583 5811111111-
1328 563 1428 584 verae
1455 553 1623 583 doetrinae
1646 552 1738 583 Evan
1765 551 1819 583 elii
1840 558 1896 583 aut
1918 551 2066 584 honestis
2090 563 2129 584 ac

131 596 208 627 ldeo
242 596 349 627 bonae
383 602 509 626 mentes
532 593 716 635 intelligant
737 594 889 635 lapsuum
913 596 1110 626 occasiones
1158 595 1360 626 necessariis
1394 594 1503 632 factis,
1536 600 1572 626 ut
1604 604 1678 625 cum
1706 604 1748 625 no
1762 600 1821 625 unt
1852 595 1991 635 proponi
2019 605 2130 626 veram

131 644 164 669 et
193 647 333 670 caussas
361 637 618 679 προκαταρκτικάς
641 643 673 668 81
695 648 754 668 sua
779 638 918 678 quadam
942 637 1111 679 diligentia
1159 638 1341 668 doctrinam
1365 644 1397 668 et
1422 637 1526 667 taxari
1549 646 1680 668 errores
1703 643 1760 668 aut
1778 635 1892 668 nolunt
1915 636 2040 668 aboleri
2064 637 2130 668 cul-

131 681 233 712 vitent
265 679 425 720 pericula,
459 690 501 710 ne
534 680 666 710 nimium
689 678 853 720 implicent
875 689 914 710 se
937 678 1110 717 sodalitiis,
1158 686 1210 711 tus
1243 678 1425 717 idolorum,
1456 678 1570 710 nolunt
1599 679 1806 710 sacerdotem
1828 680 1916 719 pium
1938 678 2076 711 honeste
2099 681 2131 711 in

131 729 240 754 ament
273 723 532 763 temperantiam,
567 728 599 753 et
635 728 746 753 certos
779 732 819 752 ac
849 721 946 753 utiles
976 721 1110 753 labores
1159 722 1312 763 coniugio
1335 723 1457 753 vivere.

132 766 334 805 suscipiant,
370 766 489 806 quibus
511 765 651 795 subinde
674 767 833 796 misceant
868 765 1110 796 invocationem
1244 765 1326 796 Sunt
1354 770 1461 795 autem
1489 765 1601 795 variae
1636 774 1796 802 caussae,
1829 775 1888 795 cur
1916 765 2003 805 impii
2033 775 2131 796 verae

131 807 204 839 Dei.
1158 807 1326 837 doctrinae
1349 813 1403 838 aut.
1426 806 1489 838 illis
1512 807 1710 838 necessariis
1733 807 1965 838 mutationibus
1988 808 2130 839 irascan-

216 849 355 881 Multum
385 851 479 880 etiam
512 849 688 881 valetudini
723 856 753 881 et
788 851 933 881 moribus
961 850 1108 890 prodest,
1158 856 1221 880 tur.
1271 848 1338 880 Alii
1370 856 1518 891 pugnant
1553 850 1593 880 de
1626 850 1749 880 ventris
1780 850 1975 888 commodis,
2009 856 2043 881 ut
2077 851 2130 891 qui

132 904 198 924 non
232 891 434 923 confundere
458 893 605 923 ordinem
628 899 811 932 temporum
836 904 854 923 a
879 899 996 923 natura
1018 902 1110 932 prae-
1158 898 1315 933 quaestus
1338 903 1489 933 magnos,
1512 893 1567 933 qui
1586 898 1680 923 erant
1702 902 1743 923 ex
1764 892 1877 923 Missis
1900 898 1957 923 aut
1979 903 2018 923 ex
2042 893 2130 924 invo-

131 936 300 975 scriptum.
346 934 389 965 Ut
419 934 509 965 multi
533 942 634 966 totum
657 936 742 966 diem
761 935 877 975 partim
901 945 1018 965 somno
1036 945 1110 975 par·
1158 935 1286 965 catione
1310 941 1523 972 mortuorum,
1547 935 1675 965 diminui
1698 934 1824 965 nolunt.
1868 933 1933 966 Alii
1957 935 1997 965 de
2020 942 2130 966 aucto-

131 978 186 1009 tim
210 977 369 1008 conviviis
393 978 547 1015 tribuunt,
582 978 698 1008 deinde
727 984 828 1008 noctu
851 983 971 1008 vacant.
993 977 1110 1008 studiis
1159 978 1253 1007 ritate
1288 978 1453 1014 dimicant,
1489 976 1541 1008 alii
1570 976 1723 1008 fascinati
1756 978 2028 1017 persuasionibus
2062 979 2130 1009 suis

131 1026 185 1051 aut
205 1021 358 1061 negotiis.
393 1019 483 1050 Vere
507 1021 606 1061 inquit
621 1019 766 1051 Seneca:
791 1019 863 1050 Hoc
887 1026 936 1050 est
959 1018 1109 1050 luxuriae
1157 1018 1269 1050 nolunt
1294 1029 1350 1057 ea,
1385 1030 1468 1060 quae
1490 1020 1553 1060 ipsi
1576 1021 1735 1050 mirantur
1763 1026 1795 1050 et
1822 1021 1980 1060 probant,
2014 1021 2129 1051 taxari.

132 1064 352 1103 propositum,
382 1063 528 1103 gaudere
550 1063 737 1103 perversis,
770 1073 833 1093 nec
856 1068 981 1093 tantum
1005 1063 1110 1092 disce·
1156 1061 1201 1092 'Ut
1222 1061 1375 1092 fascinati
1397 1062 1610 1093 admiratione
1633 1072 1714 1093 suae
1736 1062 1877 1093 iustitiae
1892 1061 2007 1093 nolunt
2019 1063 2131 1094 audire

131 1105 209 1136 dere
233 1116 253 1135 a
276 1111 380 1143 recto,
403 1106 463 1135 sed
487 1116 585 1145 quam
608 1104 800 1146 longissime
825 1106 926 1136 abire.
1156 1103 1243 1134 hanc
1267 1114 1394 1142 vocem,
1417 1103 1567 1135 homines
1590 1115 1656 1135 non
1680 1114 1756 1135 esse
1778 1105 1884 1135 iustos
1899 1111 2035 1145 propter
2056 1116 2130 1146 pro-

217 1147 287 1178 lN'ec
307 1153 417 1178 cessat
440 1146 624 1185 Diabolus,
659 1158 732 1178 cum
766 1148 853 1178 videt
877 1148 1003 1178 animos
1030 1156 1109 1177 cura
1156 1147 1259 1187 priam
1283 1147 1473 1188 dignitatem
1497 1153 1529 1177 et
1545 1148 1742 1178 munditiem.
1789 1146 1861 1177 Viri
1881 1146 2025 1187 politici,
2057 1149 2132 1188 quia

131 1200 256 1221 vacuos
281 1200 367 1228 esse,
391 1190 450 1220 sed
471 1189 565 1220 offert
583 1197 615 1220 et
638 1190 709 1230 ipse
733 1188 860 1230 aliquas
883 1188 1035 1229 lapsuum
1054 1199 1109 1219 oc-
1156 1189 1266 1219 vident
1290 1199 1330 1218 ex
1353 1189 1615 1220 dissensionibus
1639 1190 1827 1229 opinionum
1849 1190 1927 1220 oriri
1948 1190 2132 1220 distractio-

132 1233 297 1263 casiones.
343 1232 432 1263 Haec
466 1231 552 1262 mala
576 1233 725 1262 cavenda
749 1238 825 1263 sunt
850 1238 880 1262 et
903 1238 1018 1262 nostra
1041 1230 1110 1261 dili·
1157 1241 1216 1261 nes
1239 1230 1443 1271 Principum,
1467 1230 1554 1262 bella
1577 1238 1607 1262 et
1631 1232 1909 1271 perturbationem
1933 1230 2131 1273 disciplinae.

131 1275 241 1316 gentia
264 1281 295 1305 et
313 1275 471 1314 petitione
490 1275 737 1314 gubernationis
762 1274 902 1310 divinae,
926 1275 1011 1304 sicut
1029 1274 1109 1303 scri·
1157 1272 1270 1304 nolunt
1289 1274 1413 1304 moveri
1436 1272 1519 1304 ullas
1545 1274 1585 1304 de
1609 1274 1757 1304 doctrina
1780 1273 2029 1314 disputationes.

130 1323 220 1357 ptum
253 1322 322 1347 est:
365 1316 495 1350 Quanto
530 1317 635 1357 magis
670 1317 761 1346 dabit
783 1317 936 1355 Spiritum
961 1322 1109 1346 sanctum
1242 1315 1402 1356 Exempla
1440 1321 1548 1346 autem
1587 1315 1697 1347 talium
1732 1316 1948 1348 offensionum
1983 1318 2132 1349 omnibus

129 1358 336 1400 petentibus!
1156 1357 1330 1389 Ecclesiae
1355 1359 1555 1399 temporibus
1577 1358 1679 1389 multa
1701 1358 1848 1397 fuerunt,
1872 1365 1948 1390 sunt
1972 1366 2004 1390 et
2028 1368 2132 1391 erunt.

216 1400 373 1432 Monachi
418 1402 527 1431 conati
561 1408 635 1431 sunt
673 1400 796 1442 regulis
831 1400 1109 1441 comprehendere
1158 1401 1357 1431 Sacerdotes
1380 1401 1644 1432 adversabantur
1666 1401 1823 1432 leremiae
1850 1402 2053 1442 praedicenti
2081 1413 2132 1433 es-

130 1444 286 1475 exercitia
304 1443 401 1474 huius
426 1442 633 1484 diligentiam
669 1444 736 1474 Sed
758 1450 974 1474 accesserunt
998 1453 1110 1483 super·
1159 1444 1276 1474 cidiuni
1299 1442 1524 1484 ierosolymae
1555 1450 1585 1474 et
1608 1449 1797 1484 praetextus
1827 1445 2002 1485 speciosos
2032 1444 2132 1476 habe-

131 1487 282 1518 stitiosae
304 1492 336 1516 et
356 1484 479 1517 stultae
502 1486 690 1525 opiniones,
715 1491 746 1516 et
770 1487 914 1516 varietas
937 1484 1020 1515 haec
1043 1495 1109 1515 non
1160 1487 1247 1516 bant.
1294 1484 1426 1516 Christo
1449 1491 1480 1516 et
1503 1485 1678 1526 Apostolis
1702 1487 1964 1518 adversabantur
1986 1486 2132 1528 plerique

130 1534 240 1569 potest
262 1527 394 1569 legibus
420 1527 670 1568 comprehendi,
699 1529 772 1559 ideo
804 1538 870 1558 non
894 1526 1110 1558 defendantur
1159 1538 1292 1565 omnes,
1325 1529 1380 1569 qui
1408 1528 1587 1559 eruditione
1611 1535 1642 1559 et
1665 1530 1862 1560 auctoritate
1884 1530 1915 1560 in
1938 1529 2061 1570 populo
2085 1530 2132 1561 Iu—

131 1571 323 1602 traditiones
360 1571 400 1601 de
434 1570 621 1601 discrimine
652 1571 798 1601 ciborum
832 1569 895 1601 hoc
928 1575 1109 1610 praetextu,
1158 1570 1252 1601 (laico
1277 1569 1534 1606 antecellebant3
1564 1577 1595 1601 et
1619 1572 1781 1612 speciosis
1806 1573 1936 1602 caussis
1959 1574 2133 1604 moveban-

130 1613 192 1644 sed
215 1613 292 1643 boni
312 1620 345 1643 et
367 1613 533 1653 sapientes
558 1613 811 1644 concionatores
835 1622 935 1652 saepe
958 1618 1109 1643 moneant
1158 1619 1220 1643 tur.
1254 1613 1418 1644 Videbant
1441 1612 1568 1644 aboleri
1589 1613 1714 1655 Legem
1736 1614 1928 1646 Mosaicam.
1962 1614 2132 1646 Existima—

132 1656 173 1686 de
196 1654 259 1686 hac
283 1655 451 1696 diligentia
475 1656 685 1686 iuventutem.
729 1655 769 1686 Et
796 1660 1030 1695 praeceptores
1055 1665 1109 1685 co·
1157 1656 1235 1686 bant
1258 1662 1367 1686 autem
1390 1665 1550 1687 summum
1573 1656 1684 1688 scelus
1710 1666 1803 1695 esse,
1836 1657 1960 1699 Legem
1982 1668 2079 1688 unam
2103 1665 2133 1688 et

132 1701 246 1729 §rcere
269 1707 340 1728 eam
363 1697 548 1738 disciplina,
572 1703 726 1738 quantum
750 1697 821 1728 fieri
843 1703 965 1738 potest,
1000 1697 1109 1728 stude·
1157 1697 1263 1728 solam
1290 1698 1323 1728 in
1350 1704 1420 1728 toto
1450 1709 1569 1739 genere
1597 1698 1739 1730 humano
1767 1700 1918 1731 traditam
1940 1710 1960 1730 a
1982 1699 2056 1731 Deo
2081 1701 2133 1731 de-

131 1746 200 1777 ant,
223 1750 263 1770 ac
281 1739 452 1781 Principes
476 1741 632 1771 adiuvare
652 1750 713 1770 nos
736 1741 769 1770 in
793 1739 965 1779 disciplina
990 1740 1109 1770 tuenda
1157 1739 1229 1777 leri,
1253 1747 1283 1771 et
1307 1741 1462 1772 videbant
1487 1751 1527 1771 ex
1551 1752 1591 1772 ea
1615 1752 1651 1772 re
1674 1748 1863 1773 secuturum
1881 1752 1957 1773 esse
1970 1743 2132 1774 interitum

132 1783 309 1813 debebant.
355 1782 445 1814 Haec
480 1783 520 1812 de
543 1782 794 1813 mortificatisse
818 1789 850 1813 et
873 1783 913 1813 de
937 1781 1108 1822 disciplina
1159 1781 1246 1814 illius
1269 1781 1510 1823 pulcherrimae
1532 1783 1675 1824 politiae,
1698 1795 1765 1816 non
1787 1796 1807 1815 a
1829 1783 1973 1823 Solone,
2002 1795 2069 1816 non
2091 1787 2132 1818 ab

133 1825 280 1856 breviter
301 1826 423 1862 monui,
447 1831 481 1856 ut
503 1824 672 1866 hypocrisi
700 1826 823 1856 reiecta
849 1835 944 1855 veras
968 1826 1108 1855 virtutes
1158 1826 1326 1867 Augusto,
1361 1827 1421 1857 sed
1451 1825 1539 1857 clara
1569 1837 1652 1858 voce
1675 1827 1739 1858 Dei
1763 1834 1795 1858 et
1819 1828 1918 1858 certis
1942 1829 2131 1859 testimoniis

133 1873 165 1897 et
187 1865 276 1898 utilia
300 1868 453 1898 exercitia
477 1866 658 1909 intelligere
682 1874 711 1898 et
735 1878 846 1898 amare
869 1868 1043 1899 discamus.
1156 1868 1218 1899 Dei
1244 1869 1451 1899 constitutae.
1487 1868 1544 1899 His
1570 1870 1699 1900 caussis
1722 1869 2008 1901 vehementissime
2026 1877 2133 1902 motos

1132 1921 1235 1947 ,esse
1264 1921 1377 1941 omnes
1408 1912 1572 1952 sapientes
1601 1913 1633 1942 in
1663 1911 1717 1944 illo
1748 1912 1869 1954 populo
1903 1923 1969 1943 non
2003 1914 2133 1944 dubium

1133 1950 1227 1990 'est,
1263 1954 1455 1994 praesertim
1488 1953 1670 1986 fascinatos
1704 1956 1920 1996 persuasione
1955 1956 1995 1986 de
2030 1966 2133 1998 regno

1157 1996 1300 2027 Messi-ae
1322 1997 1498 2028 mundano.

732 2080 735 2081 ⁷
1132 2040 1135 2055 ¹
1242 2038 1315 2069 Etsi
1337 2045 1447 2070 autem
1469 2046 1501 2070 et
1523 2041 1603 2081 ipsis
1615 2039 1788 2080 Apostolis
1808 2040 1956 2072 dolorem
1975 2040 2130 2072 afferebat

452 2080 512 2111 DE
535 2079 788 2111 SCANDALO.
1131 2056 1136 2333 ί
1158 2082 1304 2112 interitus
1331 2081 1459 2122 populi,
1495 2089 1602 2114 tamen
1631 2083 1716 2114 hanc
1745 2082 1960 2114 offensionem
1982 2083 2133 2125 hypocri-

545 1995 687 2033 [XXIII-1

1156 2130 1262 2155 tanim
1302 2124 1474 2166 negligunt
1507 2132 1539 2156 et
1571 2124 1700 2157 fortiter
1734 2136 1771 2156 se
1805 2132 1974 2166 opponunt
2005 2127 2132 2157 iudiciis

1156 2165 1285 2197 illorum
1308 2173 1339 2198 et
1363 2166 1453 2198 clare
1474 2167 1667 2207 profitentur
1689 2169 1795 2209 magis
1818 2169 2034 2200 obediendum
2057 2179 2133 2200 esse

1156 2208 1242 2246 Deo,
1265 2219 1363 2250 quam
1384 2209 1587 2251 hominibus,
1611 2212 1841 2251 obtemperant
1863 2213 2018 2243 mandato
2041 2212 2132 2243 Chri-

1157 2252 1215 2288 sti,
1253 2252 1308 2292 qui
1341 2262 1400 2283 eos
1434 2252 1590 2294 colligere
1625 2253 1810 2285 Ecclesiam
1847 2264 1929 2285 voce
1962 2253 2132 2296 Evangelii

1156 2295 1308 2325 iusserat.
1354 2295 1496 2326 Errores
1526 2297 1566 2326 de
1587 2295 1662 2327 Deo
1692 2302 1723 2327 et
1750 2296 1839 2328 idola
1867 2298 1971 2328 taxari
1993 2307 2132 2328 necesse

1159 2343 1224 2373 est,
1259 2335 1314 2367 vel
1342 2339 1370 2368 si
1401 2336 1526 2369 fractus
1554 2337 1707 2370 illabatur
1737 2341 1844 2376 orbis3
1879 2339 2018 2380 Oportet
2048 2341 2131 2370 enim

1157 2378 1316 2410 anteferri
1343 2381 1479 2420 primum
1510 2388 1541 2411 et
1568 2383 1746 2412 secundum
1770 2383 1957 2414 mandatum
1981 2383 2131 2413 omnibus

1157 2421 1308 2453 humanis
1330 2423 1446 2460 rebus,
1475 2424 1561 2454 vitae
1583 2430 1733 2461 nostrae,
1757 2423 1896 2456 fortunis
1921 2426 2060 2456 nostris.
2087 2424 2131 2455 fa-

1157 2474 1229 2494 mae
1253 2470 1398 2502 nostrae,
1422 2466 1494 2505 paci
1517 2465 1739 2507 Reipublicae.

221 2164 430 2197 Vocabulum
453 2165 618 2196 Graecum
648 2171 699 2196 est
727 2164 910 2203 σκᾱνδαλον,
945 2164 1068 2196 factum
1089 2176 1109 2196 a

134 2209 254 2247 σκάζω,
288 2208 321 2239 id
344 2214 409 2246 est,
440 2206 607 2244 claudico3
637 2207 801 2248 significat
825 2208 909 2238 enim
932 2208 1110 2239 offendicu-

135 2249 219 2288 lum,
251 2251 285 2282 id
308 2256 375 2288 est,
409 2251 578 2292 quiddam,
614 2250 656 2280 ad
675 2251 762 2291 quod
785 2251 968 2291 impingens
990 2249 1110 2282 labitur

135 2303 195 2324 5811
216 2293 365 2334 trepidat.

221 2335 283 2366 Est
315 2341 423 2366 autem
446 2333 648 2365 Scandalum
682 2335 803 2365 dietum
837 2342 890 2366 aut
917 2334 1110 2376 exemplum,

137 2388 202 2419 quo
224 2377 309 2408 alius
328 2378 364 2408 fit
388 2378 540 2415 deterior,
575 2387 633 2407 seu
657 2377 733 2417 quia
757 2387 849 2407 error
871 2378 904 2408 in
928 2388 966 2408 eo
992 2378 1110 2409 confir-

136 2425 259 2458 matur,
294 2430 352 2451 seu
386 2420 462 2460 quia
495 2420 638 2450 imitatur
666 2418 786 2450 malum
819 2419 1018 2461 exemplum,
1052 2431 1111 2452 seu

136 2462 212 2503 quia
239 2461 389 2493 flammas
422 2463 562 2493 maiores
597 2462 660 2492 odii
700 2461 861 2493 adversus
895 2462 1110 2505 Evangelium

138 2505 287 2545 concipit.
324 2503 415 2535 Haec
437 2504 593 2535 vocabuli
616 2504 778 2545 expositio
797 2505 935 2544 primum
961 2507 1110 2537 conside·
1242 2506 1325 2538 Hinc
1359 2506 1474 2548 regula
1500 2507 1583 2539 haec
1619 2510 1760 2540 tenenda
1788 2517 1848 2541 est.
1900 2511 2047 2541 Necesse
2081 2517 2129 2540 est

138 2552 235 2578 retur.
280 2547 363 2577 Nam
386 2545 538 2578 Ecclesia
572 2547 620 2578 sic
642 2547 742 2578 utitur
771 2546 988 2587 appellatione
1012 2558 1107 2580 scan-
1132 2545 1134 2548 ’
1157 2548 1303 2580 confiteri
1327 2560 1438 2581 veram
1458 2551 1639 2582 doctrinam
1663 2559 1695 2583 et
1717 2551 1833 2594 sugere
1856 2552 1943 2584 idola
1967 2558 1999 2583 et
2021 2551 2130 2583 facere

1929 2613 1973 2635 55·
