2358 2933
150 102 233 134 1009

147 196 250 226 11113111
272 202 366 224 suam
388 192 515 229 simiae,
538 192 673 222 deerant
695 200 848 228 secures,
871 195 904 220 et
925 189 1006 219 ratio
1032 187 1122 219 nulla
1144 219 1145 223 ,

149 242 220 268 erat
241 234 297 266 vel
319 233 506 265 caedendae
535 234 690 264 materiae
713 231 767 263 vel
797 231 1049 273 coagmentandi
1076 230 1122 261 la-

148 279 258 318 pides,
289 277 430 316 denique
452 285 507 306 ars
529 280 600 306 tota
621 273 892 306 Architectonica
914 273 1043 309 deerat,
1067 282 1122 302 res

148 321 245 361 igitur
268 319 379 360 coegit
400 327 458 348 eas
482 318 526 355 id,
549 318 637 358 quod
659 315 760 348 stulte
781 316 1007 351 instituerant,
1032 314 1123 343 omit-

147 369 227 393 tere.
271 359 370 391 Tales
393 359 605 390 Architectos
633 359 801 390 civitatum
829 355 950 387 multos
974 355 1123 392 vidimus,

148 402 339 439 Struthimn‚
363 400 538 434 Mustelam
560 407 593 432 et
614 400 709 432 alios.
743 398 949 430 Meminerint
973 407 1051 438 ergo
1072 407 1123 427 sa-

145 446 258 477 niores
292 450 504 484 praeceptum
535 444 569 474 in
598 442 661 473 hae
690 442 786 471 tertia
813 437 929 480 regula
959 439 1124 476 traditum,

146 497 209 519 nec
231 493 354 518 temere
382 487 423 517 de
445 484 588 526 politicis
614 483 785 519 institutis,
815 491 898 522 quae
927 491 994 512 non
1023 482 1124 512 conti-

146 536 225 561 nent
246 527 452 560 manifestam
475 526 717 566 turpitudinem,
740 524 950 554 contendant.

233 571 359 606 Quarta
375 568 502 610 regula.
541 565 713 608 Evangelii
733 566 884 596 doctrina
901 566 986 596 adeo
1008 574 1124 596 severe

148 613 307 654 praecipit
328 612 370 643 de
392 611 594 647 obedientia,
623 614 659 640 ut
683 607 825 639 affirmet
846 614 1018 648 peccatum
1040 617 1124 638 mor-

147 654 213 686 tale
230 664 317 691 esse,
335 663 405 684 non
422 652 556 683 obedire
569 651 731 682 mandatis
744 648 1123 692 legitimi'magistratus,

147 697 176 727 si
199 703 308 727 tamen
330 705 397 726 non
426 695 558 725 iubeant
587 692 699 724 facere
730 699 846 724 contra
874 692 1028 722 mandata
1051 691 1122 722 Dei.

233 737 325 768 Haec
343 735 459 777 regula
478 745 636 776 expresse
653 735 792 766 traditur
810 735 905 765 Rom.
921 734 970 765 13.
996 737 1059 772 [vs.
1078 733 1123 771 5.]

147 780 296 811 Necesse
319 785 370 809 est
392 779 525 809 obedire
547 788 614 808 non
638 776 745 808 solum
772 783 908 817 propter
936 778 1034 813 iram,
1065 776 1124 806 sed

146 823 243 853 etiam
261 827 397 862 propter
416 821 660 851 conscientiam.
697 818 838 850 Primum
858 820 955 849 docet
975 828 1051 849 esse
1070 828 1125 848 ne-

149 865 331 896 cessarium
350 871 443 903 opus,
468 863 585 893 deinde
604 862 836 892 necessitatem
857 860 1013 892 declarat.
1050 860 1123 891 Non

150 905 255 937 solum
278 911 413 946 propter
434 906 528 942 iram,
551 905 665 945 inquit.
691 904 722 934 id
746 910 807 941 est,
830 909 963 943 propter
986 912 1125 943 poenam

149 947 366 988 corporalem,
386 957 450 987 qua
468 948 680 988 magistratus
700 945 801 976 afficit
821 952 1046 982 contumaceS,
1065 945 1124 975 sed

148 990 246 1021 etiam
279 995 414 1030 propter
447 989 681 1019 conscientiam
715 997 854 1018 necesse
894 994 943 1018 est
980 987 1124 1017 obedire.

149 1032 302 1063 Testatur
321 1041 400 1072 ergo
420 1031 626 1061 contumacia
645 1030 764 1060 offendi
777 1030 885 1060 Deum
903 1036 934 1059 et
955 1030 1125 1060 conscien-

149 1075 226 1105 tiam
244 1083 335 1104 ream
353 1073 435 1110 fieri,
455 1073 530 1114 quia
542 1072 635 1103 Deus
653 1072 738 1102 hanc
754 1072 970 1103 obedientiam
990 1071 1125 1112 flagitat.
1146 1083 1149 1098 ι

236 1115 297 1147 Hic
315 1116 474 1156 expende,
498 1122 655 1155 quantum
672 1115 794 1145 malum
813 1115 867 1151 sit,
888 1114 1125 1145 conscientiam

150 1167 242 1189 ream
264 1158 400 1189 iudicari
423 1168 444 1188 a
466 1157 558 1194 Deo,
586 1157 695 1187 deseri
716 1156 881 1187 hominem
910 1163 942 1186 et
965 1166 1030 1186 non
1054 1156 1125 1196 regi

149 1210 211 1231 nec
233 1199 364 1230 defendi
387 1210 405 1230 a
429 1199 515 1237 Deo,
538 1200 598 1230 sed
620 1200 735 1238 poenis
758 1199 791 1228 in
815 1198 878 1229 hac
901 1199 966 1228 vita
991 1205 1040 1234 et,
1063 1198 1125 1227 nisi

150 1242 334 1283 resipiscat,
356 1249 532 1282 perpetuae
554 1243 622 1271 irae
635 1241 812 1281 posthanc
831 1241 930 1270 vitam
949 1240 1126 1270 obnoxium

150 1284 231 1315 fieri.
275 1284 359 1314 Nam
382 1282 530 1323 regulam
552 1282 639 1313 hanc
662 1288 774 1312 servat
795 1281 900 1318 Deus,
922 1288 956 1311 ut
980 1288 1126 1311 atrocem

150 1326 388 1357 contumaciam
412 1326 507 1355 etiam
533 1326 564 1355 in
588 1323 651 1354 1130
674 1325 740 1355 vita
771 1324 939 1355 atrocibus
968 1323 1126 1363 exemplis

150 1369 277 1408 puniat,
307 1373 342 1398 ut
366 1367 544 1398 ostendunt
565 1366 723 1397 historiae
746 1365 897 1397 Absolon
914 1367 974 1403 7⁸),
1005 1365 1125 1402 Semei,

151 1411 229 1440 loab
264 1415 297 1440 et
329 1408 412 1439 aliae
444 1407 708 1439 innumerabiles.
755 1408 815 1438 Hic
848 1408 992 1447 prudens
1022 1406 1128 1437 lector

153 1450 301 1483 conferat
318 1450 595 1490 Philosophorum
617 1449 751 1490 politica
775 1451 816 1481 ad
835 1450 920 1480 hanc
938 1448 1032 1480 Pauli
1051 1459 1128 1479 con-

153 1495 289 1526 cionem.
336 1493 429 1528 Quae
450 1492 567 1523 literae
584 1491 861 1532 Philosophorum
879 1493 922 1522 ita
944 1493 1127 1522 munierunt

151 1536 398 1578 Magistratum,
432 1536 580 1566 ordinem
614 1533 779 1574 politicum
814 1540 843 1564 et
878 1544 1012 1574 pacem,
1045 1534 1129 1563 sicut

155 1577 238 1609 haec
260 1576 353 1608 Pauli
388 1578 526 1608 concio?
565 1577 656 1607 Haec
692 1582 742 1607 est
777 1586 889 1607 murus
926 1576 1129 1606 firmissimus

153 1620 417 1662 Magistratuum.
461 1620 546 1650 Nam
580 1620 741 1650 bonorum
771 1619 911 1649 omnium
947 1624 978 1648 et
1008 1619 1129 1648 medio-

153 1663 255 1693 crium
278 1663 375 1693 animi
397 1672 463 1693 non
487 1669 614 1692 terrore
632 1667 687 1692 aut
705 1662 849 1701 potentia
868 1660 1129 1702 Magistratuum,

154 1705 214 1736 sed
236 1704 300 1735 hac
324 1705 474 1735 doctrina
498 1703 634 1734 coelesti
658 1704 733 1744 cogi
752 1714 788 1734 se
806 1703 961 1740 iudicant,
985 1709 1019 1733 ut
1037 1712 1129 1733 reve-

154 1752 264 1778 renter
287 1747 440 1778 obediant
463 1747 537 1778 voci
560 1746 671 1787 legum
694 1752 725 1776 et
748 1746 997 1787 magistratuum
1021 1751 1052 1775 et
1074 1745 1130 1775 im-

153 1790 244 1831 peria
267 1795 475 1820 venerentur.

240 1831 292 1862 Ac
321 1830 412 1872 leges
444 1833 537 1872 ipsae
566 1832 773 1872 imperiorum
808 1837 931 1861 tantum
963 1836 1129 1861 externam

156 1874 372 1905 obedientiam
396 1875 428 1904 in
446 1873 556 1904 militia
577 1879 607 1904 et
626 1875 658 1904 in
678 1883 770 1913 pac-e,
793 1871 925 1903 labores
945 1883 1130 1912 corporum,

154 1915 363 1947 collationem
394 1917 587 1947 tributorum
622 1923 650 1946 et
682 1917 765 1946 iusta
795 1913 904 1946 officia
935 1922 1070 1945 externa
1099 1915 1131 1944 111

156 1964 224 1990 tota
258 1957 343 1989 civili
379 1958 616 1989 consuetudine
650 1956 828 1998 postulant.
881 1958 947 1987 Sed
983 1957 1131 1987 doctrina

157 2000 310 2032 coelestis
332 2000 471 2041 amplius
495 2000 636 2041 flagitat,
659 2001 747 2030 iubet
772 1999 898 2030 honore
921 1999 1008 2030 affici
1031 2000 1132 2040 magi-

157 2049 290 2074 stratuS.
335 2043 397 2075 Hic
420 2043 543 2084 gradus
568 2043 771 2073 obedientiae
797 2052 942 2073 summus
972 2048 1038 2078 est,
1066 2048 1155 2081 nont

156 2091 281 2117 tantum
304 2091 441 2116 externa
464 2084 572 2116 officia
600 2086 759 2122 tribuere,
790 2086 849 2115 sed
878 2086 974 2115 etiam
1004 2084 1134 2115 honori-

157 2128 254 2160 ficam
277 2128 461 2169 opinionem
490 2129 521 2158 in
547 2133 655 2157 mente
683 2134 713 2158 et
736 2126 1007 2158 benevolentiam.
1051 2127 1133 2157 'Nam

157 2170 241 2202 haec
269 2171 334 2201 duo
364 2172 540 2211 praecipue
571 2170 733 2211 significat
758 2169 956 2201 vocabulum
980 2169 1132 2199 Honoris

158 2212 347 2244 Honorifica
376 2214 484 2254 opinio
514 2212 596 2243 11300
625 2213 785 2249 eontinet,
820 2213 906 2252 quod
934 2218 1023 2242 totus
1052 2212 1132 2242 ordo

159 2254 324 2297 politicuS,
347 2256 479 2295 imperia
504 2262 536 2285 et
558 2255 770 2296 magistratus
793 2255 858 2285 sint
878 2265 933 2285 res
953 2265 970 2284 a
990 2253 1064 2284 Deo
1086 2255 1133 2284 in·

160 2299 289 2329 stitutae
313 2302 345 2328 et
367 2298 568 2338 approbatae
591 2303 622 2327 et
643 2295 859 2328 defendantur
878 2308 939 2337 ope
959 2297 1078 2334 divina,
1103 2303 1131 2326 et

161 2341 249 2381 quod
271 2339 364 2371 Deus
386 2339 465 2371 velit
487 2339 660 2370 humanum
689 2350 792 2380 genus
820 2339 883 2370 hac
914 2338 999 2369 civili
1028 2338 1133 2370 forma
1154 2334 1155 2360 1

162 2383 246 2413 vitae
274 2383 344 2423 regi
372 2389 403 2413 et
434 2381 555 2413 frenari
581 2380 764 2413 libertatem
792 2389 822 2413 et
852 2383 884 2413 in
915 2383 985 2423 ipsa
1016 2383 1154 2423 guber-5

164 2520 208 2547 78)
226 2519 345 2550 Absolon]
366 2519 439 2544 Editt.
460 2519 533 2543 1-9.
551 2520 660 2545 Absaion

315 2576 433 2597 1111111111.
449 2577 515 2597 orm.
531 2577 630 2597 wrm.

629 99 652 130 1.
671 98 772 130 Loci
791 95 1067 129 THEOLOGICI:
1087 95 1130 127 D.
1148 93 1308 127 TERTIA
1325 92 1482 124 EORUM
1500 90 1655 122 AETAS.

2062 90 2141 121 1010

1166 187 1298 218 natione
1319 185 1421 217 multa
1445 183 1595 226 exempla
1617 182 1766 223 conspici
1789 182 1840 212 sui
1870 181 1979 212 iudicii
2008 182 2047 212 de
2072 191 2141 212 sce—

1144 234 1146 245 *
1166 229 1289 260 leribus
1313 229 1496 264 hominum,
1520 233 1555 256 ut
1578 235 1704 265 poenae
1726 223 1981 260 homicidarum,
2003 224 2142 254 incesto-

1167 282 1255 306 rum,
1284 276 1515 310 tyrannorum,
1544 268 1749 307 periurorum
1779 263 1952 296 manifeste
1981 270 2142 296 testantur

1167 311 1274 342 Deum
1306 310 1357 341 his
1392 308 1576 340 sceleribus
1603 308 1713 338 irasci.
1763 307 1823 337 Est
1852 317 1932 349 ergo
1961 306 2143 338 honorifica

1169 354 1295 393 opinio,
1328 351 1496 393 politicum
1532 351 1695 387 ordinem,
1730 350 1882 390 imperia,
1916 350 2142 391 magistratus,

1167 394 1278 436 leges,
1307 394 1441 432 iudicia,
1468 403 1594 434 poenas
1624 401 1700 423 esse
1727 401 1828 431 opera
1852 392 1931 429 Dei,
1961 392 1995 422 in
2024 392 2142 432 quibus

1168 437 1329 478 sapientia
1351 436 1428 474 Dei,
1450 436 1571 467 iustitia
1594 441 1625 465 et
1649 434 1779 465 bonitas
1802 444 1880 474 erga
1904 443 2008 474 genus
2031 434 2141 465 huma—

1168 490 1245 510 num
1269 479 1523 518 conspiciuntur.
1568 477 1685 508 Altera
1706 486 1784 516 pars
1807 475 1943 506 honoris
1973 483 2040 513 est,
2068 476 2143 516 quia

1168 521 1231 552 hae
1251 531 1305 551 res
1329 527 1403 551 sunt
1428 521 1567 557 divinae,
1589 518 1742 550 voluntas
1765 525 1879 549 nostra
1899 517 1987 549 ultro
2015 523 2047 549 et
2062 527 2142 548 vero

1169 564 1279 594 studio
1303 573 1341 594 se
1364 563 1515 593 subiiciat
1537 562 1680 601 imperiis
1703 567 1837 600 propter
1859 560 1978 598 Deum,
2003 566 2036 591 et
2057 566 2142 590 amet

1169 606 1230 636 has
1253 615 1307 636 res
1330 611 1363 636 et
1384 606 1477 645 ipsos
1500 604 1729 644 magistratus,
1761 603 1917 633 custodes
1943 600 2067 642 politici
2091 611 2142 632 01·-

1169 649 1263 679 dinis.
1310 646 1403 678 Haec
1436 653 1487 677 est
1519 646 1682 676 sententia
1713 645 1898 685 praecepti,
1935 644 2022 685 quod
2054 644 2142 675 iubet

1169 690 1326 720 honorem
1348 690 1445 720 tribui
1467 688 1724 729 magistratibus.

1255 732 1364 772 Supra
1387 737 1495 762 autem
1517 731 1629 761 monui
1655 729 1893 760 discernendas
1923 738 2000 759 esse
2028 738 2082 759 res
2111 735 2141 758 et

1169 784 1342 814 personas.
1366 774 1582 814 Agnoscebat
1594 770 1717 803 Paulus
1737 778 1770 802 et
1789 777 1880 802 certo
1901 771 2027 802 sciebat
2044 772 2142 811 impe-

1169 818 1252 848 rium
1273 815 1457 847 Romanum
1481 814 1638 857 singulari
1661 815 1725 845 Dei
1749 812 1886 845 consilio
1916 819 1948 844 et
1977 823 2039 852 ope
2067 822 2142 843 con-

1169 860 1317 890 stitutum
1339 868 1433 898 esse,
1461 863 1493 889 et
1519 859 1625 898 ipsum
1653 858 1801 888 ordinem
1828 867 1868 887 30
1896 854 1991 897 leges
2014 855 2141 886 amabat

1169 908 1199 932 et
1223 901 1453 938 venerabatur,
1477 901 1534 931 sed
1552 900 1718 930 Neronem
1740 906 1774 930 111
1798 899 1995 929 teterrimam
2017 902 2142 937 pestem

1169 949 1201 974 et
1223 942 1356 973 Diaboli
1379 952 1539 984 organum
1562 943 1677 973 oderat
1705 952 1745 973 ac
1768 941 1984 972 execrabatur
2012 946 2044 970 et
2074 938 2143 970 tolli

1170 996 1241 1016 eum
1268 996 1288 1016 a
1316 985 1391 1016 Deo
1422 986 1569 1024 petebat,
1605 985 1688 1015 sicut
1723 990 1753 1014 et
1784 983 1911 1014 accidit.
1956 981 2027 1012 Etsi
2061 982 2143 1012 enim

1169 1029 1258 1067 prius
1282 1028 1323 1057 ab
1348 1038 1387 1057 eo
1406 1027 1530 1058 Paulus
1550 1025 1740 1057 interfectus
1760 1032 1810 1057 est
1829 1024 1968 1056 mirabili
1985 1024 2048 1055 Dei
2068 1034 2144 1055 0011-

1171 1069 1242 1100 silio
1266 1071 1496 1109 permittentis,
1520 1075 1554 1099 ut
1578 1079 1597 1099 a
1621 1068 1678 1099 tali
1700 1075 1766 1099 tam
1789 1074 1886 1105 tetro,
1910 1067 1996 1107 turpi
2019 1072 2051 1097 et
2069 1076 2144 1096 exe-

1171 1112 1294 1143 crando
1317 1117 1470 1151 portento
1488 1109 1671 1151 Apostolus
1688 1110 1762 1141 Deo
1787 1120 1884 1140 carus
1908 1116 1939 1140 et
1963 1109 2057 1139 donis
2080 1118 2145 1138 am-

1169 1153 1328 1194 plissimis
1347 1159 1495 1190 ornatus,
1513 1159 1545 1183 et
1562 1163 1620 1193 per
1639 1163 1734 1193 quem
1754 1162 1872 1193 magna
1883 1161 1962 1192 pars
1973 1149 2146 1181 Ecclesiae

1171 1194 1312 1226 collecta
1339 1201 1426 1232 erat,
1460 1202 1651 1232 necaretur,
1687 1201 1795 1226 tamen
1826 1194 1941 1225 eodem
1970 1202 2056 1224 anno
2086 1192 2145 1223 sibi

1169 1239 1231 1278 ipsi
1252 1238 1342 1268 Nero
1366 1244 1504 1268 mortem
1527 1238 1697 1268 conscivit.

1257 1279 1410 1310 Ceterum
1433 1278 1486 1311 hic
1509 1279 1616 1310 honos
1639 1280 1837 1320 praecipuus
1861 1286 1928 1317 est,
1956 1280 2063 1311 Deum
2085 1291 2144 1321 pro

1170 1321 1283 1362 politia
1306 1329 1337 1352 01
1355 1322 1602 1362 magistratibus
1619 1323 1788 1359 invocare,
1809 1322 1897 1362 quod
1920 1328 2009 1353 certe
2027 1321 2146 1354 facient

1171 1364 1324 1395 ardenter
1346 1364 1417 1401 isti,
1446 1364 1501 1404 qui
1529 1374 1606 1394 vere
1638 1365 1782 1405 cogitant
1809 1363 1977 1405 politicum
2001 1365 2145 1396 ordinem

1172 1416 1256 1446 opus
1285 1412 1317 1436 et
1346 1407 1465 1436 donum
1496 1406 1557 1436 Dei
1589 1416 1665 1437 esse
1693 1413 1724 1437 et
1756 1407 1862 1437 bonos
1892 1408 2103 1448 magistratus
2127 1419 2146 1438 a

1171 1448 1244 1478 Deo
1263 1449 1398 1478 excitari
1418 1454 1447 1478 et
1467 1449 1582 1485 iuvari,
1604 1450 1689 1480 sicut
1708 1450 1754 1480 fit.
1784 1449 1859 1479 Non
1878 1450 1962 1480 enim
1982 1449 2145 1481 durabiles

1172 1496 1282 1520 essent
1305 1488 1436 1530 politiae
1461 1496 1493 1520 et
1516 1497 1617 1528 artes,
1640 1492 1701 1522 nisi
1725 1492 1864 1522 subinde
1887 1501 1906 1521 a
1930 1491 2003 1522 Deo
2027 1493 2144 1522 excita-

1172 1539 1284 1563 rentur
1301 1534 1552 1570 instauratores,
1572 1539 1607 1563 ut
1625 1539 1700 1573 post
1713 1534 1939 1572 Manassenw)
1963 1533 2146 1574 collapsum

1171 1573 1242 1605 fere
1259 1585 1396 1615 regnum
1414 1575 1553 1606 restituit
1572 1575 1686 1606 iosias.
1723 1576 1814 1608 Haec
1834 1576 1993 1607 beneficia
2011 1576 2075 1607 Dei
2093 1577 2146 1617 qui

1174 1617 1397 1654 considerant,
1432 1618 1520 1648 veris
1554 1624 1584 1648 et
1613 1619 1802 1649 ardentibus
1829 1620 1984 1659 precibus
2012 1619 2146 1659 imperia

1172 1660 1337 1696 adiuvant,
1357 1661 1443 1690 sicut
1462 1666 1492 1690 et
1511 1659 1632 1691 Paulus
1651 1662 1809 1702 praecipit
1830 1662 1857 1691 l.
1870 1661 1949 1692 Tim.
1969 1661 2000 1690 2.
2025 1663 2086 1699 [vs.
2099 1661 2144 1699 2.]

1172 1700 1341 1732 Adhortor
1353 1712 1414 1732 vos
1427 1703 1555 1742 precari
1574 1714 1634 1743 pro
1652 1704 1786 1744 regibus
1805 1709 1837 1734 et
1854 1704 2018 1740 omnibus,
2037 1704 2092 1744 qui
2100 1705 2145 1735 S⁰)

1172 1750 1329 1784 praesunt
1353 1751 1415 1775 etc.
1456 1745 1545 1775 finis
1569 1746 1666 1776 etiam
1689 1747 1828 1783 additur,
1850 1752 1884 1776 ut
1908 1746 1973 1776 vita
1996 1746 2038 1776 sit
2060 1752 2146 1776 tran-

1174 1786 1285 1827 quilla,
1308 1796 1375 1816 non
1397 1792 1433 1817 ut
1455 1788 1488 1817 in
1511 1788 1577 1818 otio
1601 1786 1825 1829 voluptatibus
1848 1786 2006 1825 fruamur,
2030 1789 2091 1819 sed
2112 1795 2146 1819 ut

1174 1836 1330 1869 regantur
1353 1839 1462 1860 mores
1488 1829 1659 1869 disciplina
1684 1837 1715 1861 et
1739 1831 1850 1861 doceri
1870 1829 2085 1872 Evangelium
2107 1840 2146 1860 30

1173 1873 1349 1912 propagari
1378 1873 1482 1911 possit
1518 1878 1548 1903 et
1576 1871 1748 1904 Ecclesiae
1779 1879 1929 1904 crescant
1965 1879 1995 1903 et
2028 1882 2146 1903 nomen

1174 1913 1237 1943 Dei
1261 1920 1291 1943 et
1310 1913 1440 1944 Domini
1463 1915 1567 1945 nostri
1587 1915 1659 1945 lesu
1679 1914 1798 1946 Christi
1819 1914 2014 1946 celebretur.
2049 1914 2146 1945 Prae-

1176 1957 1251 1996 cipit
1275 1963 1305 1985 et
1329 1956 1482 1987 ieremias
1506 1968 1577 1997 cap.
1602 1957 1652 1988 29.
1681 1960 1744 1995 [vs.
1770 1958 1812 1996 7.]
1844 1958 1930 1988 orari
1957 1968 2016 1998 pro
2045 1967 2147 1998 regno

1175 1997 1399 2039 Babylonico:
1434 1999 1590 2034 Quaerite
1608 2010 1723 2040 pacem
1743 2001 1895 2036 civitatis.
1918 2000 1950 2030 in
1973 2010 2038 2040 qua
2060 2000 2147 2030 eritis

1176 2042 1207 2071 in
1231 2039 1340 2077 exilio,
1363 2047 1395 2071 et
1418 2048 1509 2072 orate
1526 2052 1586 2082 pro
1607 2052 1646 2073 ea
1664 2043 1706 2073 ad
1726 2043 1900 2079 dominum.
1924 2043 1999 2082 quia
2017 2042 2049 2072 in
2066 2051 2149 2082 pace

1177 2082 1264 2113 illius
1288 2083 1347 2113 erit
1370 2085 1465 2114 vohis
1488 2095 1563 2125 pax.

1264 2125 1358 2156 Addo
1383 2132 1413 2156 et
1437 2125 1522 2157 hanc
1545 2126 1692 2168 regulam
1720 2128 1871 2158 traditam
1900 2136 1984 2158 voce
2005 2126 2148 2167 Aposto-

1176 2167 1281 2198 lorum
1306 2168 1394 2205 [Act.
1419 2168 1455 2205 5,
1483 2169 1567 2208 293:
1605 2170 1740 2210 Oportet
1766 2169 1840 2200 Deo
1871 2170 1974 2210 magis
2004 2169 2149 2206 obedire„

1177 2221 1273 2250 quam
1296 2208 1492 2241 hominibus.
1533 2211 1614 2242 Cum
1638 2213 1735 2253 igitur
1752 2212 1906 2242 mandant
1924 2212 2072 2242 homines
2091 2221 2148 2242 seu

1176 2253 1287 2293 Reges
1322 2263 1382 2283 seu
1411 2253 1579 2294 Principes
1614 2264 1673 2285 seu
1703 2254 1898 2292 Pontifices,
1932 2260 1966 2285 ut
1993 2253 2148 2284 faciamus

1177 2302 1291 2325 contra
1311 2296 1462 2327 mandata
1480 2296 1554 2329 Dei.
1578 2307 1644 2327 non
1665 2303 1713 2327 est
1734 2296 1961 2334 obediendum,
1986 2297 2045 2327 sed
2063 2305 2149 2326 man-

1153 2449 1154 2459 t
1177 2433 1220 2460 79)
1241 2434 1385 2463 Manassen]
1414 2435 1449 2458 sit·
1469 2435 1539 2460 Editt.
1563 2436 1635 2458 1—4.
1656 2436 1678 2458 6.
1700 2436 1722 2458 7.
1742 2436 1765 2458 9.
1788 2436 1826 2459 12.
1851 2436 1954 2459 18—20.
1974 2434 2014 2457 23.
2039 2434 2145 2457 25-2ῖ,

1243 2467 1314 2497 Corp.
1336 2468 1419 2492 1-5..
1439 2468 1496 2498 opp.
1518 2469 1540 2491 1.
1562 2469 1597 2497 2.;
1617 2472 1716 2494 ceterae
1736 2469 1824 2494 Edict:
1850 2470 1993 2493 manassem

1154 2519 1155 2522 ’
1176 2517 1221 2544 80)
1242 2518 1293 2549 qui]
1313 2518 1384 2543 Editt.
1407 2520 1426 2541 1.
1448 2521 1470 2540 35.
1490 2525 1554 2550 quae

1947 2552 1978 2573 64
