2358 2933
220 100 294 130 1011

216 192 324 222 datum
347 190 409 221 Dei
432 189 682 221 anteferendum
705 197 766 226 est,
790 197 822 221 ut
845 191 942 221 docet
963 190 1100 222 historia
1122 191 1188 222 Da·

216 231 309 263 nielis
334 233 439 263 tertio.

299 273 376 304 Dixi
398 274 586 313 praecipua,
609 282 695 312 quae
718 273 749 302 in
768 272 921 303 Ecclesia
944 274 984 303 de
1003 276 1132 305 caussis
1156 282 1188 305 et

215 317 370 358 dignitate
394 314 515 355 politici
538 314 660 345 ordinis
689 320 720 344 et
748 315 997 355 magistratuum
1026 315 1104 345 sciri
1132 325 1186 346 ne-

216 367 312 389 cesse
334 364 395 388 est.
442 357 536 387 Nunc
560 357 655 387 etiam
684 355 783 387 multa
812 356 851 386 de
879 355 996 387 officiis
1026 357 1182 398 guberna-

216 408 322 430 torum
344 399 482 430 dicenda
505 405 631 435 essent,
661 398 720 428 sed
751 408 815 428 non
845 405 895 429 est
924 399 1027 429 nostri
1050 399 1187 430 instituti

216 440 385 482 complecti
415 448 514 472 totam
536 439 704 480 politicam
727 441 918 471 doctrinam.
963 440 1083 472 Extant
1112 440 1186 471 libri

217 482 490 523 Philosophorum
519 488 548 513 et
579 481 907 519 lut-tsconsultorum,
937 483 991 522 qui
1020 484 1186 514 continent

215 523 325 556 officia
347 526 603 566 magistratuum.
640 524 710 555 Nos
730 530 837 555 tamen
856 525 946 556 brevi
966 524 1082 566 regula
1099 535 1185 556 sum-

820 98 928 129 PHlL.
953 99 1055 130 MEL.
1078 99 1261 131 SCRIPTA
1279 100 1549 133 DOGMATch.

2122 105 2202 136 1012

1232 203 1302 224 rum
1326 200 1388 224 etc.
1433 193 1531 224 Deut.
1560 194 1609 225 18.
1633 197 1700 232 [vs.
1727 194 1789 233 10.]
1834 194 1908 225 Non
1938 195 2002 225 sint
2031 197 2117 237 magi
2145 203 2202 228 aut

1231 235 1454 267 incantatores
1477 236 1510 266 in
1533 241 1628 266 terra.

1315 275 1407 307 Haec
1429 283 1606 317 praecepta
1628 284 1705 308 sunt
1726 278 1804 308 iuris
1827 284 1961 310 naturae
1984 285 2017 309 et
2041 280 2201 319 pertinent

1231 317 1273 346 ad
1305 319 1486 349 secundum
1516 326 1739 360 praeceptum:
1774 320 1848 350 Non
1881 321 2056 361 usurpabis
2084 331 2202 353 nomen

1230 357 1293 388 Dei
1316 367 1411 389 vane.
1451 360 1522 391 Nec
1546 362 1631 391 enim
1653 360 1786 392 habebit
1798 360 1958 393 Dominus
1981 362 2068 394 hunc
2092 364 2201 394 inson-

1231 405 1312 436 tem,
1341 402 1395 441 qui
1423 412 1542 432 nomen
1564 402 1627 433 Dei
1650 412 1736 434 vane
1758 405 1971 444 usurpaverit.
2015 404 2106 436 Haec
2128 415 2201 437 sen-

1231 442 1330 473 tentia
1359 444 1509 474 omnibus
1539 444 1740 481 hominibuS‚
1770 446 1834 476 imo
1864 447 2012 477 omnibus
2043 448 2200 478 creaturis

1230 483 1485 525 intelligentibus
1504 487 1726 516 concionatur.
1772 486 1840 517 Suo
1863 489 2002 528 quisque
2029 488 2104 519 loco
2128 499 2202 528 pro-

1231 526 1342 556 hibere
1365 525 1554 557 manifestas
1575 527 1637 558 Dei
1662 527 1874 559 contumelias
1897 529 2003 560 debet.
2040 529 2149 564 Quare
2171 537 2202 561 et

216 577 299 598 mam
321 567 544 598 indicabimus.
585 565 782 597 Aristoteles
806 566 931 598 erudite
954 568 1083 598 tradidit
1107 567 1185 597 defi·
1205 564 1208 608 l
1230 569 1442 609 magistratus
1465 568 1642 608 prohibere
1672 576 1703 600 et
1732 571 1847 610 punire
1877 571 1998 602 debent
2019 571 2201 612 Epicureos

216 610 368 640 nitionem
387 610 597 650 magistratus
613 609 819 649 paucissimis
833 609 955 647 verbis,
974 620 1059 650 quae
1078 616 1184 640 tamen

215 649 345 682 evoluta
364 652 506 682 continet
525 649 758 691 amplissimam
777 651 974 682 doctrinam:
999 651 1098 691 ἅρχων
1123 653 1186 681 ἐστὶ

216 693 311 732 φύλαξ
335 694 433 731 νόμον.
475 693 557 724 Cum
580 703 730 733 quaereS,
753 703 838 734 quae
860 694 925 724 sint
948 691 1060 724 officia
1081 692 1186 734 Magi-

215 742 389 772 stratuum‚
419 737 528 777 cogita
551 734 635 766 hanc
659 735 895 772 definitionem,
923 742 953 766 et
977 735 1033 765 tibi
1061 736 1184 776 pingito

215 778 457 818 magistratum,
488 777 538 809 cui
569 778 610 808 de
639 776 725 808 collo
756 777 919 817 pendeant
942 775 1073 808 tabulae
1103 778 1186 808 duae
1209 778 1360 809 Ι8011110
1383 777 1525 809 Domino
1548 784 1609 809 etc.

215 819 297 861 legis
328 819 446 860 Moysi.
491 819 613 850 Harum
643 827 756 850 custos
791 829 867 850 esse
900 819 998 850 debet
1027 818 1185 850 Politicus

215 863 430 903 gubernator,
462 862 550 903 quod
578 862 620 892 ad
645 867 811 892 externam
834 860 1037 902 disciplinam
1059 862 1184 892 attinet.

216 903 297 934 Nam
325 903 388 934 hae
415 911 491 935 sunt
519 914 665 935 summae
694 903 804 946 legeS,
838 913 878 934 ex
907 905 1026 944 quibus
1055 910 1186 934 ceterae

215 945 370 977 honestae
393 945 486 987 leges
508 956 633 983 omnes,
659 946 709 985 (ut
732 955 870 977 necesse
893 952 943 977 est
966 945 1077 986 plures
1096 955 1186 983 esse,

214 998 297 1028 quae
316 989 413 1019 vitam
434 987 603 1019 Politicam
621 995 652 1019 et
669 988 788 1020 Forum
806 989 950 1029 regant,)
970 994 1126 1029 tanquam
1144 998 1186 1019 ex

214 1030 356 1061 sontibus
380 1031 578 1062 derivantur.

299 1071 380 1104 Cum
404 1073 500 1114 igitur
523 1073 737 1114 Magistratus
760 1074 801 1103 sit
831 1079 945 1104 custos
973 1071 1100 1114 legum,
1130 1073 1187 1103 ob-

215 1123 372 1157 temperet
401 1117 447 1146 eis
478 1116 549 1156 ipse
579 1121 611 1146 et
644 1113 727 1146 alios
761 1116 989 1155 obtemperare
1023 1121 1121 1156 cogat
1155 1120 1187 1144 et

214 1169 325 1190 earum
347 1159 573 1189 auctoritatem
596 1156 722 1188 fortiter
746 1155 910 1188 defendat.
955 1157 1031 1188 Ideo
1061 1157 1145 1187 enim
1167 1166 1186 1186 a

216 1201 286 1232 Deo
309 1207 452 1232 armatus
484 1206 534 1230 est
557 1199 676 1240 gladio.
721 1200 772 1230 Ac
803 1207 837 1230 ut
866 1199 1042 1230 discrimen
1071 1197 1187 1229 intelli-

215 1250 310 1285 gatur
327 1242 555 1274 Ecclesiastici
574 1242 804 1283 gubernatoris
823 1248 854 1272 et
873 1240 1014 1278 Politici,
1037 1247 1068 1271 et
1091 1239 1188 1271 simul

216 1286 325 1317 officia
347 1285 607 1326 conspiciantur,
636 1283 720 1314 hanc
743 1284 837 1314 trado
861 1283 1079 1314 definitionem
1107 1281 1187 1322 poli-

216 1329 270 1359 tici
293 1328 522 1369 magistratus:
551 1326 766 1366 Magistratus
797 1333 847 1356 est
870 1325 1019 1356 Minister
1041 1323 1105 1355 Dei
1134 1334 1187 1355 00-

216 1371 362 1401 stodiens
386 1369 558 1400 honestam
581 1367 784 1408 disciplinam
807 1373 976 1398 externam
999 1368 1050 1397 sui
1073 1371 1188 1397 coetus

217 1421 245 1443 et
275 1422 390 1452 pacem
417 1412 517 1451 acffl)
548 1413 707 1441 coercens
740 1420 779 1440 ac
810 1410 947 1450 puniens
977 1415 1187 1438 contumaces

217 1455 368 1496 legitimis
392 1454 504 1494 poenis
530 1463 713 1493 cotporum.

301 1496 362 1528 Hic
381 1495 580 1527 differentiae
593 1500 781 1534 comparent
798 1494 880 1523 inter
891 1491 1064 1534 Evangelii
1077 1492 1188 1522 docto-

218 1551 284 1572 rem
304 1546 333 1570 et
354 1537 592 1580 Magistratum.
622 1534 792 1577 Evangelii
812 1536 927 1567 doctor
945 1535 1097 1575 proponit
1115 1544 1187 1564 ver-

220 1586 292 1614 bum
309 1576 372 1612 Dei
395 1586 427 1611 et
449 1580 651 1610 administrat
671 1579 894 1614 Sacramenta,
916 1587 974 1618 per
993 1587 1077 1618 quae
1094 1576 1187 1606 Deus

218 1625 385 1656 audientes
409 1628 507 1653 vocat
533 1622 575 1652 ad
598 1622 695 1652 vitam
724 1627 906 1656 aeternam,
943 1626 975 1650 et
1003 1625 1053 1649 est
1081 1620 1114 1649 in
1141 1619 1188 1649 eis

219 1666 347 1697 efficax.
384 1664 510 1695 Deinde
534 1666 666 1694 coercet
689 1670 719 1693 et
740 1663 830 1703 punit
849 1669 974 1692 tantmn
993 1662 1095 1692 verbo
1113 1659 1188 1698 Dei,

219 1707 343 1739 scilicet
367 1717 449 1737 voce
472 1704 642 1746 Evangelii
671 1712 703 1735 et
731 1704 1089 1740 excommunicatione,
1117 1704 1188 1733 sine

221 1752 249 1781 vi
279 1748 453 1790 corporali.
498 1749 541 1779 At
569 1747 783 1789 Magistratus
809 1752 922 1777 custos
955 1752 1006 1777 est
1035 1752 1188 1776 externae

220 1791 409 1833 disciplinae
431 1797 462 1822 et
485 1791 596 1831 pacis,
631 1797 660 1820 et
689 1796 833 1820 armatus
857 1787 966 1830 gladio
997 1791 1129 1819 coercet
1158 1793 1187 1817 et

220 1836 309 1875 punit
332 1840 541 1865 contumaces
565 1831 719 1874 legitimis
741 1832 855 1871 poenis
879 1841 1064 1871 corporum.

304 1876 385 1908 Cum
403 1882 510 1906 autem
523 1876 607 1911 (lico,
626 1874 856 1915 Magistrattnn
869 1871 1060 1914 disciplinae
1079 1878 1188 1902 custo-

220 1920 292 1949 dem
315 1928 406 1955 esse,
437 1916 582 1958 intellige
603 1923 774 1956 utramque
802 1915 947 1947 tabulam
969 1913 1132 1955 Decalogi
1160 1915 1188 1944 ei

221 1961 465 1992 custodiendam
489 1969 580 1996 esse,
609 1959 640 1988 id
664 1965 730 1995 est,
765 1958 840 1988 Non
863 1964 988 1989 tantum
1018 1962 1069 1987 est
1096 1956 1187 1997 pacis

221 2010 352 2040 custos,
380 2001 469 2033 velut
491 2001 720 2038 armentarius,
750 2010 811 2031 nec
833 2006 956 2031 tantum
979 1999 1100 2035 ventri,
1129 1998 1188 2028 sed

221 2046 355 2085 primum
377 2043 501 2085 gloriae
522 2043 585 2074 Dei
608 2043 741 2079 serviat,
767 2043 855 2083 quod
878 2043 920 2073 ad
942 2048 1096 2072 externos
1120 2050 1187 2071 mo-

222 2097 273 2118 res
303 2087 426 2117 attinet.
473 2086 515 2116 Ut
547 2096 660 2115 010005
690 2083 824 2125 politiae
852 2089 1033 2116 sanxerunt
1064 2093 1187 2123 poenas

221 2129 379 2160 adversus
414 2129 580 2168 periuros,
619 2125 739 2158 multae
778 2127 872 2158 etiam
910 2126 995 2166 apud
1029 2125 1186 2156 Ethnicos

221 2177 396 2202 sanxerunt
424 2180 547 2209 poenas
574 2170 735 2200 adversus
758 2169 937 2209 Epicureos
967 2178 1027 2199 seu
1049 2167 1187 2204 Atheos,

221 2214 274 2253 qui
292 2211 399 2252 palam
418 2213 565 2243 dixerunt
586 2210 660 2242 nihil
680 2222 755 2242 esse
773 2211 879 2242 Deum
898 2217 952 2241 aut
971 2209 1092 2241 nullam
1111 2219 1187 2240 esse

221 2255 456 2295 providentiam
479 2253 552 2285 Dei.
597 2254 662 2285 Sed
686 2264 749 2284 nos
777 2253 884 2294 legem
906 2253 970 2283 Dei
1002 2262 1187 2293 sequamur,

222 2307 304 2337 quae
321 2297 365 2327 ait
385 2296 504 2334 [Levit.
518 2295 568 2334 19,
586 2297 650 2334 4.]:
684 2295 798 2336 Fugite
816 2294 910 2326 idola.
946 2294 1024 2325 Item
1043 2294 1122 2325 Lev.
1135 2294 1187 2324 24.

223 2343 283 2374 lvs.
309 2338 374 2376 16.]
405 2337 466 2372 Qui
484 2336 761 2378 blasphemaverit
783 2348 900 2368 nomen
918 2336 1060 2374 Domini,
1084 2342 1188 2367 morte

221 2381 385 2411 moriatur.
425 2380 520 2410 Deut.
546 2380 593 2410 12.
632 2383 693 2417 [vs.
718 2381 761 2418 3.]
801 2380 944 2410 Evertite
979 2390 1056 2409 aras
1087 2377 1187 2410 idolo-

225 2516 265 2543 11)
285 2515 324 2546 ae]
345 2515 415 2540 Editt.
433 2517 450 2538 l.
472 2516 493 2537 3.
515 2521 537 2539 et

1207 710 1211 781 ί

1208 2431 1211 2508 1

1230 620 1412 647 sermones,
1436 609 1597 641 idolorum
1618 610 1774 649 honoreS,
1797 612 1948 652 periuria,
1970 611 2106 644 foedera
2127 614 2202 645 dae-

1230 662 1371 689 monum,
1390 651 1630 692 professionem
1648 654 1817 694 impiorum
1836 655 2033 694 dogmatum.
2057 655 2093 686 111
2110 665 2202 695 prae-

1231 694 1351 734 cipiunt
1374 700 1405 724 et
1427 694 1510 724 haec
1533 695 1620 725 dicta
1643 695 1777 732 [Psalm.
1801 696 1833 733 2,
1858 696 1897 726 10
1919 700 2004 736 sq.J:
2040 697 2081 728 Et
2101 707 2200 734 nunc,

1230 746 1343 777 reges,
1375 735 1561 776 intelligite,
1591 737 1776 774 erudimini,
1811 739 1865 779 qui
1894 738 2044 770 iudicatis
2071 745 2200 770 terram.

1654 778 1696 809 Et
1717 778 1815 809 Prov.
1839 779 1891 809 25.
1921 782 1985 817 [vs.
2008 781 2052 818 5.]
2098 779 2202 812 Aufer

1229 821 1425 860 impietatem
1443 830 1463 850 a
1480 818 1571 851 vultu
1591 821 1691 861 regiS,
1715 828 1745 851 et
1769 820 1947 851 firmabitur
1969 822 2091 854 iustitia
2112 822 2201 854 thro-

1230 872 1290 893 nus
1321 862 1402 892 eius.
1447 861 1488 893 Et
1514 863 1541 892 l.
1565 862 1648 903 Reg.
1672 863 1702 892 2.
1740 862 1782 900 [l.
1807 862 1893 893 Sam.
1917 863 1954 900 2,
1981 863 2048 902 30.]
2094 863 2201 895 Glori-

1230 904 1367 934 ficantes
1390 914 1441 935 me
1464 903 1657 945 glorificabo
1681 911 1711 936 et
1736 910 1981 936 contemnentes
1998 916 2050 937 me
2068 905 2203 938 reddam

1231 952 1448 986 contemptos.
2106 971 2107 974 ,

1316 987 1392 1018 11100
1416 999 1482 1019 non
1505 987 1614 1019 solum
1641 998 1741 1030 reges
1773 990 1815 1029 pii
1842 989 1875 1019 in
1898 989 1992 1026 luda,
2019 990 2081 1021 sed
2108 990 2204 1021 etiam

1231 1028 1367 1061 aliarum
1384 1031 1528 1071 gentium
1548 1030 1670 1071 Reges,
1694 1039 1869 1071 postquam
1887 1032 2071 1063 didicerunt
2092 1041 2204 1063 veram

1231 1072 1272 1103 de
1300 1071 1374 1103 Deo
1403 1073 1600 1110 doctrinam,
1628 1072 1864 1113 prohibuerunt
1893 1072 2107 1105 contumelias
2134 1075 2203 1105 ieri

1230 1114 1305 1151 Dei,
1328 1120 1362 1145 ut
1384 1114 1693 1146 Nabuchodonosor
1705 1117 1752 1155 5²)
1782 1121 1814 1146 et
1836 1114 1957 1146 Darius
1980 1114 2110 1147 Medus.
2154 1115 2202 1146 lta

1232 1162 1263 1187 et
1285 1155 1522 1188 Constantinus
1545 1164 1578 1187 et
1600 1155 1804 1188 Theodosius
1828 1163 1919 1188 recte
1942 1156 2104 1194 fecerunt,
2128 1167 2202 1188 cum

1232 1197 1378 1229 delerent
1408 1198 1504 1229 idola.
1549 1198 1619 1229 Etsi
1649 1201 1734 1230 enim
1757 1199 1968 1240 magistratus
1990 1210 2056 1231 non
2084 1199 2205 1230 iudicat

1231 1250 1292 1271 nec
1314 1247 1416 1271 mutat
1438 1251 1579 1272 arcanas
1603 1242 1772 1280 opiniones
1803 1242 1834 1271 in
1862 1248 1987 1278 mente,
2015 1248 2122 1272 tamen
2150 1251 2204 1271 ex-

1231 1288 1324 1313 terna
1349 1281 1467 1312 delicta
1490 1281 1664 1322 prohibere
1695 1283 1790 1313 debet
1814 1289 1947 1323 propter
1969 1281 2107 1323 gloriam
2128 1281 2203 1319 Dei,

1232 1330 1263 1355 et
1286 1334 1327 1355 nc
1350 1323 1460 1364 plures
1485 1331 1735 1364 corrumpantur
1757 1324 1889 1355 licentia
1912 1331 1943 1355 et
1965 1323 2132 1364 exemplis.

1318 1366 1428 1400 Quare
1452 1365 1578 1406 Reges,
1606 1365 1776 1406 Principes
1805 1373 1835 1396 et
1864 1366 2077 1407 Magistratus
2107 1367 2202 1397 etiam

1232 1407 1296 1438 hoc
1315 1415 1460 1447 tempore
1478 1408 1651 1447 inspiciant
1665 1407 1835 1437 Ecclesias
1856 1414 1887 1437 et
1905 1413 2020 1438 curent
2038 1417 2096 1438 eas
2114 1413 2204 1438 recte

1232 1450 1353 1486 doceri=
1378 1456 1412 1479 ut
1437 1448 1611 1480 flectantur
1633 1450 1729 1479 animi
1752 1449 1918 1480 hominum
1943 1450 1985 1480 ad
2007 1459 2120 1480 veram
2141 1449 2203 1480 Dei

1231 1492 1470 1522 invocationem
1498 1498 1529 1521 et
1558 1492 1600 1521 ad
1628 1489 1692 1521 alia
1721 1492 1849 1531 pietatis
1881 1489 2005 1529 officia,
2036 1498 2068 1522 et
2094 1490 2204 1531 prohi-

1232 1535 1326 1564 beant
1352 1532 1415 1564 coli
1437 1532 1526 1564 idola
1548 1544 1588 1564 ac
1612 1533 1723 1563 doceri
1746 1540 1775 1564 et
1802 1533 1986 1564 confirmari
2008 1531 2112 1564 falsas
2135 1533 2204 1573 opi-

1231 1576 1346 1606 niones
1371 1582 1555 1616 pugnantes
1579 1586 1651 1605 cum
1674 1574 1866 1615 Evangelio,
1889 1586 1909 1606 a
1931 1585 2127 1616 quocunque
2148 1584 2203 1616 ge·

1231 1628 1309 1648 nere
1332 1617 1496 1648 hominum
1519 1624 1720 1658 sparguntur
1733 1619 1790 1651 83).
1838 1618 2109 1658 obtemperemus
2130 1618 2204 1648 voci

1231 1661 1355 1690 aeterni
1384 1659 1492 1691 Patris
1520 1660 1731 1700 praecipienti
1759 1660 1799 1690 de
1821 1659 1963 1690 Domino
1991 1666 2106 1690 nostro
2129 1658 2205 1690 lesu

1232 1701 1362 1733 Christo
1388 1702 1481 1738 [Luc.
1504 1701 1535 1741 9,
1559 1701 1623 1738 354
1678 1701 1771 1732 Hunc
1794 1702 1913 1732 audite.
1958 1700 2203 1739 Amplectamur

1232 1754 1312 1785 ergo
1336 1750 1369 1775 et
1390 1743 1592 1775 illustremus
1614 1742 1829 1785 Evangelium
1851 1744 1982 1774 Domini
2004 1744 2108 1774 nostri
2128 1742 2204 1774 lesu

1233 1786 1364 1823 Christi,
1384 1787 1512 1817 reiectis
1524 1785 1684 1822 Ethnicis,
1703 1785 1855 1823 Iudaicis,
1875 1785 2022 1817 Tui-eicis
2040 1792 2069 1816 et
2083 1785 2203 1816 Haere-

1232 1829 1303 1859 ticis
1327 1828 1503 1860 furou‘bus.
1534 1826 1693 1858 Auferant
1714 1829 1878 1868 principes
1897 1839 1937 1858 ex
1955 1826 2110 1859 Ecclesia
2126 1826 2203 1857 Eth-

1232 1873 1338 1902 nicam
1356 1872 1537 1901 doctrinam
1556 1869 1677 1910 Papae,
1699 1869 1857 1901 Ethnicos
1880 1871 1961 1902 ritus
1984 1869 2202 1901 invocationis

1232 1920 1434 1944 mortuorum
1456 1919 1488 1943 et
1509 1912 1691 1943 horrendas
1714 1910 1960 1952 profanationes
1984 1911 2116 1943 Coenae
2134 1910 2202 1941 Do-

1232 1956 1318 1986 mini.
1364 1955 1400 1986 Id
1429 1955 1631 1996 praecipiunt
1659 1955 1811 1984 mandata
1833 1953 1897 1984 Dei
1923 1961 2056 1984 aeterna
2086 1960 2117 1984 et
2146 1954 2201 1984 im-

1232 1997 1418 2029 mutabilia:
1452 1997 1526 2027 Non
1549 2006 1699 2027 assumes
1727 2006 1847 2026 nomen
1871 1995 2003 2026 Domini
2031 1996 2076 2026 tui
2105 2005 2200 2026 vane.

1231 2040 1325 2070 Item:
1358 2039 1454 2070 Hunc
1489 2039 1607 2069 audite.
1654 2037 1794 2078 Impertit
1829 2037 1923 2069 Deus
1953 2037 2201 2078 magistratibus

1231 2083 1422 2114 societatem
1445 2082 1496 2112 sui
1517 2081 1657 2111 nominis
1679 2079 1765 2110 hanc
1787 2081 1891 2120 ipsam
1914 2081 1955 2111 ob
1979 2089 2142 2116 caussam,
2169 2084 2202 2110 ut

1230 2135 1283 2155 res
1303 2125 1440 2161 divinas,
1463 2124 1495 2153 id
1514 2129 1574 2160 est,
1599 2132 1710 2153 veram
1728 2121 1791 2152 Dei
1809 2123 1955 2152 notitiam
1973 2127 2004 2152 et
2021 2121 2200 2153 invocatio-

1231 2177 1319 2204 nem,
1349 2167 1502 2197 iustitiam
1529 2172 1559 2195 et
1598 2175 1713 2205 pacem
1736 2171 1897 2196 tueantur.
1943 2163 2114 2199 Quomodo
2138 2163 2201 2193 dici

1230 2215 1369 2249 possunt
1393 2208 1504 2239 vicarii
1521 2206 1594 2242 Dei,
1618 2208 1646 2237 si
1664 2206 1841 2237 Dominum
1859 2217 1919 2237 nec
1937 2212 2120 2247 agnoscant
2138 2205 2200 2245 ipsi

1231 2261 1291 2282 nec
1314 2252 1354 2282 ab
1379 2249 1451 2281 aliis
1475 2250 1611 2290 agnosci
1635 2250 1770 2280 curent?

1316 2292 1403 2323 Alibi
1416 2294 1462 2329 ³⁴)
1495 2298 1601 2322 autem
1635 2290 1784 2332 longiore
1820 2291 2037 2331 disputatione
2072 2290 2199 2320 ostendi

1232 2413 1276 2442 82²)
1296 2411 1536 2442 Nabuchodonosor]
1559 2411 1632 2435 Editt.
1653 2412 1674 2433 1.
1695 2412 1717 2432 ³.
1738 2409 1936 2439 Nabogdonosor

1232 2463 1276 2493 83)
1296 2461 1461 2492 sparguntur]
1480 2461 1551 2486 Editt.
1572 2460 1610 2485 26,
1630 2460 1677 2485 27..
1698 2460 1766 2490 corp.
1787 2461 1859 2484 1—8.
1878 2461 2031 2489 spargantur

1231 2514 1276 2541 84)
1296 2513 1352 2538 scil.
1372 2514 1395 2537 tn
1414 2516 1535 2536 tractatu:
1554 2512 1605 2537 ..De
1625 2510 1706 2535 officio
1724 2511 1874 2540 Principum.
1894 2510 1959 2539 quod
1977 2509 2125 2534 mandatum
2137 2510 2181 2534 Dei
