<?xml version="1.0" encoding="UTF-8"?>
<!DOCTYPE html PUBLIC "-//W3C//DTD XHTML 1.0 Transitional//EN"
    "http://www.w3.org/TR/xhtml1/DTD/xhtml1-transitional.dtd">
<html xmlns="http://www.w3.org/1999/xhtml" xml:lang="en" lang="en">
 <head>
  <title>
</title>
<meta http-equiv="Content-Type" content="text/html;charset=utf-8" />
  <meta name='ocr-system' content='tesseract 3.04.00' />
  <meta name='ocr-capabilities' content='ocr_page ocr_carea ocr_par ocr_line ocrx_word'/>
</head>
<body>
  <div class='ocr_page' id='page_1' title='image "./operaquaesupersu21melauoft/operaquaesupersu21melauoft_0563.png"; bbox 0 0 2358 2933; ppageno 0'>
   <div class='ocr_carea' id='block_1_1' title="bbox 134 119 216 152">
    <p class='ocr_par' dir='ltr' id='par_1_1' title="bbox 134 119 216 152">
     <span class='ocr_line' id='line_1_1' title="bbox 134 119 216 152; baseline 0 0"><span class='ocrx_word' id='word_1_1' title='bbox 134 119 216 152; x_wconf 86' lang='lat'>1097</span> 
     </span>
    </p>
   </div>
   <div class='ocr_carea' id='block_1_2' title="bbox 130 211 1110 509">
    <p class='ocr_par' dir='ltr' id='par_1_2' title="bbox 130 211 1110 509">
     <span class='ocr_line' id='line_1_2' title="bbox 132 211 1108 254; baseline -0.002 -9"><span class='ocrx_word' id='word_1_2' title='bbox 132 220 221 245; x_wconf 88' lang='lat' dir='ltr'>tutus</span> <span class='ocrx_word' id='word_1_3' title='bbox 255 222 275 244; x_wconf 86' lang='lat' dir='ltr'>a</span> <span class='ocrx_word' id='word_1_4' title='bbox 297 211 382 243; x_wconf 89' lang='lat' dir='ltr'>Deo.</span> <span class='ocrx_word' id='word_1_5' title='bbox 427 211 518 243; x_wconf 87' lang='lat' dir='ltr'>Haec</span> <span class='ocrx_word' id='word_1_6' title='bbox 552 211 697 243; x_wconf 86' lang='lat' dir='ltr'>definitio</span> <span class='ocrx_word' id='word_1_7' title='bbox 727 218 778 242; x_wconf 83' lang='lat' dir='ltr'>est</span> <span class='ocrx_word' id='word_1_8' title='bbox 807 212 884 242; x_wconf 90' lang='lat' dir='ltr'>boni</span> <span class='ocrx_word' id='word_1_9' title='bbox 913 212 944 242; x_wconf 93' lang='lat' dir='ltr'>in</span> <span class='ocrx_word' id='word_1_10' title='bbox 974 222 1108 254; x_wconf 79' lang='lat' dir='ltr'>genere,</span> 
     </span>
     <span class='ocr_line' id='line_1_3' title="bbox 131 253 1109 298; baseline 0 -12"><span class='ocrx_word' id='word_1_11' title='bbox 131 256 221 298; x_wconf 82' lang='lat' dir='ltr'>quod</span> <span class='ocrx_word' id='word_1_12' title='bbox 249 255 433 287; x_wconf 87' lang='lat' dir='ltr'>nominatur</span> <span class='ocrx_word' id='word_1_13' title='bbox 467 256 588 286; x_wconf 90' lang='lat' dir='ltr'>bonum</span> <span class='ocrx_word' id='word_1_14' title='bbox 616 253 783 292; x_wconf 87' lang='lat' dir='ltr'>naturale,</span> <span class='ocrx_word' id='word_1_15' title='bbox 818 260 849 285; x_wconf 87' lang='lat' dir='ltr'>et</span> <span class='ocrx_word' id='word_1_16' title='bbox 871 254 912 285; x_wconf 91' lang='lat' dir='ltr'>de</span> <span class='ocrx_word' id='word_1_17' title='bbox 935 253 999 286; x_wconf 89' lang='lat' dir='ltr'>hoc</span> <span class='ocrx_word' id='word_1_18' title='bbox 1022 256 1109 286; x_wconf 88' lang='lat' dir='ltr'>bono</span> 
     </span>
     <span class='ocr_line' id='line_1_4' title="bbox 132 296 1109 339; baseline -0.002 -8"><span class='ocrx_word' id='word_1_19' title='bbox 132 300 250 331; x_wconf 89' lang='lat' dir='ltr'>dicitur</span> <span class='ocrx_word' id='word_1_20' title='bbox 274 296 414 337; x_wconf 86' lang='lat' dir='ltr'>[Genes.</span> <span class='ocrx_word' id='word_1_21' title='bbox 441 298 475 335; x_wconf 89' lang='grc'>1,</span> <span class='ocrx_word' id='word_1_22' title='bbox 504 298 590 336; x_wconf 81' lang='lat'>31.]:</span> <span class='ocrx_word' id='word_1_23' title='bbox 636 297 725 328; x_wconf 83' lang='lat' dir='ltr'>Vidit</span> <span class='ocrx_word' id='word_1_24' title='bbox 747 297 840 328; x_wconf 86' lang='lat' dir='ltr'>Deus</span> <span class='ocrx_word' id='word_1_25' title='bbox 864 298 988 335; x_wconf 75' lang='lat' dir='ltr'>omnia,</span> <span class='ocrx_word' id='word_1_26' title='bbox 1025 309 1109 339; x_wconf 84' lang='lat' dir='ltr'>quae</span> 
     </span>
     <span class='ocr_line' id='line_1_5' title="bbox 130 340 1109 379; baseline -0.001 -6"><span class='ocrx_word' id='word_1_27' title='bbox 130 341 270 379; x_wconf 82' lang='lat' dir='ltr'>fecerat,</span> <span class='ocrx_word' id='word_1_28' title='bbox 294 346 326 371; x_wconf 91' lang='grc'>81</span> <span class='ocrx_word' id='word_1_29' title='bbox 350 347 443 371; x_wconf 88' lang='lat' dir='ltr'>erant</span> <span class='ocrx_word' id='word_1_30' title='bbox 466 340 562 372; x_wconf 84' lang='lat' dir='ltr'>valde</span> <span class='ocrx_word' id='word_1_31' title='bbox 588 342 692 378; x_wconf 74' lang='lat' dir='ltr'>bona,</span> <span class='ocrx_word' id='word_1_32' title='bbox 726 341 760 371; x_wconf 90' lang='lat' dir='ltr'>id</span> <span class='ocrx_word' id='word_1_33' title='bbox 783 346 846 377; x_wconf 83' lang='lat' dir='ltr'>est,</span> <span class='ocrx_word' id='word_1_34' title='bbox 882 342 1109 372; x_wconf 81' lang='lat' dir='ltr'>convenientia</span> 
     </span>
     <span class='ocr_line' id='line_1_6' title="bbox 131 381 1110 421; baseline -0.002 -5"><span class='ocrx_word' id='word_1_35' title='bbox 131 395 205 416; x_wconf 91' lang='lat' dir='ltr'>cum</span> <span class='ocrx_word' id='word_1_36' title='bbox 223 389 332 415; x_wconf 87' lang='lat' dir='ltr'>mente</span> <span class='ocrx_word' id='word_1_37' title='bbox 355 384 464 415; x_wconf 79' lang='lat' dir='ltr'>divina</span> <span class='ocrx_word' id='word_1_38' title='bbox 487 384 535 414; x_wconf 89' lang='lat' dir='ltr'>sic</span> <span class='ocrx_word' id='word_1_39' title='bbox 559 384 742 421; x_wconf 81' lang='lat' dir='ltr'>ordinante,</span> <span class='ocrx_word' id='word_1_40' title='bbox 766 381 917 414; x_wconf 85' lang='lat' dir='ltr'>videlicet</span> <span class='ocrx_word' id='word_1_41' title='bbox 940 384 969 414; x_wconf 89' lang='lat' dir='ltr'>in</span> <span class='ocrx_word' id='word_1_42' title='bbox 994 390 1110 415; x_wconf 82' lang='lat' dir='ltr'>natura</span> 
     </span>
     <span class='ocr_line' id='line_1_7' title="bbox 131 425 1108 469; baseline -0.003 -10"><span class='ocrx_word' id='word_1_43' title='bbox 131 426 333 469; x_wconf 79' lang='lat' dir='ltr'>intelligente</span> <span class='ocrx_word' id='word_1_44' title='bbox 356 432 449 458; x_wconf 85' lang='lat' dir='ltr'>erant</span> <span class='ocrx_word' id='word_1_45' title='bbox 472 428 645 468; x_wconf 83' lang='lat' dir='ltr'>sapientia,</span> <span class='ocrx_word' id='word_1_46' title='bbox 676 426 799 457; x_wconf 87' lang='lat' dir='ltr'>iustitia</span> <span class='ocrx_word' id='word_1_47' title='bbox 823 431 854 456; x_wconf 86' lang='lat' dir='ltr'>et</span> <span class='ocrx_word' id='word_1_48' title='bbox 877 425 999 457; x_wconf 86' lang='lat' dir='ltr'>laetitia</span> <span class='ocrx_word' id='word_1_49' title='bbox 1023 432 1055 457; x_wconf 90' lang='lat' dir='ltr'>et</span> <span class='ocrx_word' id='word_1_50' title='bbox 1077 427 1108 457; x_wconf 92' lang='lat' dir='ltr'>in</span> 
     </span>
     <span class='ocr_line' id='line_1_8' title="bbox 131 469 1078 509; baseline -0.002 -7"><span class='ocrx_word' id='word_1_51' title='bbox 131 477 247 502; x_wconf 77' lang='lat' dir='ltr'>natura</span> <span class='ocrx_word' id='word_1_52' title='bbox 269 470 423 500; x_wconf 88' lang='lat' dir='ltr'>universa</span> <span class='ocrx_word' id='word_1_53' title='bbox 446 470 539 501; x_wconf 86' lang='lat' dir='ltr'>ordo.</span> <span class='ocrx_word' id='word_1_54' title='bbox 584 469 713 500; x_wconf 86' lang='lat' dir='ltr'>Deinde</span> <span class='ocrx_word' id='word_1_55' title='bbox 735 469 866 509; x_wconf 86' lang='lat' dir='ltr'>species</span> <span class='ocrx_word' id='word_1_56' title='bbox 890 470 1078 500; x_wconf 78' lang='lat' dir='ltr'>recitantur.</span> 
     </span>
    </p>
   </div>
   <div class='ocr_carea' id='block_1_3' title="bbox 205 528 1108 566">
    <p class='ocr_par' dir='ltr' id='par_1_3' title="bbox 205 528 1108 566">
     <span class='ocr_line' id='line_1_9' title="bbox 205 528 1108 566; baseline -0.001 -6"><span class='ocrx_word' id='word_1_57' title='bbox 205 529 362 560; x_wconf 87' lang='lat' dir='ltr'><strong>BONUM</strong></span> <span class='ocrx_word' id='word_1_58' title='bbox 378 529 674 566; x_wconf 69' lang='lat' dir='ltr'>H()NEsTm1³⁹)</span> <span class='ocrx_word' id='word_1_59' title='bbox 688 528 877 560; x_wconf 82' lang='lat' dir='ltr'><strong>MORALE</strong></span> <span class='ocrx_word' id='word_1_60' title='bbox 897 528 1108 560; x_wconf 78' lang='lat' dir='ltr'><strong>CREATUM</strong></span> 
     </span>
    </p>
   </div>
   <div class='ocr_carea' id='block_1_4' title="bbox 125 571 1108 1813">
    <p class='ocr_par' dir='ltr' id='par_1_4' title="bbox 125 571 1108 1813">
     <span class='ocr_line' id='line_1_10' title="bbox 130 571 1108 614; baseline -0.003 -10"><span class='ocrx_word' id='word_1_61' title='bbox 130 579 181 604; x_wconf 70' lang='lat' dir='ltr'>est</span> <span class='ocrx_word' id='word_1_62' title='bbox 204 573 297 614; x_wconf 82' lang='lat' dir='ltr'>ipsae</span> <span class='ocrx_word' id='word_1_63' title='bbox 320 573 470 604; x_wconf 82' lang='lat' dir='ltr'>actiones</span> <span class='ocrx_word' id='word_1_64' title='bbox 493 571 674 603; x_wconf 77' lang='lat' dir='ltr'>voluntatis</span> <span class='ocrx_word' id='word_1_65' title='bbox 698 572 729 602; x_wconf 92' lang='lat' dir='ltr'>in</span> <span class='ocrx_word' id='word_1_66' title='bbox 753 571 893 613; x_wconf 82' lang='lat' dir='ltr'>Angelis</span> <span class='ocrx_word' id='word_1_67' title='bbox 918 578 948 602; x_wconf 93' lang='lat' dir='ltr'>et</span> <span class='ocrx_word' id='word_1_68' title='bbox 973 571 1108 602; x_wconf 92' lang='lat' dir='ltr'>homini-</span> 
     </span>
     <span class='ocr_line' id='line_1_11' title="bbox 131 614 1107 657; baseline -0.004 -10"><span class='ocrx_word' id='word_1_69' title='bbox 131 618 192 648; x_wconf 86' lang='lat' dir='ltr'>bus</span> <span class='ocrx_word' id='word_1_70' title='bbox 235 622 456 657; x_wconf 81' lang='lat' dir='ltr'>congruentes</span> <span class='ocrx_word' id='word_1_71' title='bbox 491 626 566 646; x_wconf 89' lang='lat' dir='ltr'>cum</span> <span class='ocrx_word' id='word_1_72' title='bbox 599 614 691 655; x_wconf 83' lang='lat' dir='ltr'>Lege</span> <span class='ocrx_word' id='word_1_73' title='bbox 724 614 786 645; x_wconf 88' lang='lat' dir='ltr'>Dei</span> <span class='ocrx_word' id='word_1_74' title='bbox 821 625 881 646; x_wconf 88' lang='lat' dir='ltr'>seu</span> <span class='ocrx_word' id='word_1_75' title='bbox 915 626 988 646; x_wconf 89' lang='grc'><strong>83111</strong></span> <span class='ocrx_word' id='word_1_76' title='bbox 1022 614 1107 645; x_wconf 85' lang='lat' dir='ltr'>Deo.</span> 
     </span>
     <span class='ocr_line' id='line_1_12' title="bbox 130 656 1108 699; baseline -0.002 -9"><span class='ocrx_word' id='word_1_77' title='bbox 130 659 219 690; x_wconf 86' lang='lat' dir='ltr'>ldem</span> <span class='ocrx_word' id='word_1_78' title='bbox 242 660 328 690; x_wconf 91' lang='lat' dir='ltr'>enim</span> <span class='ocrx_word' id='word_1_79' title='bbox 352 657 557 699; x_wconf 86' lang='lat' dir='ltr'>significatur</span> <span class='ocrx_word' id='word_1_80' title='bbox 579 656 631 688; x_wconf 89' lang='lat' dir='ltr'>his</span> <span class='ocrx_word' id='word_1_81' title='bbox 655 656 810 698; x_wconf 89' lang='lat' dir='ltr'>loquendi</span> <span class='ocrx_word' id='word_1_82' title='bbox 835 656 961 696; x_wconf 82' lang='lat' dir='ltr'>formis,</span> <span class='ocrx_word' id='word_1_83' title='bbox 986 663 1017 688; x_wconf 89' lang='lat' dir='ltr'>et</span> <span class='ocrx_word' id='word_1_84' title='bbox 1040 659 1108 698; x_wconf 92' lang='lat' dir='ltr'>qui-</span> 
     </span>
     <span class='ocr_line' id='line_1_13' title="bbox 128 700 1107 743; baseline -0.002 -10"><span class='ocrx_word' id='word_1_85' title='bbox 128 702 212 733; x_wconf 72' lang='grc'><strong>11831</strong></span> <span class='ocrx_word' id='word_1_86' title='bbox 239 702 310 743; x_wconf 90' lang='lat' dir='ltr'>regi</span> <span class='ocrx_word' id='word_1_87' title='bbox 345 700 406 731; x_wconf 90' lang='lat' dir='ltr'>has</span> <span class='ocrx_word' id='word_1_88' title='bbox 440 701 588 731; x_wconf 78' lang='lat' dir='ltr'>actiones</span> <span class='ocrx_word' id='word_1_89' title='bbox 619 706 750 741; x_wconf 88' lang='lat' dir='ltr'>oportet</span> <span class='ocrx_word' id='word_1_90' title='bbox 785 701 984 742; x_wconf 81' lang='lat' dir='ltr'>cogitatione</span> <span class='ocrx_word' id='word_1_91' title='bbox 1007 700 1107 742; x_wconf 73' lang='lat' dir='ltr'>Legis</span> 
     </span>
     <span class='ocr_line' id='line_1_14' title="bbox 129 743 1108 784; baseline -0.002 -8"><span class='ocrx_word' id='word_1_92' title='bbox 129 744 203 776; x_wconf 89' lang='lat' dir='ltr'>Dei.</span> <span class='ocrx_word' id='word_1_93' title='bbox 250 744 417 774; x_wconf 86' lang='lat' dir='ltr'>Osiander</span> <span class='ocrx_word' id='word_1_94' title='bbox 439 744 584 774; x_wconf 90' lang='lat' dir='ltr'>nominat</span> <span class='ocrx_word' id='word_1_95' title='bbox 606 744 761 775; x_wconf 85' lang='lat' dir='ltr'>iustitiam</span> <span class='ocrx_word' id='word_1_96' title='bbox 784 745 891 784; x_wconf 63' lang='lat' dir='ltr'>ipsum</span> <span class='ocrx_word' id='word_1_97' title='bbox 910 743 1029 781; x_wconf 82' lang='lat' dir='ltr'>Deum,</span> <span class='ocrx_word' id='word_1_98' title='bbox 1048 745 1108 774; x_wconf 91' lang='lat' dir='ltr'>sed</span> 
     </span>
     <span class='ocr_line' id='line_1_15' title="bbox 129 787 1107 818; baseline -0.001 0"><span class='ocrx_word' id='word_1_99' title='bbox 129 793 237 818; x_wconf 89' lang='lat' dir='ltr'>tamen</span> <span class='ocrx_word' id='word_1_100' title='bbox 271 796 412 817; x_wconf 89' lang='lat' dir='ltr'>necesse</span> <span class='ocrx_word' id='word_1_101' title='bbox 443 792 493 817; x_wconf 90' lang='lat' dir='ltr'>est</span> <span class='ocrx_word' id='word_1_102' title='bbox 526 787 706 818; x_wconf 87' lang='lat' dir='ltr'>increatam</span> <span class='ocrx_word' id='word_1_103' title='bbox 737 788 889 818; x_wconf 85' lang='lat' dir='ltr'>iustitiam</span> <span class='ocrx_word' id='word_1_104' title='bbox 922 787 1065 818; x_wconf 77' lang='lat' dir='ltr'>discerni</span> <span class='ocrx_word' id='word_1_105' title='bbox 1088 797 1107 817; x_wconf 86' lang='lat' dir='ltr'>a</span> 
     </span>
     <span class='ocr_line' id='line_1_16' title="bbox 129 829 1108 872; baseline -0.002 -11"><span class='ocrx_word' id='word_1_106' title='bbox 129 834 242 861; x_wconf 88' lang='lat' dir='ltr'>creata</span> <span class='ocrx_word' id='word_1_107' title='bbox 265 839 325 860; x_wconf 86' lang='lat' dir='ltr'>seu</span> <span class='ocrx_word' id='word_1_108' title='bbox 348 830 389 860; x_wconf 87' lang='lat' dir='ltr'>ab</span> <span class='ocrx_word' id='word_1_109' title='bbox 413 830 597 860; x_wconf 88' lang='lat' dir='ltr'>actionibus</span> <span class='ocrx_word' id='word_1_110' title='bbox 622 831 895 872; x_wconf 80' lang='lat' dir='ltr'>congruentibus,</span> <span class='ocrx_word' id='word_1_111' title='bbox 919 840 1004 870; x_wconf 89' lang='lat' dir='ltr'>quae</span> <span class='ocrx_word' id='word_1_112' title='bbox 1027 829 1108 860; x_wconf 65' lang='lat' dir='ltr'>fiunt</span> 
     </span>
     <span class='ocr_line' id='line_1_17' title="bbox 128 871 1107 913; baseline -0.001 -9"><span class='ocrx_word' id='word_1_113' title='bbox 128 874 161 904; x_wconf 91' lang='lat' dir='ltr'>in</span> <span class='ocrx_word' id='word_1_114' title='bbox 180 871 348 903; x_wconf 86' lang='lat' dir='ltr'>voluntate</span> <span class='ocrx_word' id='word_1_115' title='bbox 370 871 492 913; x_wconf 85' lang='lat' dir='ltr'>Angeli</span> <span class='ocrx_word' id='word_1_116' title='bbox 514 878 570 904; x_wconf 91' lang='lat' dir='ltr'>aut</span> <span class='ocrx_word' id='word_1_117' title='bbox 592 872 745 910; x_wconf 85' lang='lat' dir='ltr'>hominis,</span> <span class='ocrx_word' id='word_1_118' title='bbox 769 879 805 904; x_wconf 87' lang='lat' dir='ltr'>ut</span> <span class='ocrx_word' id='word_1_119' title='bbox 829 873 1036 903; x_wconf 83' lang='lat' dir='ltr'>crassissime</span> <span class='ocrx_word' id='word_1_120' title='bbox 1059 871 1107 903; x_wconf 94' lang='lat' dir='ltr'>lo-</span> 
     </span>
     <span class='ocr_line' id='line_1_18' title="bbox 129 914 1107 957; baseline 0 -11"><span class='ocrx_word' id='word_1_121' title='bbox 129 926 231 957; x_wconf 85' lang='lat' dir='ltr'>quar,</span> <span class='ocrx_word' id='word_1_122' title='bbox 264 925 403 956; x_wconf 84' lang='lat' dir='ltr'>quarum</span> <span class='ocrx_word' id='word_1_123' title='bbox 436 914 546 957; x_wconf 85' lang='lat' dir='ltr'>aliqua</span> <span class='ocrx_word' id='word_1_124' title='bbox 580 926 701 947; x_wconf 81' lang='lat' dir='ltr'>caussa</span> <span class='ocrx_word' id='word_1_125' title='bbox 735 922 786 947; x_wconf 88' lang='lat' dir='ltr'>est</span> <span class='ocrx_word' id='word_1_126' title='bbox 810 914 964 946; x_wconf 84' lang='lat' dir='ltr'>voluntas</span> <span class='ocrx_word' id='word_1_127' title='bbox 986 914 1107 956; x_wconf 86' lang='lat' dir='ltr'>Angeli</span> 
     </span>
     <span class='ocr_line' id='line_1_19' title="bbox 128 957 1107 999; baseline 0 -10"><span class='ocrx_word' id='word_1_128' title='bbox 128 964 184 989; x_wconf 88' lang='lat' dir='ltr'>aut</span> <span class='ocrx_word' id='word_1_129' title='bbox 217 957 377 997; x_wconf 88' lang='lat' dir='ltr'>hominis,</span> <span class='ocrx_word' id='word_1_130' title='bbox 412 969 496 999; x_wconf 85' lang='lat' dir='ltr'>quae</span> <span class='ocrx_word' id='word_1_131' title='bbox 527 969 592 989; x_wconf 93' lang='lat' dir='ltr'>non</span> <span class='ocrx_word' id='word_1_132' title='bbox 616 958 717 990; x_wconf 86' lang='lat' dir='ltr'>habet</span> <span class='ocrx_word' id='word_1_133' title='bbox 741 969 777 990; x_wconf 87' lang='lat' dir='ltr'>se</span> <span class='ocrx_word' id='word_1_134' title='bbox 801 968 938 999; x_wconf 75' lang='lat' dir='ltr'>prorsus</span> <span class='ocrx_word' id='word_1_135' title='bbox 962 960 1107 999; x_wconf 79' lang='lat' dir='ltr'>passive,</span> 
     </span>
     <span class='ocr_line' id='line_1_20' title="bbox 127 1001 1106 1043; baseline -0.001 -11"><span class='ocrx_word' id='word_1_136' title='bbox 127 1001 160 1032; x_wconf 89' lang='lat' dir='ltr'>id</span> <span class='ocrx_word' id='word_1_137' title='bbox 183 1006 245 1038; x_wconf 86' lang='lat' dir='ltr'>est,</span> <span class='ocrx_word' id='word_1_138' title='bbox 271 1001 301 1031; x_wconf 91' lang='lat' dir='ltr'>in</span> <span class='ocrx_word' id='word_1_139' title='bbox 322 1012 385 1042; x_wconf 85' lang='lat' dir='ltr'>qua</span> <span class='ocrx_word' id='word_1_140' title='bbox 408 1012 474 1032; x_wconf 92' lang='lat' dir='ltr'>non</span> <span class='ocrx_word' id='word_1_141' title='bbox 498 1002 564 1043; x_wconf 86' lang='lat' dir='ltr'>agit</span> <span class='ocrx_word' id='word_1_142' title='bbox 587 1001 690 1039; x_wconf 76' lang='lat' dir='ltr'>Deus,</span> <span class='ocrx_word' id='word_1_143' title='bbox 711 1009 745 1032; x_wconf 82' lang='lat' dir='ltr'>ut</span> <span class='ocrx_word' id='word_1_144' title='bbox 769 1002 827 1033; x_wconf 90' lang='lat' dir='ltr'>Sol</span> <span class='ocrx_word' id='word_1_145' title='bbox 852 1002 978 1043; x_wconf 83' lang='lat' dir='ltr'>spargit</span> <span class='ocrx_word' id='word_1_146' title='bbox 996 1002 1106 1032; x_wconf 83' lang='lat' dir='ltr'>radios</span> 
     </span>
     <span class='ocr_line' id='line_1_21' title="bbox 127 1043 1106 1086; baseline -0.001 -11"><span class='ocrx_word' id='word_1_147' title='bbox 127 1045 159 1075; x_wconf 93' lang='lat' dir='ltr'>in</span> <span class='ocrx_word' id='word_1_148' title='bbox 183 1043 316 1075; x_wconf 90' lang='lat' dir='ltr'>dolium.</span> <span class='ocrx_word' id='word_1_149' title='bbox 362 1044 401 1075; x_wconf 89' lang='lat' dir='ltr'>Et</span> <span class='ocrx_word' id='word_1_150' title='bbox 427 1044 567 1075; x_wconf 81' lang='lat' dir='ltr'>loannes</span> <span class='ocrx_word' id='word_1_151' title='bbox 598 1045 793 1085; x_wconf 63' lang='lat' dir='ltr'>[l.ep.3,⁴2.l</span> <span class='ocrx_word' id='word_1_152' title='bbox 824 1045 928 1086; x_wconf 89' lang='lat' dir='ltr'>inquit</span> <span class='ocrx_word' id='word_1_153' title='bbox 950 1054 1011 1075; x_wconf 89' lang='lat' dir='ltr'>nos</span> <span class='ocrx_word' id='word_1_154' title='bbox 1034 1043 1106 1074; x_wconf 87' lang='lat' dir='ltr'>fore</span> 
     </span>
     <span class='ocr_line' id='line_1_22' title="bbox 128 1086 1107 1125; baseline -0.002 -7"><span class='ocrx_word' id='word_1_155' title='bbox 128 1086 254 1118; x_wconf 87' lang='lat' dir='ltr'>similes</span> <span class='ocrx_word' id='word_1_156' title='bbox 278 1086 348 1118; x_wconf 88' lang='lat' dir='ltr'>Filii</span> <span class='ocrx_word' id='word_1_157' title='bbox 372 1087 447 1118; x_wconf 84' lang='lat' dir='ltr'>Dei.</span> <span class='ocrx_word' id='word_1_158' title='bbox 494 1088 570 1118; x_wconf 87' lang='lat' dir='ltr'>Item</span> <span class='ocrx_word' id='word_1_159' title='bbox 594 1087 716 1119; x_wconf 82' lang='lat' dir='ltr'>Paulus</span> <span class='ocrx_word' id='word_1_160' title='bbox 741 1089 782 1125; x_wconf 74' lang='lat'>[2.</span> <span class='ocrx_word' id='word_1_161' title='bbox 808 1088 884 1119; x_wconf 80' lang='lat' dir='ltr'>Cor.</span> <span class='ocrx_word' id='word_1_162' title='bbox 909 1087 940 1125; x_wconf 68' lang='lat'>3,</span> <span class='ocrx_word' id='word_1_163' title='bbox 966 1087 1028 1125; x_wconf 67' lang='lat'>18.)</span> <span class='ocrx_word' id='word_1_164' title='bbox 1063 1087 1107 1117; x_wconf 83' lang='lat' dir='ltr'>ait</span> 
     </span>
     <span class='ocr_line' id='line_1_23' title="bbox 129 1129 1107 1173; baseline -0.001 -12"><span class='ocrx_word' id='word_1_165' title='bbox 129 1140 190 1161; x_wconf 86' lang='lat' dir='ltr'>nos</span> <span class='ocrx_word' id='word_1_166' title='bbox 219 1129 467 1167; x_wconf 71' lang='lat' dir='ltr'>transformari,</span> <span class='ocrx_word' id='word_1_167' title='bbox 498 1137 532 1161; x_wconf 88' lang='lat' dir='ltr'>ut</span> <span class='ocrx_word' id='word_1_168' title='bbox 562 1131 664 1162; x_wconf 72' lang='lat' dir='ltr'>simus</span> <span class='ocrx_word' id='word_1_169' title='bbox 698 1132 807 1173; x_wconf 85' lang='lat' dir='ltr'>imago</span> <span class='ocrx_word' id='word_1_170' title='bbox 832 1131 903 1161; x_wconf 83' lang='lat' dir='ltr'>Dei.</span> <span class='ocrx_word' id='word_1_171' title='bbox 958 1130 1032 1161; x_wconf 90' lang='lat' dir='ltr'>Non</span> <span class='ocrx_word' id='word_1_172' title='bbox 1056 1135 1107 1160; x_wconf 79' lang='lat' dir='ltr'>est</span> 
     </span>
     <span class='ocr_line' id='line_1_24' title="bbox 128 1172 1107 1215; baseline -0.002 -11"><span class='ocrx_word' id='word_1_173' title='bbox 128 1179 238 1204; x_wconf 88' lang='lat' dir='ltr'>autem</span> <span class='ocrx_word' id='word_1_174' title='bbox 260 1174 368 1215; x_wconf 84' lang='lat' dir='ltr'>imago</span> <span class='ocrx_word' id='word_1_175' title='bbox 392 1173 603 1215; x_wconf 78' lang='lat' dir='ltr'>archetypus.</span> <span class='ocrx_word' id='word_1_176' title='bbox 638 1173 698 1204; x_wconf 85' lang='lat' dir='ltr'>Est</span> <span class='ocrx_word' id='word_1_177' title='bbox 721 1175 819 1215; x_wconf 86' lang='lat' dir='ltr'>igitur</span> <span class='ocrx_word' id='word_1_178' title='bbox 841 1172 973 1214; x_wconf 79' lang='lat' dir='ltr'>aliquod</span> <span class='ocrx_word' id='word_1_179' title='bbox 986 1174 1107 1203; x_wconf 80' lang='lat' dir='ltr'>bonum</span> 
     </span>
     <span class='ocr_line' id='line_1_25' title="bbox 127 1215 1107 1257; baseline -0.002 -10"><span class='ocrx_word' id='word_1_180' title='bbox 127 1215 302 1247; x_wconf 87' lang='lat' dir='ltr'>honestum</span> <span class='ocrx_word' id='word_1_181' title='bbox 326 1222 489 1254; x_wconf 83' lang='lat' dir='ltr'>creatum,</span> <span class='ocrx_word' id='word_1_182' title='bbox 516 1218 605 1257; x_wconf 90' lang='lat' dir='ltr'>quod</span> <span class='ocrx_word' id='word_1_183' title='bbox 628 1217 659 1247; x_wconf 93' lang='lat' dir='ltr'>in</span> <span class='ocrx_word' id='word_1_184' title='bbox 683 1215 746 1247; x_wconf 88' lang='lat' dir='ltr'>hac</span> <span class='ocrx_word' id='word_1_185' title='bbox 769 1217 836 1248; x_wconf 86' lang='lat' dir='ltr'>vita</span> <span class='ocrx_word' id='word_1_186' title='bbox 858 1217 890 1246; x_wconf 93' lang='lat' dir='ltr'>in</span> <span class='ocrx_word' id='word_1_187' title='bbox 914 1216 1036 1246; x_wconf 88' lang='lat' dir='ltr'>renatis</span> <span class='ocrx_word' id='word_1_188' title='bbox 1060 1216 1107 1245; x_wconf 92' lang='lat' dir='ltr'>in-</span> 
     </span>
     <span class='ocr_line' id='line_1_26' title="bbox 128 1257 1107 1300; baseline -0.002 -11"><span class='ocrx_word' id='word_1_189' title='bbox 128 1259 278 1296; x_wconf 89' lang='lat' dir='ltr'>choatur,</span> <span class='ocrx_word' id='word_1_190' title='bbox 313 1265 431 1299; x_wconf 92' lang='lat' dir='ltr'>postea</span> <span class='ocrx_word' id='word_1_191' title='bbox 466 1260 526 1289; x_wconf 89' lang='lat' dir='ltr'>erit</span> <span class='ocrx_word' id='word_1_192' title='bbox 549 1259 721 1300; x_wconf 89' lang='lat' dir='ltr'>integrum.</span> <span class='ocrx_word' id='word_1_193' title='bbox 768 1257 982 1298; x_wconf 81' lang='lat' dir='ltr'>Philosophia</span> <span class='ocrx_word' id='word_1_194' title='bbox 1003 1257 1107 1298; x_wconf 87' lang='lat' dir='ltr'>loqui-</span> 
     </span>
     <span class='ocr_line' id='line_1_27' title="bbox 128 1301 1107 1342; baseline -0.002 -10"><span class='ocrx_word' id='word_1_195' title='bbox 128 1309 181 1332; x_wconf 92' lang='lat' dir='ltr'>tur</span> <span class='ocrx_word' id='word_1_196' title='bbox 214 1303 256 1332; x_wconf 88' lang='lat' dir='ltr'>de</span> <span class='ocrx_word' id='word_1_197' title='bbox 278 1302 465 1332; x_wconf 82' lang='lat' dir='ltr'>actionibus</span> <span class='ocrx_word' id='word_1_198' title='bbox 489 1301 651 1338; x_wconf 86' lang='lat' dir='ltr'>honestis,</span> <span class='ocrx_word' id='word_1_199' title='bbox 686 1312 770 1342; x_wconf 90' lang='lat' dir='ltr'>quac</span> <span class='ocrx_word' id='word_1_200' title='bbox 794 1302 921 1331; x_wconf 81' lang='lat' dir='ltr'>etiamsi</span> <span class='ocrx_word' id='word_1_201' title='bbox 945 1307 1022 1331; x_wconf 56' lang='lat' dir='ltr'>sunt.</span> <span class='ocrx_word' id='word_1_202' title='bbox 1051 1302 1107 1330; x_wconf 93' lang='lat' dir='ltr'>im-</span> 
     </span>
     <span class='ocr_line' id='line_1_28' title="bbox 126 1342 1107 1385; baseline -0.005 -11"><span class='ocrx_word' id='word_1_203' title='bbox 126 1342 305 1385; x_wconf 85' lang='lat' dir='ltr'>perfectae,</span> <span class='ocrx_word' id='word_1_204' title='bbox 340 1349 447 1374; x_wconf 89' lang='lat' dir='ltr'>tamen</span> <span class='ocrx_word' id='word_1_205' title='bbox 474 1344 617 1374; x_wconf 88' lang='lat' dir='ltr'>sciamus</span> <span class='ocrx_word' id='word_1_206' title='bbox 641 1353 698 1374; x_wconf 85' lang='lat' dir='ltr'>eas</span> <span class='ocrx_word' id='word_1_207' title='bbox 722 1344 882 1374; x_wconf 86' lang='lat' dir='ltr'>nominari</span> <span class='ocrx_word' id='word_1_208' title='bbox 905 1345 1026 1373; x_wconf 89' lang='lat' dir='ltr'>bonum</span> <span class='ocrx_word' id='word_1_209' title='bbox 1048 1342 1107 1372; x_wconf 77' lang='lat' dir='ltr'>ho-</span> 
     </span>
     <span class='ocr_line' id='line_1_29' title="bbox 125 1384 1107 1423; baseline -0.003 -6"><span class='ocrx_word' id='word_1_210' title='bbox 125 1392 257 1417; x_wconf 86' lang='lat' dir='ltr'>nestum</span> <span class='ocrx_word' id='word_1_211' title='bbox 281 1395 341 1416; x_wconf 88' lang='lat' dir='ltr'>seu</span> <span class='ocrx_word' id='word_1_212' title='bbox 363 1384 487 1416; x_wconf 90' lang='lat' dir='ltr'>morale</span> <span class='ocrx_word' id='word_1_213' title='bbox 511 1392 674 1423; x_wconf 87' lang='lat' dir='ltr'>creatum,</span> <span class='ocrx_word' id='word_1_214' title='bbox 708 1392 743 1417; x_wconf 92' lang='lat' dir='ltr'>ut</span> <span class='ocrx_word' id='word_1_215' title='bbox 766 1387 852 1417; x_wconf 87' lang='lat' dir='ltr'>actio</span> <span class='ocrx_word' id='word_1_216' title='bbox 876 1385 1054 1417; x_wconf 74' lang='lat' dir='ltr'>voluntatis</span> <span class='ocrx_word' id='word_1_217' title='bbox 1075 1385 1107 1415; x_wconf 93' lang='lat' dir='ltr'>in</span> 
     </span>
     <span class='ocr_line' id='line_1_30' title="bbox 126 1428 1108 1469; baseline -0.003 -9"><span class='ocrx_word' id='word_1_218' title='bbox 126 1429 292 1469; x_wconf 87' lang='lat' dir='ltr'>Scipione,</span> <span class='ocrx_word' id='word_1_219' title='bbox 314 1428 476 1458; x_wconf 87' lang='lat' dir='ltr'>mandans</span> <span class='ocrx_word' id='word_1_220' title='bbox 501 1429 652 1459; x_wconf 78' lang='lat' dir='ltr'>omnibus</span> <span class='ocrx_word' id='word_1_221' title='bbox 675 1429 841 1466; x_wconf 80' lang='grc'><strong>3181311115,</strong></span> <span class='ocrx_word' id='word_1_222' title='bbox 864 1434 897 1458; x_wconf 91' lang='grc'>31</span> <span class='ocrx_word' id='word_1_223' title='bbox 921 1429 1108 1459; x_wconf 89' lang='lat' dir='ltr'>abstineant</span> 
     </span>
     <span class='ocr_line' id='line_1_31' title="bbox 127 1469 1107 1512; baseline -0.003 -9"><span class='ocrx_word' id='word_1_224' title='bbox 127 1473 168 1503; x_wconf 85' lang='lat' dir='ltr'>ab</span> <span class='ocrx_word' id='word_1_225' title='bbox 192 1469 328 1502; x_wconf 82' lang='lat' dir='ltr'>alterins</span> <span class='ocrx_word' id='word_1_226' title='bbox 351 1480 486 1511; x_wconf 90' lang='lat' dir='ltr'>sponsa.</span> <span class='ocrx_word' id='word_1_227' title='bbox 532 1471 623 1502; x_wconf 86' lang='lat' dir='ltr'>Haec</span> <span class='ocrx_word' id='word_1_228' title='bbox 645 1472 731 1502; x_wconf 83' lang='lat' dir='ltr'>actio</span> <span class='ocrx_word' id='word_1_229' title='bbox 755 1471 932 1512; x_wconf 85' lang='lat' dir='ltr'>perfectior</span> <span class='ocrx_word' id='word_1_230' title='bbox 955 1477 1056 1508; x_wconf 76' lang='lat' dir='ltr'>esset,</span> <span class='ocrx_word' id='word_1_231' title='bbox 1080 1471 1107 1500; x_wconf 89' lang='lat' dir='ltr'>si</span> 
     </span>
     <span class='ocr_line' id='line_1_32' title="bbox 127 1513 1108 1551; baseline -0.001 -6"><span class='ocrx_word' id='word_1_232' title='bbox 127 1524 221 1545; x_wconf 90' lang='lat' dir='ltr'>mens</span> <span class='ocrx_word' id='word_1_233' title='bbox 256 1520 287 1544; x_wconf 90' lang='lat' dir='ltr'>et</span> <span class='ocrx_word' id='word_1_234' title='bbox 322 1513 474 1545; x_wconf 89' lang='lat' dir='ltr'>voluntas</span> <span class='ocrx_word' id='word_1_235' title='bbox 510 1514 713 1545; x_wconf 83' lang='lat' dir='ltr'>intuerentur</span> <span class='ocrx_word' id='word_1_236' title='bbox 734 1514 858 1551; x_wconf 87' lang='lat' dir='ltr'>Deum,</span> <span class='ocrx_word' id='word_1_237' title='bbox 892 1514 1036 1544; x_wconf 90' lang='lat' dir='ltr'>utactio</span> <span class='ocrx_word' id='word_1_238' title='bbox 1060 1513 1108 1544; x_wconf 90' lang='lat' dir='ltr'>Io-</span> 
     </span>
     <span class='ocr_line' id='line_1_33' title="bbox 126 1555 1108 1598; baseline 0 -11"><span class='ocrx_word' id='word_1_239' title='bbox 126 1556 211 1598; x_wconf 84' lang='lat' dir='ltr'>seph</span> <span class='ocrx_word' id='word_1_240' title='bbox 252 1555 408 1598; x_wconf 84' lang='lat' dir='ltr'>fugientis</span> <span class='ocrx_word' id='word_1_241' title='bbox 443 1555 635 1587; x_wconf 86' lang='lat' dir='ltr'>adulteram.</span> <span class='ocrx_word' id='word_1_242' title='bbox 704 1556 795 1588; x_wconf 90' lang='lat' dir='ltr'>Haec</span> <span class='ocrx_word' id='word_1_243' title='bbox 829 1556 904 1587; x_wconf 88' lang='lat' dir='ltr'>alibi</span> <span class='ocrx_word' id='word_1_244' title='bbox 941 1557 1108 1597; x_wconf 86' lang='lat' dir='ltr'>copiosius</span> 
     </span>
     <span class='ocr_line' id='line_1_34' title="bbox 126 1598 1108 1640; baseline -0.002 -9"><span class='ocrx_word' id='word_1_245' title='bbox 126 1606 332 1631; x_wconf 86' lang='lat' dir='ltr'>enarrantur.</span> <span class='ocrx_word' id='word_1_246' title='bbox 342 1601 387 1633; x_wconf 77' lang='lat'>⁴⁰)</span> <span class='ocrx_word' id='word_1_247' title='bbox 412 1599 479 1630; x_wconf 87' lang='lat' dir='ltr'>Sed</span> <span class='ocrx_word' id='word_1_248' title='bbox 503 1605 611 1629; x_wconf 87' lang='lat' dir='ltr'>tamen</span> <span class='ocrx_word' id='word_1_249' title='bbox 636 1606 726 1630; x_wconf 88' lang='lat' dir='ltr'>recte</span> <span class='ocrx_word' id='word_1_250' title='bbox 745 1600 872 1637; x_wconf 88' lang='lat' dir='ltr'>dicitur,</span> <span class='ocrx_word' id='word_1_251' title='bbox 886 1598 1019 1640; x_wconf 84' lang='lat' dir='ltr'>aliquod</span> <span class='ocrx_word' id='word_1_252' title='bbox 1033 1609 1108 1630; x_wconf 88' lang='lat' dir='ltr'>esse</span> 
     </span>
     <span class='ocr_line' id='line_1_35' title="bbox 126 1641 1108 1680; baseline -0.002 -6"><span class='ocrx_word' id='word_1_253' title='bbox 126 1644 248 1674; x_wconf 88' lang='lat' dir='ltr'>bonum</span> <span class='ocrx_word' id='word_1_254' title='bbox 270 1642 447 1673; x_wconf 84' lang='lat' dir='ltr'>honestum</span> <span class='ocrx_word' id='word_1_255' title='bbox 470 1652 529 1673; x_wconf 89' lang='lat' dir='ltr'>seu</span> <span class='ocrx_word' id='word_1_256' title='bbox 553 1641 679 1673; x_wconf 89' lang='lat' dir='ltr'>morale</span> <span class='ocrx_word' id='word_1_257' title='bbox 703 1648 861 1680; x_wconf 88' lang='lat' dir='ltr'>creatum,</span> <span class='ocrx_word' id='word_1_258' title='bbox 885 1643 946 1673; x_wconf 88' lang='lat' dir='ltr'>etsi</span> <span class='ocrx_word' id='word_1_259' title='bbox 967 1642 1108 1673; x_wconf 85' lang='lat' dir='ltr'>discerni</span> 
     </span>
     <span class='ocr_line' id='line_1_36' title="bbox 126 1685 1107 1723; baseline -0.002 -6"><span class='ocrx_word' id='word_1_260' title='bbox 126 1695 268 1717; x_wconf 85' lang='lat' dir='ltr'>necesse</span> <span class='ocrx_word' id='word_1_261' title='bbox 291 1691 343 1717; x_wconf 86' lang='lat' dir='ltr'>est</span> <span class='ocrx_word' id='word_1_262' title='bbox 367 1686 517 1716; x_wconf 85' lang='lat' dir='ltr'>actiones</span> <span class='ocrx_word' id='word_1_263' title='bbox 541 1686 573 1715; x_wconf 93' lang='lat' dir='ltr'>in</span> <span class='ocrx_word' id='word_1_264' title='bbox 596 1685 718 1723; x_wconf 80' lang='lat' dir='ltr'>beatis,</span> <span class='ocrx_word' id='word_1_265' title='bbox 742 1686 817 1716; x_wconf 86' lang='lat' dir='ltr'>item</span> <span class='ocrx_word' id='word_1_266' title='bbox 840 1685 964 1716; x_wconf 85' lang='lat' dir='ltr'>renatis</span> <span class='ocrx_word' id='word_1_267' title='bbox 989 1686 1019 1715; x_wconf 93' lang='lat' dir='ltr'>in</span> <span class='ocrx_word' id='word_1_268' title='bbox 1044 1685 1107 1715; x_wconf 89' lang='grc'><strong>1138</strong></span> 
     </span>
     <span class='ocr_line' id='line_1_37' title="bbox 126 1727 1107 1770; baseline -0.002 -10"><span class='ocrx_word' id='word_1_269' title='bbox 126 1729 205 1767; x_wconf 84' lang='lat' dir='ltr'>vita,</span> <span class='ocrx_word' id='word_1_270' title='bbox 229 1735 261 1760; x_wconf 88' lang='lat' dir='ltr'>et</span> <span class='ocrx_word' id='word_1_271' title='bbox 282 1728 432 1759; x_wconf 86' lang='lat' dir='ltr'>honestis</span> <span class='ocrx_word' id='word_1_272' title='bbox 456 1728 617 1766; x_wconf 85' lang='lat' dir='ltr'>Ethnicis,</span> <span class='ocrx_word' id='word_1_273' title='bbox 640 1729 788 1760; x_wconf 82' lang='lat' dir='ltr'>actiones</span> <span class='ocrx_word' id='word_1_274' title='bbox 812 1727 1035 1770; x_wconf 86' lang='lat' dir='ltr'>Angelorum,</span> <span class='ocrx_word' id='word_1_275' title='bbox 1059 1728 1107 1758; x_wconf 91' lang='grc'>10-</span> 
     </span>
     <span class='ocr_line' id='line_1_38' title="bbox 127 1771 518 1813; baseline -0.005 -10"><span class='ocrx_word' id='word_1_276' title='bbox 127 1771 209 1813; x_wconf 80' lang='lat' dir='ltr'>seph</span> <span class='ocrx_word' id='word_1_277' title='bbox 233 1778 264 1803; x_wconf 91' lang='lat' dir='ltr'>et</span> <span class='ocrx_word' id='word_1_278' title='bbox 287 1771 463 1812; x_wconf 86' lang='lat' dir='ltr'>Scipionis.</span> <span class='ocrx_word' id='word_1_279' title='bbox 473 1772 518 1812; x_wconf 70' lang='lat'>3⁹)</span> 
     </span>
    </p>
   </div>
   <div class='ocr_carea' id='block_1_5' title="bbox 126 1839 1108 2052">
    <p class='ocr_par' dir='ltr' id='par_1_5' title="bbox 126 1839 1108 2052">
     <span class='ocr_line' id='line_1_39' title="bbox 212 1839 1108 1877; baseline -0.001 -6"><span class='ocrx_word' id='word_1_280' title='bbox 212 1839 337 1871; x_wconf 87' lang='lat' dir='ltr'><strong>BONA</strong></span> <span class='ocrx_word' id='word_1_281' title='bbox 371 1839 573 1877; x_wconf 73' lang='lat' dir='ltr'>UT1L1A41)</span> <span class='ocrx_word' id='word_1_282' title='bbox 615 1846 692 1871; x_wconf 85' lang='lat' dir='ltr'>sunt</span> <span class='ocrx_word' id='word_1_283' title='bbox 721 1849 834 1871; x_wconf 89' lang='lat' dir='ltr'>omnes</span> <span class='ocrx_word' id='word_1_284' title='bbox 868 1840 1001 1870; x_wconf 88' lang='lat' dir='ltr'>notitiae</span> <span class='ocrx_word' id='word_1_285' title='bbox 1035 1849 1108 1870; x_wconf 88' lang='grc'><strong>5811-</strong></span> 
     </span>
     <span class='ocr_line' id='line_1_40' title="bbox 127 1882 1108 1920; baseline -0.002 -6"><span class='ocrx_word' id='word_1_286' title='bbox 127 1893 220 1914; x_wconf 78' lang='lat' dir='ltr'>suum</span> <span class='ocrx_word' id='word_1_287' title='bbox 255 1889 287 1914; x_wconf 85' lang='lat' dir='ltr'>et</span> <span class='ocrx_word' id='word_1_288' title='bbox 316 1883 450 1920; x_wconf 84' lang='lat' dir='ltr'>mentis,</span> <span class='ocrx_word' id='word_1_289' title='bbox 485 1888 516 1913; x_wconf 93' lang='grc'>81</span> <span class='ocrx_word' id='word_1_290' title='bbox 540 1892 653 1913; x_wconf 86' lang='lat' dir='ltr'>omnes</span> <span class='ocrx_word' id='word_1_291' title='bbox 674 1893 728 1914; x_wconf 87' lang='lat' dir='ltr'>res</span> <span class='ocrx_word' id='word_1_292' title='bbox 753 1889 785 1914; x_wconf 91' lang='lat' dir='ltr'>et</span> <span class='ocrx_word' id='word_1_293' title='bbox 809 1882 999 1914; x_wconf 85' lang='lat' dir='ltr'>effectiones</span> <span class='ocrx_word' id='word_1_294' title='bbox 1023 1883 1108 1913; x_wconf 92' lang='lat' dir='ltr'>ordi-</span> 
     </span>
     <span class='ocr_line' id='line_1_41' title="bbox 126 1924 1107 1964; baseline -0.001 -7"><span class='ocrx_word' id='word_1_295' title='bbox 126 1932 223 1957; x_wconf 88' lang='lat' dir='ltr'>natae</span> <span class='ocrx_word' id='word_1_296' title='bbox 246 1927 288 1957; x_wconf 83' lang='lat' dir='ltr'>ad</span> <span class='ocrx_word' id='word_1_297' title='bbox 312 1926 599 1956; x_wconf 84' lang='lat' dir='ltr'>conservationem</span> <span class='ocrx_word' id='word_1_298' title='bbox 623 1926 723 1964; x_wconf 84' lang='lat' dir='ltr'>vitae,</span> <span class='ocrx_word' id='word_1_299' title='bbox 748 1932 783 1957; x_wconf 93' lang='lat' dir='ltr'>ut</span> <span class='ocrx_word' id='word_1_300' title='bbox 806 1926 888 1956; x_wconf 89' lang='lat' dir='ltr'>ordo</span> <span class='ocrx_word' id='word_1_301' title='bbox 912 1925 944 1956; x_wconf 90' lang='lat' dir='ltr'>in</span> <span class='ocrx_word' id='word_1_302' title='bbox 956 1924 1107 1956; x_wconf 86' lang='lat' dir='ltr'>Elemen-</span> 
     </span>
     <span class='ocr_line' id='line_1_42' title="bbox 127 1967 1107 2007; baseline -0.002 -7"><span class='ocrx_word' id='word_1_303' title='bbox 127 1969 168 2000; x_wconf 87' lang='lat' dir='ltr'>tis</span> <span class='ocrx_word' id='word_1_304' title='bbox 192 1975 224 2000; x_wconf 91' lang='lat' dir='ltr'>et</span> <span class='ocrx_word' id='word_1_305' title='bbox 245 1970 345 2000; x_wconf 89' lang='lat' dir='ltr'>rebus</span> <span class='ocrx_word' id='word_1_306' title='bbox 365 1969 592 2006; x_wconf 81' lang='lat' dir='ltr'>nascentibus,</span> <span class='ocrx_word' id='word_1_307' title='bbox 615 1967 790 2007; x_wconf 88' lang='lat' dir='ltr'>frumento,</span> <span class='ocrx_word' id='word_1_308' title='bbox 814 1967 954 2000; x_wconf 89' lang='lat' dir='ltr'>metallis</span> <span class='ocrx_word' id='word_1_309' title='bbox 975 1974 1006 2000; x_wconf 91' lang='lat' dir='ltr'>et</span> <span class='ocrx_word' id='word_1_310' title='bbox 1023 1967 1107 1999; x_wconf 86' lang='lat' dir='ltr'>aliis.</span> 
     </span>
     <span class='ocr_line' id='line_1_43' title="bbox 127 2010 1108 2052; baseline -0.001 -9"><span class='ocrx_word' id='word_1_311' title='bbox 127 2012 196 2043; x_wconf 89' lang='lat' dir='ltr'>Nec</span> <span class='ocrx_word' id='word_1_312' title='bbox 218 2011 345 2050; x_wconf 76' lang='lat' dir='ltr'>mihi42)</span> <span class='ocrx_word' id='word_1_313' title='bbox 371 2010 534 2052; x_wconf 84' lang='lat' dir='ltr'>displicet,</span> <span class='ocrx_word' id='word_1_314' title='bbox 559 2021 655 2042; x_wconf 85' lang='lat' dir='ltr'>veras</span> <span class='ocrx_word' id='word_1_315' title='bbox 680 2012 813 2043; x_wconf 89' lang='lat' dir='ltr'>notitias</span> <span class='ocrx_word' id='word_1_316' title='bbox 837 2012 868 2042; x_wconf 94' lang='lat' dir='ltr'>in</span> <span class='ocrx_word' id='word_1_317' title='bbox 892 2018 1010 2049; x_wconf 90' lang='lat' dir='ltr'>mente,</span> <span class='ocrx_word' id='word_1_318' title='bbox 1034 2022 1108 2043; x_wconf 91' lang='lat' dir='ltr'>cum</span> 
     </span>
    </p>
   </div>
   <div class='ocr_carea' id='block_1_6' title="bbox 172 2097 330 2103">
    <p class='ocr_par' dir='ltr' id='par_1_6' title="bbox 172 2097 330 2103">
     <span class='ocr_line' id='line_1_44' title="bbox 172 2097 330 2103; baseline 0 0"><span class='ocrx_word' id='word_1_319' title='bbox 172 2097 330 2103; x_wconf 95' lang='lat' dir='ltr'> </span> 
     </span>
    </p>
   </div>
   <div class='ocr_carea' id='block_1_7' title="bbox 126 2148 1108 2352">
    <p class='ocr_par' dir='ltr' id='par_1_7' title="bbox 126 2148 1108 2352">
     <span class='ocr_line' id='line_1_45' title="bbox 126 2148 1107 2181; baseline 0.002 -8"><span class='ocrx_word' id='word_1_320' title='bbox 126 2148 172 2179; x_wconf 82' lang='grc'>39)</span> <span class='ocrx_word' id='word_1_321' title='bbox 192 2149 249 2174; x_wconf 82' lang='lat' dir='ltr'>Pro</span> <span class='ocrx_word' id='word_1_322' title='bbox 267 2154 342 2179; x_wconf 75' lang='lat' dir='ltr'>seqq.</span> <span class='ocrx_word' id='word_1_323' title='bbox 362 2149 499 2174; x_wconf 83' lang='lat' dir='ltr'>MORALE.</span> <span class='ocrx_word' id='word_1_324' title='bbox 519 2166 524 2171; x_wconf 92' lang='lat'>.</span> <span class='ocrx_word' id='word_1_325' title='bbox 545 2169 549 2174; x_wconf 95' lang='lat'>.</span> <span class='ocrx_word' id='word_1_326' title='bbox 569 2152 594 2174; x_wconf 85' lang='lat' dir='ltr'>et</span> <span class='ocrx_word' id='word_1_327' title='bbox 612 2151 734 2180; x_wconf 78' lang='lat' dir='ltr'>Scipionis</span> <span class='ocrx_word' id='word_1_328' title='bbox 753 2150 794 2179; x_wconf 83' lang='lat' dir='ltr'>(in</span> <span class='ocrx_word' id='word_1_329' title='bbox 811 2149 866 2179; x_wconf 69' lang='lat' dir='ltr'>fine</span> <span class='ocrx_word' id='word_1_330' title='bbox 883 2150 967 2175; x_wconf 71' lang='lat' dir='ltr'>lanius</span> <span class='ocrx_word' id='word_1_331' title='bbox 985 2150 1059 2181; x_wconf 77' lang='lat' dir='ltr'>des.)</span> <span class='ocrx_word' id='word_1_332' title='bbox 1080 2150 1107 2175; x_wconf 78' lang='lat' dir='ltr'>in</span> 
     </span>
     <span class='ocr_line' id='line_1_46' title="bbox 195 2183 1106 2214; baseline 0 -6"><span class='ocrx_word' id='word_1_333' title='bbox 195 2183 268 2208; x_wconf 84' lang='lat' dir='ltr'>Editt.</span> <span class='ocrx_word' id='word_1_334' title='bbox 292 2183 321 2206; x_wconf 83' lang='grc'>16</span> <span class='ocrx_word' id='word_1_335' title='bbox 342 2197 374 2200; x_wconf 94' lang='grc'><strong>-</strong></span> <span class='ocrx_word' id='word_1_336' title='bbox 396 2183 433 2207; x_wconf 87' lang='grc'>19.</span> <span class='ocrx_word' id='word_1_337' title='bbox 455 2183 505 2212; x_wconf 78' lang='grc'><strong>23.,</strong></span> <span class='ocrx_word' id='word_1_338' title='bbox 523 2183 577 2209; x_wconf 75' lang='lat' dir='ltr'>Der.</span> <span class='ocrx_word' id='word_1_339' title='bbox 601 2184 622 2207; x_wconf 89' lang='lat'>1.</span> <span class='ocrx_word' id='word_1_340' title='bbox 642 2184 711 2209; x_wconf 67' lang='lat' dir='ltr'>llaec</span> <span class='ocrx_word' id='word_1_341' title='bbox 726 2190 822 2214; x_wconf 75' lang='lat' dir='ltr'>pauca</span> <span class='ocrx_word' id='word_1_342' title='bbox 841 2187 923 2210; x_wconf 76' lang='lat' dir='ltr'>sunt:</span> <span class='ocrx_word' id='word_1_343' title='bbox 943 2191 990 2210; x_wconf 84' lang='lat' dir='ltr'>seu</span> <span class='ocrx_word' id='word_1_344' title='bbox 1009 2185 1106 2209; x_wconf 81' lang='lat' dir='ltr'>morale</span> 
     </span>
     <span class='ocr_line' id='line_1_47' title="bbox 196 2217 1108 2249; baseline 0.002 -7"><span class='ocrx_word' id='word_1_345' title='bbox 196 2219 236 2243; x_wconf 88' lang='lat' dir='ltr'>est</span> <span class='ocrx_word' id='word_1_346' title='bbox 265 2217 290 2242; x_wconf 90' lang='lat' dir='ltr'>in</span> <span class='ocrx_word' id='word_1_347' title='bbox 314 2220 405 2243; x_wconf 84' lang='lat' dir='ltr'>natura</span> <span class='ocrx_word' id='word_1_348' title='bbox 424 2218 583 2247; x_wconf 81' lang='lat' dir='ltr'>intelligente</span> <span class='ocrx_word' id='word_1_349' title='bbox 609 2219 702 2244; x_wconf 82' lang='lat' dir='ltr'>iustitia</span> <span class='ocrx_word' id='word_1_350' title='bbox 723 2225 770 2244; x_wconf 87' lang='lat' dir='ltr'>seu</span> <span class='ocrx_word' id='word_1_351' title='bbox 789 2219 878 2248; x_wconf 76' lang='lat' dir='ltr'>virtus,</span> <span class='ocrx_word' id='word_1_352' title='bbox 897 2219 921 2244; x_wconf 88' lang='lat' dir='ltr'>id</span> <span class='ocrx_word' id='word_1_353' title='bbox 941 2221 988 2249; x_wconf 80' lang='lat' dir='ltr'>est,</span> <span class='ocrx_word' id='word_1_354' title='bbox 1007 2219 1108 2244; x_wconf 79' lang='lat' dir='ltr'>confor-</span> 
     </span>
     <span class='ocr_line' id='line_1_48' title="bbox 195 2252 1107 2282; baseline 0.001 -5"><span class='ocrx_word' id='word_1_355' title='bbox 195 2252 270 2277; x_wconf 83' lang='lat' dir='ltr'>mitas</span> <span class='ocrx_word' id='word_1_356' title='bbox 288 2258 344 2277; x_wconf 84' lang='lat' dir='ltr'>cum</span> <span class='ocrx_word' id='word_1_357' title='bbox 365 2253 432 2282; x_wconf 77' lang='lat' dir='ltr'>Lege</span> <span class='ocrx_word' id='word_1_358' title='bbox 450 2252 495 2277; x_wconf 89' lang='lat' dir='ltr'>Dei</span> <span class='ocrx_word' id='word_1_359' title='bbox 511 2259 558 2277; x_wconf 84' lang='lat' dir='ltr'>seu</span> <span class='ocrx_word' id='word_1_360' title='bbox 575 2258 631 2278; x_wconf 84' lang='lat' dir='ltr'>cuin</span> <span class='ocrx_word' id='word_1_361' title='bbox 641 2254 701 2278; x_wconf 89' lang='lat' dir='ltr'>Deo.</span> <span class='ocrx_word' id='word_1_362' title='bbox 726 2254 753 2278; x_wconf 88' lang='lat' dir='ltr'>Et</span> <span class='ocrx_word' id='word_1_363' title='bbox 763 2253 827 2278; x_wconf 74' lang='lat' dir='ltr'>haec</span> <span class='ocrx_word' id='word_1_364' title='bbox 838 2253 1002 2278; x_wconf 81' lang='lat' dir='ltr'>conformitas</span> <span class='ocrx_word' id='word_1_365' title='bbox 1016 2254 1040 2278; x_wconf 91' lang='lat' dir='ltr'>in</span> <span class='ocrx_word' id='word_1_366' title='bbox 1051 2254 1107 2278; x_wconf 83' lang='lat' dir='ltr'>aliis</span> 
     </span>
     <span class='ocr_line' id='line_1_49' title="bbox 194 2287 1106 2318; baseline 0.002 -7"><span class='ocrx_word' id='word_1_367' title='bbox 194 2287 274 2311; x_wconf 77' lang='lat' dir='ltr'>maior</span> <span class='ocrx_word' id='word_1_368' title='bbox 305 2288 357 2315; x_wconf 80' lang='lat' dir='ltr'>est,</span> <span class='ocrx_word' id='word_1_369' title='bbox 385 2287 409 2311; x_wconf 90' lang='lat' dir='ltr'>in</span> <span class='ocrx_word' id='word_1_370' title='bbox 437 2287 493 2311; x_wconf 83' lang='lat' dir='ltr'>aliis</span> <span class='ocrx_word' id='word_1_371' title='bbox 522 2288 611 2311; x_wconf 87' lang='lat' dir='ltr'>minor.</span> <span class='ocrx_word' id='word_1_372' title='bbox 648 2288 725 2312; x_wconf 86' lang='lat' dir='ltr'>Multo</span> <span class='ocrx_word' id='word_1_373' title='bbox 756 2290 796 2312; x_wconf 86' lang='lat' dir='ltr'>est</span> <span class='ocrx_word' id='word_1_374' title='bbox 824 2288 947 2313; x_wconf 82' lang='lat' dir='ltr'>illustrior</span> <span class='ocrx_word' id='word_1_375' title='bbox 965 2288 988 2313; x_wconf 85' lang='lat' dir='ltr'>in</span> <span class='ocrx_word' id='word_1_376' title='bbox 1008 2288 1106 2318; x_wconf 75' lang='lat' dir='ltr'>loseph.</span> 
     </span>
     <span class='ocr_line' id='line_1_50' title="bbox 193 2321 669 2352; baseline 0.002 -7"><span class='ocrx_word' id='word_1_377' title='bbox 193 2321 255 2351; x_wconf 80' lang='lat' dir='ltr'>Elia,</span> <span class='ocrx_word' id='word_1_378' title='bbox 272 2321 384 2350; x_wconf 82' lang='lat' dir='ltr'>Daniele,</span> <span class='ocrx_word' id='word_1_379' title='bbox 405 2327 480 2351; x_wconf 84' lang='lat' dir='ltr'>quam</span> <span class='ocrx_word' id='word_1_380' title='bbox 500 2321 525 2346; x_wconf 92' lang='lat' dir='ltr'>in</span> <span class='ocrx_word' id='word_1_381' title='bbox 544 2322 669 2352; x_wconf 83' lang='lat' dir='ltr'>Scipione.</span> 
     </span>
    </p>
   </div>
   <div class='ocr_carea' id='block_1_8' title="bbox 125 2371 694 2403">
    <p class='ocr_par' dir='ltr' id='par_1_8' title="bbox 125 2371 694 2403">
     <span class='ocr_line' id='line_1_51' title="bbox 125 2371 694 2403; baseline 0 -8"><span class='ocrx_word' id='word_1_382' title='bbox 125 2373 171 2402; x_wconf 72' lang='grc' dir='ltr'>Ι11))</span> <span class='ocrx_word' id='word_1_383' title='bbox 189 2372 250 2397; x_wconf 79' lang='lat' dir='ltr'>Vide</span> <span class='ocrx_word' id='word_1_384' title='bbox 269 2378 346 2403; x_wconf 86' lang='lat' dir='ltr'>supra</span> <span class='ocrx_word' id='word_1_385' title='bbox 365 2379 387 2403; x_wconf 83' lang='grc' dir='ltr'><strong>ρ.</strong></span> <span class='ocrx_word' id='word_1_386' title='bbox 409 2371 477 2401; x_wconf 81' lang='grc'><strong>660.,</strong></span> <span class='ocrx_word' id='word_1_387' title='bbox 496 2373 573 2397; x_wconf 80' lang='lat' dir='ltr'>etiam</span> <span class='ocrx_word' id='word_1_388' title='bbox 592 2379 616 2403; x_wconf 84' lang='lat' dir='ltr'>p.</span> <span class='ocrx_word' id='word_1_389' title='bbox 636 2372 694 2396; x_wconf 80' lang='grc'><strong>912.</strong></span> 
     </span>
    </p>
   </div>
   <div class='ocr_carea' id='block_1_9' title="bbox 125 2424 1107 2557">
    <p class='ocr_par' dir='ltr' id='par_1_9' title="bbox 125 2424 1107 2557">
     <span class='ocr_line' id='line_1_52' title="bbox 125 2424 1106 2455; baseline 0.001 -9"><span class='ocrx_word' id='word_1_390' title='bbox 125 2424 171 2453; x_wconf 83' lang='lat'>41)</span> <span class='ocrx_word' id='word_1_391' title='bbox 190 2424 248 2448; x_wconf 84' lang='lat' dir='ltr'>Pro</span> <span class='ocrx_word' id='word_1_392' title='bbox 267 2429 342 2453; x_wconf 81' lang='lat' dir='ltr'>seqq.</span> <span class='ocrx_word' id='word_1_393' title='bbox 362 2426 422 2449; x_wconf 89' lang='lat' dir='ltr'>sunt</span> <span class='ocrx_word' id='word_1_394' title='bbox 442 2442 447 2446; x_wconf 93' lang='lat'>.</span> <span class='ocrx_word' id='word_1_395' title='bbox 468 2442 472 2446; x_wconf 93' lang='lat'>.</span> <span class='ocrx_word' id='word_1_396' title='bbox 494 2442 499 2447; x_wconf 86' lang='lat'>.</span> <span class='ocrx_word' id='word_1_397' title='bbox 521 2424 660 2449; x_wconf 77' lang='lat' dir='ltr'>abutuntur</span> <span class='ocrx_word' id='word_1_398' title='bbox 678 2424 706 2450; x_wconf 75' lang='lat' dir='ltr'>in</span> <span class='ocrx_word' id='word_1_399' title='bbox 719 2424 791 2449; x_wconf 83' lang='lat' dir='ltr'>Editt.</span> <span class='ocrx_word' id='word_1_400' title='bbox 810 2424 916 2449; x_wconf 82' lang='lat'>16—19.</span> <span class='ocrx_word' id='word_1_401' title='bbox 938 2425 988 2455; x_wconf 64' lang='lat' dir='ltr'>23.y</span> <span class='ocrx_word' id='word_1_402' title='bbox 1007 2425 1062 2450; x_wconf 74' lang='lat' dir='ltr'>Det.</span> <span class='ocrx_word' id='word_1_403' title='bbox 1087 2426 1106 2448; x_wconf 72' lang='lat'>1.</span> 
     </span>
     <span class='ocr_line' id='line_1_53' title="bbox 193 2458 1106 2490; baseline 0.001 -7"><span class='ocrx_word' id='word_1_404' title='bbox 193 2458 261 2483; x_wconf 67' lang='lat' dir='ltr'>llaec</span> <span class='ocrx_word' id='word_1_405' title='bbox 278 2458 432 2484; x_wconf 70' lang='lat' dir='ltr'>habemur.-</span> <span class='ocrx_word' id='word_1_406' title='bbox 463 2461 521 2483; x_wconf 88' lang='lat' dir='ltr'>sunt</span> <span class='ocrx_word' id='word_1_407' title='bbox 541 2459 644 2483; x_wconf 81' lang='lat' dir='ltr'>notitiae</span> <span class='ocrx_word' id='word_1_408' title='bbox 664 2461 689 2484; x_wconf 87' lang='lat' dir='ltr'>et</span> <span class='ocrx_word' id='word_1_409' title='bbox 708 2458 837 2483; x_wconf 84' lang='lat' dir='ltr'>efficaciae</span> <span class='ocrx_word' id='word_1_410' title='bbox 860 2459 925 2490; x_wconf 77' lang='lat' dir='ltr'>[Des.</span> <span class='ocrx_word' id='word_1_411' title='bbox 950 2461 969 2483; x_wconf 93' lang='lat'>1.</span> <span class='ocrx_word' id='word_1_412' title='bbox 990 2460 1106 2484; x_wconf 80' lang='lat' dir='ltr'>effectio-</span> 
     </span>
     <span class='ocr_line' id='line_1_54' title="bbox 193 2492 1107 2523; baseline 0.001 -6"><span class='ocrx_word' id='word_1_413' title='bbox 193 2492 250 2523; x_wconf 82' lang='lat' dir='ltr'>nes]</span> <span class='ocrx_word' id='word_1_414' title='bbox 272 2493 296 2517; x_wconf 89' lang='lat' dir='ltr'>in</span> <span class='ocrx_word' id='word_1_415' title='bbox 316 2493 433 2518; x_wconf 83' lang='lat' dir='ltr'>omnihus</span> <span class='ocrx_word' id='word_1_416' title='bbox 452 2493 530 2518; x_wconf 87' lang='lat' dir='ltr'>rebus</span> <span class='ocrx_word' id='word_1_417' title='bbox 550 2493 682 2518; x_wconf 78' lang='lat' dir='ltr'>ordinatae</span> <span class='ocrx_word' id='word_1_418' title='bbox 701 2493 733 2518; x_wconf 82' lang='grc'>311</span> <span class='ocrx_word' id='word_1_419' title='bbox 752 2495 971 2519; x_wconf 78' lang='lat' dir='ltr'>conservationem</span> <span class='ocrx_word' id='word_1_420' title='bbox 992 2495 1066 2519; x_wconf 82' lang='lat' dir='ltr'>vitae.</span> <span class='ocrx_word' id='word_1_421' title='bbox 1080 2495 1107 2518; x_wconf 85' lang='lat' dir='ltr'>ut</span> 
     </span>
     <span class='ocr_line' id='line_1_55' title="bbox 194 2526 881 2557; baseline 0 -6"><span class='ocrx_word' id='word_1_422' title='bbox 194 2527 255 2552; x_wconf 82' lang='lat' dir='ltr'>ordo</span> <span class='ocrx_word' id='word_1_423' title='bbox 274 2526 403 2557; x_wconf 70' lang='lat' dir='ltr'>frumenti,</span> <span class='ocrx_word' id='word_1_424' title='bbox 423 2528 498 2555; x_wconf 74' lang='lat' dir='ltr'>aeris,</span> <span class='ocrx_word' id='word_1_425' title='bbox 517 2527 549 2551; x_wconf 86' lang='lat' dir='ltr'>ad</span> <span class='ocrx_word' id='word_1_426' title='bbox 569 2528 788 2553; x_wconf 78' lang='lat' dir='ltr'>conservationem</span> <span class='ocrx_word' id='word_1_427' title='bbox 808 2528 881 2552; x_wconf 82' lang='lat' dir='ltr'>vitae.</span> 
     </span>
    </p>
   </div>
   <div class='ocr_carea' id='block_1_10' title="bbox 125 2578 521 2607">
    <p class='ocr_par' dir='ltr' id='par_1_10' title="bbox 125 2578 521 2607">
     <span class='ocr_line' id='line_1_56' title="bbox 125 2578 521 2607; baseline -0.013 0"><span class='ocrx_word' id='word_1_428' title='bbox 125 2578 170 2607; x_wconf 79' lang='lat'>42)</span> <span class='ocrx_word' id='word_1_429' title='bbox 190 2578 250 2603; x_wconf 84' lang='lat' dir='ltr'>mihi</span> <span class='ocrx_word' id='word_1_430' title='bbox 268 2578 348 2604; x_wconf 79' lang='lat' dir='ltr'>abest</span> <span class='ocrx_word' id='word_1_431' title='bbox 365 2579 400 2604; x_wconf 83' lang='lat' dir='ltr'>ab</span> <span class='ocrx_word' id='word_1_432' title='bbox 418 2578 460 2604; x_wconf 79' lang='lat' dir='ltr'>Ed.</span> <span class='ocrx_word' id='word_1_433' title='bbox 481 2579 521 2602; x_wconf 68' lang='lat'>22.</span> 
     </span>
    </p>
   </div>
   <div class='ocr_carea' id='block_1_11' title="bbox 592 117 1649 155">
    <p class='ocr_par' dir='ltr' id='par_1_11' title="bbox 592 117 1649 155">
     <span class='ocr_line' id='line_1_57' title="bbox 592 117 1649 155; baseline 0.006 -8"><span class='ocrx_word' id='word_1_434' title='bbox 592 118 614 148; x_wconf 89' lang='lat'>1.</span> <span class='ocrx_word' id='word_1_435' title='bbox 641 117 742 148; x_wconf 84' lang='lat' dir='ltr'>LOC1</span> <span class='ocrx_word' id='word_1_436' title='bbox 764 117 1038 150; x_wconf 84' lang='lat' dir='ltr'>THEOLOGlCl:</span> <span class='ocrx_word' id='word_1_437' title='bbox 1062 118 1104 150; x_wconf 90' lang='lat' dir='ltr'>D.</span> <span class='ocrx_word' id='word_1_438' title='bbox 1129 119 1289 151; x_wconf 87' lang='lat' dir='ltr'><strong>TERTIA</strong></span> <span class='ocrx_word' id='word_1_439' title='bbox 1312 119 1470 151; x_wconf 89' lang='lat' dir='ltr'>EORUM</span> <span class='ocrx_word' id='word_1_440' title='bbox 1492 121 1649 155; x_wconf 85' lang='lat' dir='ltr'><strong>AETAS.</strong></span> 
     </span>
    </p>
   </div>
   <div class='ocr_carea' id='block_1_12' title="bbox 1129 331 1132 939">
    <p class='ocr_par' dir='ltr' id='par_1_12' title="bbox 1129 331 1132 939">
     <span class='ocr_line' id='line_1_58' title="bbox 1129 331 1132 939; baseline 0 0"><span class='ocrx_word' id='word_1_441' title='bbox 1129 331 1132 939; x_wconf 95' lang='lat' dir='ltr'> </span> 
     </span>
    </p>
   </div>
   <div class='ocr_carea' id='block_1_13' title="bbox 2048 126 2130 157">
    <p class='ocr_par' dir='ltr' id='par_1_13' title="bbox 2048 126 2130 157">
     <span class='ocr_line' id='line_1_59' title="bbox 2048 126 2130 157; baseline 0.012 -1"><span class='ocrx_word' id='word_1_442' title='bbox 2048 126 2130 157; x_wconf 78' lang='lat'>1098</span> 
     </span>
    </p>
   </div>
   <div class='ocr_carea' id='block_1_14' title="bbox 1153 212 2128 381">
    <p class='ocr_par' dir='ltr' id='par_1_14' title="bbox 1153 212 2128 381">
     <span class='ocr_line' id='line_1_60' title="bbox 1153 212 2128 256; baseline 0.006 -12"><span class='ocrx_word' id='word_1_443' title='bbox 1153 212 1306 245; x_wconf 88' lang='lat' dir='ltr'>voluntas</span> <span class='ocrx_word' id='word_1_444' title='bbox 1330 217 1491 256; x_wconf 83' lang='lat' dir='ltr'>congruit,</span> <span class='ocrx_word' id='word_1_445' title='bbox 1516 216 1578 246; x_wconf 89' lang='lat' dir='ltr'>dici</span> <span class='ocrx_word' id='word_1_446' title='bbox 1601 216 1721 247; x_wconf 90' lang='lat' dir='ltr'>bonum</span> <span class='ocrx_word' id='word_1_447' title='bbox 1745 216 1926 248; x_wconf 86' lang='lat' dir='ltr'>honestum.</span> <span class='ocrx_word' id='word_1_448' title='bbox 1965 218 2031 249; x_wconf 87' lang='lat' dir='ltr'>Sed</span> <span class='ocrx_word' id='word_1_449' title='bbox 2056 230 2128 250; x_wconf 91' lang='lat' dir='ltr'>cum</span> 
     </span>
     <span class='ocr_line' id='line_1_61' title="bbox 1153 257 2126 298; baseline 0.006 -12"><span class='ocrx_word' id='word_1_450' title='bbox 1153 267 1218 287; x_wconf 91' lang='lat' dir='ltr'>non</span> <span class='ocrx_word' id='word_1_451' title='bbox 1253 258 1404 298; x_wconf 88' lang='lat' dir='ltr'>congruit.</span> <span class='ocrx_word' id='word_1_452' title='bbox 1438 257 1609 296; x_wconf 77' lang='lat' dir='ltr'>voluntas,</span> <span class='ocrx_word' id='word_1_453' title='bbox 1644 266 1719 290; x_wconf 88' lang='lat' dir='ltr'>sunt</span> <span class='ocrx_word' id='word_1_454' title='bbox 1757 260 1877 291; x_wconf 89' lang='lat' dir='ltr'>bonum</span> <span class='ocrx_word' id='word_1_455' title='bbox 1915 261 2063 292; x_wconf 84' lang='lat' dir='ltr'>naturale</span> <span class='ocrx_word' id='word_1_456' title='bbox 2098 268 2126 293; x_wconf 92' lang='lat' dir='ltr'>et</span> 
     </span>
     <span class='ocr_line' id='line_1_62' title="bbox 1154 297 2127 342; baseline 0.006 -13"><span class='ocrx_word' id='word_1_457' title='bbox 1154 297 1249 337; x_wconf 92' lang='lat' dir='ltr'>utile,</span> <span class='ocrx_word' id='word_1_458' title='bbox 1284 300 1368 331; x_wconf 86' lang='lat' dir='ltr'>sicut</span> <span class='ocrx_word' id='word_1_459' title='bbox 1400 311 1532 339; x_wconf 88' lang='lat' dir='ltr'>aurum,</span> <span class='ocrx_word' id='word_1_460' title='bbox 1568 312 1632 342; x_wconf 88' lang='lat' dir='ltr'>quo</span> <span class='ocrx_word' id='word_1_461' title='bbox 1667 309 1774 333; x_wconf 89' lang='lat' dir='ltr'>tamen</span> <span class='ocrx_word' id='word_1_462' title='bbox 1808 302 1956 334; x_wconf 85' lang='lat' dir='ltr'>homines</span> <span class='ocrx_word' id='word_1_463' title='bbox 1990 305 2127 335; x_wconf 87' lang='lat' dir='ltr'>abutun-</span> 
     </span>
     <span class='ocr_line' id='line_1_63' title="bbox 1153 344 1286 381; baseline 0 -9"><span class='ocrx_word' id='word_1_464' title='bbox 1153 348 1215 372; x_wconf 88' lang='lat' dir='ltr'>tur.</span> <span class='ocrx_word' id='word_1_465' title='bbox 1240 344 1286 381; x_wconf 77' lang='lat'>⁴¹)</span> 
     </span>
    </p>
   </div>
   <div class='ocr_carea' id='block_1_15' title="bbox 1152 410 2128 702">
    <p class='ocr_par' dir='ltr' id='par_1_15' title="bbox 1152 410 2128 702">
     <span class='ocr_line' id='line_1_64' title="bbox 1239 410 2128 446; baseline 0.006 -5"><span class='ocrx_word' id='word_1_466' title='bbox 1239 410 1396 442; x_wconf 82' lang='lat' dir='ltr'>BONUM</span> <span class='ocrx_word' id='word_1_467' title='bbox 1428 411 1579 442; x_wconf 88' lang='lat' dir='ltr'><strong>SUAVE</strong></span> <span class='ocrx_word' id='word_1_468' title='bbox 1614 413 1645 443; x_wconf 94' lang='lat' dir='ltr'>in</span> <span class='ocrx_word' id='word_1_469' title='bbox 1680 423 1780 444; x_wconf 89' lang='lat' dir='ltr'>sensu</span> <span class='ocrx_word' id='word_1_470' title='bbox 1816 419 1865 444; x_wconf 90' lang='lat' dir='ltr'>est</span> <span class='ocrx_word' id='word_1_471' title='bbox 1901 416 2128 446; x_wconf 87' lang='lat' dir='ltr'>convenientia</span> 
     </span>
     <span class='ocr_line' id='line_1_65' title="bbox 1154 454 2127 497; baseline 0.005 -14"><span class='ocrx_word' id='word_1_472' title='bbox 1154 454 1273 484; x_wconf 79' lang='lat' dir='ltr'>obiecti</span> <span class='ocrx_word' id='word_1_473' title='bbox 1309 465 1383 485; x_wconf 90' lang='lat' dir='ltr'>cum</span> <span class='ocrx_word' id='word_1_474' title='bbox 1418 456 1547 492; x_wconf 74' lang='lat' dir='ltr'>nervis,</span> <span class='ocrx_word' id='word_1_475' title='bbox 1582 462 1615 486; x_wconf 93' lang='lat' dir='ltr'>ut</span> <span class='ocrx_word' id='word_1_476' title='bbox 1652 467 1724 487; x_wconf 89' lang='lat' dir='ltr'>cum</span> <span class='ocrx_word' id='word_1_477' title='bbox 1757 467 1842 497; x_wconf 88' lang='lat' dir='ltr'>aqua</span> <span class='ocrx_word' id='word_1_478' title='bbox 1866 455 1970 487; x_wconf 87' lang='lat' dir='ltr'>calida</span> <span class='ocrx_word' id='word_1_479' title='bbox 2000 463 2127 489; x_wconf 88' lang='lat' dir='ltr'>recreat</span> 
     </span>
     <span class='ocr_line' id='line_1_66' title="bbox 1153 496 2126 540; baseline 0.003 -14"><span class='ocrx_word' id='word_1_480' title='bbox 1153 506 1274 527; x_wconf 80' lang='lat' dir='ltr'>nervos</span> <span class='ocrx_word' id='word_1_481' title='bbox 1308 496 1419 527; x_wconf 82' lang='lat' dir='ltr'>laesos</span> <span class='ocrx_word' id='word_1_482' title='bbox 1453 496 1593 536; x_wconf 71' lang='lat' dir='ltr'>frigore,</span> <span class='ocrx_word' id='word_1_483' title='bbox 1627 508 1686 529; x_wconf 89' lang='lat' dir='ltr'>seu</span> <span class='ocrx_word' id='word_1_484' title='bbox 1711 509 1782 529; x_wconf 89' lang='lat' dir='ltr'>cum</span> <span class='ocrx_word' id='word_1_485' title='bbox 1806 505 1902 540; x_wconf 86' lang='lat' dir='ltr'>potus</span> <span class='ocrx_word' id='word_1_486' title='bbox 1927 501 2126 531; x_wconf 79' lang='lat' dir='ltr'>conveniens</span> 
     </span>
     <span class='ocr_line' id='line_1_67' title="bbox 1154 531 2127 581; baseline 0.006 -13"><span class='ocrx_word' id='word_1_487' title='bbox 1154 545 1283 570; x_wconf 87' lang='lat' dir='ltr'>recreat</span> <span class='ocrx_word' id='word_1_488' title='bbox 1305 538 1483 571; x_wconf 85' lang='lat' dir='ltr'>arefactam</span> <span class='ocrx_word' id='word_1_489' title='bbox 1497 531 1648 581; x_wconf 50' lang='lat' dir='ltr'>dinguam</span> <span class='ocrx_word' id='word_1_490' title='bbox 1673 548 1703 572; x_wconf 88' lang='lat' dir='ltr'>et</span> <span class='ocrx_word' id='word_1_491' title='bbox 1728 547 1837 572; x_wconf 88' lang='lat' dir='ltr'>cetera</span> <span class='ocrx_word' id='word_1_492' title='bbox 1861 543 2016 573; x_wconf 85' lang='lat' dir='ltr'>membra.</span> <span class='ocrx_word' id='word_1_493' title='bbox 2063 543 2127 574; x_wconf 88' lang='lat' dir='ltr'>Aut</span> 
     </span>
     <span class='ocr_line' id='line_1_68' title="bbox 1153 583 2126 624; baseline 0.005 -13"><span class='ocrx_word' id='word_1_494' title='bbox 1153 588 1204 612; x_wconf 86' lang='lat' dir='ltr'>est</span> <span class='ocrx_word' id='word_1_495' title='bbox 1229 583 1347 612; x_wconf 86' lang='lat' dir='ltr'>bonum</span> <span class='ocrx_word' id='word_1_496' title='bbox 1370 585 1527 624; x_wconf 64' lang='lat' dir='ltr'>suaveffl)</span> <span class='ocrx_word' id='word_1_497' title='bbox 1553 585 1583 614; x_wconf 93' lang='lat' dir='ltr'>in</span> <span class='ocrx_word' id='word_1_498' title='bbox 1601 583 2126 623; x_wconf 67' lang='grc' dir='ltr'><strong>1118111881νο13111318111811113,44)</strong></span> 
     </span>
     <span class='ocr_line' id='line_1_69' title="bbox 1152 625 2127 667; baseline 0.005 -13"><span class='ocrx_word' id='word_1_499' title='bbox 1152 635 1237 665; x_wconf 90' lang='lat' dir='ltr'>quae</span> <span class='ocrx_word' id='word_1_500' title='bbox 1276 626 1379 655; x_wconf 89' lang='lat' dir='ltr'>oritur</span> <span class='ocrx_word' id='word_1_501' title='bbox 1417 626 1458 656; x_wconf 87' lang='lat' dir='ltr'>ab</span> <span class='ocrx_word' id='word_1_502' title='bbox 1491 625 1658 657; x_wconf 89' lang='lat' dir='ltr'>intellectu</span> <span class='ocrx_word' id='word_1_503' title='bbox 1692 626 1964 667; x_wconf 85' lang='lat' dir='ltr'>pulchritudinis,</span> <span class='ocrx_word' id='word_1_504' title='bbox 1998 629 2030 659; x_wconf 90' lang='lat' dir='ltr'>id</span> <span class='ocrx_word' id='word_1_505' title='bbox 2065 635 2127 666; x_wconf 81' lang='lat' dir='ltr'>est,</span> 
     </span>
     <span class='ocr_line' id='line_1_70' title="bbox 1153 668 2023 702; baseline 0.006 -5"><span class='ocrx_word' id='word_1_506' title='bbox 1153 668 1275 698; x_wconf 82' lang='lat' dir='ltr'>ordinis</span> <span class='ocrx_word' id='word_1_507' title='bbox 1299 673 1329 698; x_wconf 88' lang='lat' dir='ltr'>et</span> <span class='ocrx_word' id='word_1_508' title='bbox 1355 669 1604 699; x_wconf 72' lang='lat' dir='ltr'>convenientiae</span> <span class='ocrx_word' id='word_1_509' title='bbox 1627 680 1700 700; x_wconf 84' lang='lat' dir='ltr'>cum</span> <span class='ocrx_word' id='word_1_510' title='bbox 1723 669 1796 700; x_wconf 91' lang='lat' dir='ltr'>Deo</span> <span class='ocrx_word' id='word_1_511' title='bbox 1820 669 1874 700; x_wconf 91' lang='lat' dir='ltr'>vel</span> <span class='ocrx_word' id='word_1_512' title='bbox 1897 676 2023 702; x_wconf 86' lang='lat' dir='ltr'>natura.</span> 
     </span>
    </p>
   </div>
   <div class='ocr_carea' id='block_1_16' title="bbox 1150 744 2127 915">
    <p class='ocr_par' dir='ltr' id='par_1_16' title="bbox 1150 744 2127 915">
     <span class='ocr_line' id='line_1_71' title="bbox 1238 744 2126 787; baseline 0.005 -13"><span class='ocrx_word' id='word_1_513' title='bbox 1238 744 1401 775; x_wconf 81' lang='lat' dir='ltr'><strong>MALUM</strong></span> <span class='ocrx_word' id='word_1_514' title='bbox 1425 745 1668 777; x_wconf 80' lang='lat' dir='ltr'><strong>NATURALE</strong></span> <span class='ocrx_word' id='word_1_515' title='bbox 1699 752 1749 776; x_wconf 90' lang='lat' dir='ltr'>est</span> <span class='ocrx_word' id='word_1_516' title='bbox 1773 746 1911 786; x_wconf 88' lang='lat' dir='ltr'>privatio</span> <span class='ocrx_word' id='word_1_517' title='bbox 1936 748 2126 787; x_wconf 82' lang='lat' dir='ltr'>sapientiae,</span> 
     </span>
     <span class='ocr_line' id='line_1_72' title="bbox 1150 786 2126 829; baseline 0.001 -11"><span class='ocrx_word' id='word_1_518' title='bbox 1150 788 1293 818; x_wconf 82' lang='lat' dir='ltr'>iustitiae</span> <span class='ocrx_word' id='word_1_519' title='bbox 1317 793 1348 818; x_wconf 92' lang='lat' dir='ltr'>et</span> <span class='ocrx_word' id='word_1_520' title='bbox 1371 786 1514 819; x_wconf 85' lang='lat' dir='ltr'>laetitiae</span> <span class='ocrx_word' id='word_1_521' title='bbox 1538 789 1568 819; x_wconf 92' lang='lat' dir='ltr'>in</span> <span class='ocrx_word' id='word_1_522' title='bbox 1592 794 1709 819; x_wconf 90' lang='lat' dir='ltr'>natura</span> <span class='ocrx_word' id='word_1_523' title='bbox 1731 788 1928 829; x_wconf 85' lang='lat' dir='ltr'>intelligente</span> <span class='ocrx_word' id='word_1_524' title='bbox 1953 796 1982 819; x_wconf 87' lang='lat' dir='ltr'>et</span> <span class='ocrx_word' id='word_1_525' title='bbox 2003 791 2033 820; x_wconf 91' lang='lat' dir='ltr'>in</span> <span class='ocrx_word' id='word_1_526' title='bbox 2054 789 2126 820; x_wconf 73' lang='lat' dir='ltr'>aliis</span> 
     </span>
     <span class='ocr_line' id='line_1_73' title="bbox 1151 830 2127 872; baseline 0.003 -12"><span class='ocrx_word' id='word_1_527' title='bbox 1151 831 1249 860; x_wconf 91' lang='lat' dir='ltr'>rebus</span> <span class='ocrx_word' id='word_1_528' title='bbox 1274 835 1325 860; x_wconf 87' lang='lat' dir='ltr'>est</span> <span class='ocrx_word' id='word_1_529' title='bbox 1349 830 1528 862; x_wconf 85' lang='lat' dir='ltr'>destructio</span> <span class='ocrx_word' id='word_1_530' title='bbox 1552 832 1677 862; x_wconf 86' lang='lat' dir='ltr'>ordinis</span> <span class='ocrx_word' id='word_1_531' title='bbox 1701 832 1732 861; x_wconf 93' lang='lat' dir='ltr'>in</span> <span class='ocrx_word' id='word_1_532' title='bbox 1756 831 1900 872; x_wconf 87' lang='lat' dir='ltr'>qualibet</span> <span class='ocrx_word' id='word_1_533' title='bbox 1924 837 2057 869; x_wconf 83' lang='lat' dir='ltr'>natura,</span> <span class='ocrx_word' id='word_1_534' title='bbox 2092 839 2127 864; x_wconf 88' lang='lat' dir='ltr'>ut</span> 
     </span>
     <span class='ocr_line' id='line_1_74' title="bbox 1151 874 2050 915; baseline 0.001 -12"><span class='ocrx_word' id='word_1_535' title='bbox 1151 874 1300 910; x_wconf 73' lang='lat' dir='ltr'>morbus,</span> <span class='ocrx_word' id='word_1_536' title='bbox 1323 883 1413 903; x_wconf 86' lang='lat' dir='ltr'>mors</span> <span class='ocrx_word' id='word_1_537' title='bbox 1433 880 1461 905; x_wconf 88' lang='lat' dir='ltr'>et</span> <span class='ocrx_word' id='word_1_538' title='bbox 1488 884 1703 915; x_wconf 89' lang='lat' dir='ltr'>quaecunque</span> <span class='ocrx_word' id='word_1_539' title='bbox 1727 874 1907 905; x_wconf 78' lang='lat' dir='ltr'>destructio</span> <span class='ocrx_word' id='word_1_540' title='bbox 1932 885 2050 905; x_wconf 90' lang='lat' dir='ltr'>rerum.</span> 
     </span>
    </p>
   </div>
   <div class='ocr_carea' id='block_1_17' title="bbox 1150 932 2127 1264">
    <p class='ocr_par' dir='ltr' id='par_1_17' title="bbox 1150 932 2127 1264">
     <span class='ocr_line' id='line_1_75' title="bbox 1238 932 2125 974; baseline 0.003 -11"><span class='ocrx_word' id='word_1_541' title='bbox 1238 932 1400 963; x_wconf 82' lang='lat' dir='ltr'><strong>MALUM</strong></span> <span class='ocrx_word' id='word_1_542' title='bbox 1424 933 1611 964; x_wconf 77' lang='lat' dir='ltr'><strong>MORALE</strong></span> <span class='ocrx_word' id='word_1_543' title='bbox 1647 940 1698 964; x_wconf 85' lang='lat' dir='ltr'>est</span> <span class='ocrx_word' id='word_1_544' title='bbox 1732 934 1869 974; x_wconf 88' lang='lat' dir='ltr'>privatio</span> <span class='ocrx_word' id='word_1_545' title='bbox 1894 934 2035 965; x_wconf 87' lang='lat' dir='ltr'>iustitiae</span> <span class='ocrx_word' id='word_1_546' title='bbox 2065 945 2125 966; x_wconf 85' lang='lat' dir='ltr'>seu</span> 
     </span>
     <span class='ocr_line' id='line_1_76' title="bbox 1150 976 2126 1017; baseline 0.002 -11"><span class='ocrx_word' id='word_1_547' title='bbox 1150 976 1281 1007; x_wconf 87' lang='lat' dir='ltr'>virtutis</span> <span class='ocrx_word' id='word_1_548' title='bbox 1303 976 1335 1006; x_wconf 90' lang='lat' dir='ltr'>in</span> <span class='ocrx_word' id='word_1_549' title='bbox 1355 982 1473 1007; x_wconf 87' lang='lat' dir='ltr'>natura</span> <span class='ocrx_word' id='word_1_550' title='bbox 1496 976 1715 1017; x_wconf 80' lang='lat' dir='ltr'>intelligente,</span> <span class='ocrx_word' id='word_1_551' title='bbox 1751 987 1809 1008; x_wconf 86' lang='grc'><strong>5811</strong></span> <span class='ocrx_word' id='word_1_552' title='bbox 1833 982 1883 1008; x_wconf 89' lang='lat' dir='ltr'>est</span> <span class='ocrx_word' id='word_1_553' title='bbox 1906 977 2126 1017; x_wconf 80' lang='lat' dir='ltr'>discrepantia</span> 
     </span>
     <span class='ocr_line' id='line_1_77' title="bbox 1151 1018 2126 1061; baseline 0.002 -12"><span class='ocrx_word' id='word_1_554' title='bbox 1151 1029 1170 1049; x_wconf 93' lang='lat' dir='ltr'>a</span> <span class='ocrx_word' id='word_1_555' title='bbox 1193 1018 1284 1061; x_wconf 87' lang='lat' dir='ltr'>Lege</span> <span class='ocrx_word' id='word_1_556' title='bbox 1306 1018 1368 1049; x_wconf 90' lang='lat' dir='ltr'>Dei</span> <span class='ocrx_word' id='word_1_557' title='bbox 1402 1029 1462 1050; x_wconf 87' lang='lat' dir='ltr'>seu</span> <span class='ocrx_word' id='word_1_558' title='bbox 1494 1030 1514 1050; x_wconf 93' lang='lat' dir='ltr'>a</span> <span class='ocrx_word' id='word_1_559' title='bbox 1536 1019 1620 1050; x_wconf 87' lang='lat' dir='ltr'>Deo.</span> <span class='ocrx_word' id='word_1_560' title='bbox 1665 1018 1795 1051; x_wconf 86' lang='lat' dir='ltr'>Usitate</span> <span class='ocrx_word' id='word_1_561' title='bbox 1829 1030 1908 1051; x_wconf 85' lang='lat' dir='ltr'>vero</span> <span class='ocrx_word' id='word_1_562' title='bbox 1942 1021 2126 1051; x_wconf 84' lang='lat' dir='ltr'>nominatur</span> 
     </span>
     <span class='ocr_line' id='line_1_78' title="bbox 1150 1060 2125 1103; baseline 0.002 -12"><span class='ocrx_word' id='word_1_563' title='bbox 1150 1060 1269 1092; x_wconf 87' lang='lat' dir='ltr'>malum</span> <span class='ocrx_word' id='word_1_564' title='bbox 1294 1060 1425 1102; x_wconf 82' lang='lat' dir='ltr'>culpae,</span> <span class='ocrx_word' id='word_1_565' title='bbox 1451 1068 1482 1093; x_wconf 90' lang='lat' dir='ltr'>et</span> <span class='ocrx_word' id='word_1_566' title='bbox 1505 1064 1537 1093; x_wconf 91' lang='lat' dir='ltr'>in</span> <span class='ocrx_word' id='word_1_567' title='bbox 1560 1062 1712 1093; x_wconf 85' lang='lat' dir='ltr'>Ecclesia</span> <span class='ocrx_word' id='word_1_568' title='bbox 1736 1063 1919 1093; x_wconf 83' lang='lat' dir='ltr'>nominatur</span> <span class='ocrx_word' id='word_1_569' title='bbox 1942 1069 2125 1103; x_wconf 86' lang='lat' dir='ltr'>peccatum.</span> 
     </span>
     <span class='ocr_line' id='line_1_79' title="bbox 1150 1104 2124 1147; baseline 0 -13"><span class='ocrx_word' id='word_1_570' title='bbox 1150 1104 1305 1135; x_wconf 90' lang='lat' dir='ltr'>Tenenda</span> <span class='ocrx_word' id='word_1_571' title='bbox 1335 1110 1385 1136; x_wconf 74' lang='lat' dir='ltr'>est</span> <span class='ocrx_word' id='word_1_572' title='bbox 1414 1112 1522 1136; x_wconf 88' lang='lat' dir='ltr'>autem</span> <span class='ocrx_word' id='word_1_573' title='bbox 1546 1104 1662 1146; x_wconf 84' lang='lat' dir='ltr'>regula</span> <span class='ocrx_word' id='word_1_574' title='bbox 1685 1105 1887 1143; x_wconf 80' lang='lat' dir='ltr'>firmissime,</span> <span class='ocrx_word' id='word_1_575' title='bbox 1923 1106 2009 1147; x_wconf 90' lang='lat' dir='ltr'>quod</span> <span class='ocrx_word' id='word_1_576' title='bbox 2032 1105 2124 1136; x_wconf 71' lang='lat' dir='ltr'>Deus</span> 
     </span>
     <span class='ocr_line' id='line_1_80' title="bbox 1150 1147 2127 1189; baseline 0.001 -12"><span class='ocrx_word' id='word_1_577' title='bbox 1150 1157 1358 1189; x_wconf 85' lang='lat' dir='ltr'>nequaquam</span> <span class='ocrx_word' id='word_1_578' title='bbox 1387 1149 1430 1178; x_wconf 79' lang='lat' dir='ltr'>sit</span> <span class='ocrx_word' id='word_1_579' title='bbox 1464 1158 1584 1179; x_wconf 81' lang='lat' dir='ltr'>caussa</span> <span class='ocrx_word' id='word_1_580' title='bbox 1614 1147 1688 1178; x_wconf 89' lang='lat' dir='ltr'>mali</span> <span class='ocrx_word' id='word_1_581' title='bbox 1712 1147 1843 1188; x_wconf 74' lang='lat' dir='ltr'>culpae,</span> <span class='ocrx_word' id='word_1_582' title='bbox 1877 1148 1909 1179; x_wconf 89' lang='lat' dir='ltr'>id</span> <span class='ocrx_word' id='word_1_583' title='bbox 1933 1154 2001 1184; x_wconf 80' lang='lat' dir='ltr'>est,</span> <span class='ocrx_word' id='word_1_584' title='bbox 2034 1148 2127 1179; x_wconf 77' lang='lat' dir='ltr'>Deus·</span> 
     </span>
     <span class='ocr_line' id='line_1_81' title="bbox 1151 1189 2127 1231; baseline 0.002 -11"><span class='ocrx_word' id='word_1_585' title='bbox 1151 1201 1212 1221; x_wconf 89' lang='grc'><strong>1188</strong></span> <span class='ocrx_word' id='word_1_586' title='bbox 1236 1189 1305 1220; x_wconf 91' lang='lat' dir='ltr'>vult</span> <span class='ocrx_word' id='word_1_587' title='bbox 1330 1200 1392 1221; x_wconf 85' lang='grc'><strong>1188</strong></span> <span class='ocrx_word' id='word_1_588' title='bbox 1415 1192 1578 1231; x_wconf 85' lang='lat' dir='ltr'>approbat</span> <span class='ocrx_word' id='word_1_589' title='bbox 1600 1201 1663 1222; x_wconf 88' lang='lat' dir='ltr'>nec</span> <span class='ocrx_word' id='word_1_590' title='bbox 1688 1190 1790 1222; x_wconf 88' lang='lat' dir='ltr'>efficit</span> <span class='ocrx_word' id='word_1_591' title='bbox 1813 1201 1875 1221; x_wconf 87' lang='grc'><strong>1188</strong></span> <span class='ocrx_word' id='word_1_592' title='bbox 1898 1192 2031 1221; x_wconf 85' lang='lat' dir='ltr'>adiuvat</span> <span class='ocrx_word' id='word_1_593' title='bbox 2052 1201 2127 1231; x_wconf 88' lang='lat' dir='ltr'>pec-</span> 
     </span>
     <span class='ocr_line' id='line_1_82' title="bbox 1152 1238 1269 1264; baseline -0.017 0"><span class='ocrx_word' id='word_1_594' title='bbox 1152 1238 1269 1264; x_wconf 87' lang='lat' dir='ltr'>catum.</span> 
     </span>
    </p>
   </div>
   <div class='ocr_carea' id='block_1_18' title="bbox 1151 1291 2128 1805">
    <p class='ocr_par' dir='ltr' id='par_1_18' title="bbox 1151 1291 2128 1805">
     <span class='ocr_line' id='line_1_83' title="bbox 1238 1291 2127 1334; baseline 0.001 -12"><span class='ocrx_word' id='word_1_595' title='bbox 1238 1291 1337 1323; x_wconf 87' lang='lat' dir='ltr'>Aliud</span> <span class='ocrx_word' id='word_1_596' title='bbox 1372 1299 1421 1322; x_wconf 81' lang='lat' dir='ltr'>est</span> <span class='ocrx_word' id='word_1_597' title='bbox 1451 1292 1613 1323; x_wconf 79' lang='lat' dir='ltr'><strong>MALUM</strong></span> <span class='ocrx_word' id='word_1_598' title='bbox 1638 1292 1833 1331; x_wconf 89' lang='lat' dir='ltr'><strong>POENAE,</strong></span> <span class='ocrx_word' id='word_1_599' title='bbox 1868 1294 1955 1334; x_wconf 92' lang='lat' dir='ltr'>quod</span> <span class='ocrx_word' id='word_1_600' title='bbox 1990 1299 2041 1323; x_wconf 85' lang='lat' dir='ltr'>est</span> <span class='ocrx_word' id='word_1_601' title='bbox 2074 1294 2127 1323; x_wconf 91' lang='lat' dir='ltr'>de-</span> 
     </span>
     <span class='ocr_line' id='line_1_84' title="bbox 1153 1335 2126 1376; baseline 0.001 -12"><span class='ocrx_word' id='word_1_602' title='bbox 1153 1335 1290 1365; x_wconf 89' lang='lat' dir='ltr'>structio</span> <span class='ocrx_word' id='word_1_603' title='bbox 1325 1345 1470 1376; x_wconf 86' lang='lat' dir='ltr'>sequens</span> <span class='ocrx_word' id='word_1_604' title='bbox 1504 1335 1623 1366; x_wconf 90' lang='lat' dir='ltr'>malum</span> <span class='ocrx_word' id='word_1_605' title='bbox 1659 1335 1796 1376; x_wconf 86' lang='lat' dir='ltr'>culpae,</span> <span class='ocrx_word' id='word_1_606' title='bbox 1828 1337 2126 1373; x_wconf 81' lang='grc'><strong>1111301111,1301·5.</strong></span> 
     </span>
     <span class='ocr_line' id='line_1_85' title="bbox 1153 1376 2127 1419; baseline 0.001 -11"><span class='ocrx_word' id='word_1_607' title='bbox 1153 1377 1224 1408; x_wconf 88' lang='grc' dir='ltr'>Ηο8</span> <span class='ocrx_word' id='word_1_608' title='bbox 1243 1376 1363 1408; x_wconf 88' lang='lat' dir='ltr'>malum</span> <span class='ocrx_word' id='word_1_609' title='bbox 1387 1384 1437 1408; x_wconf 89' lang='lat' dir='ltr'>est</span> <span class='ocrx_word' id='word_1_610' title='bbox 1459 1380 1544 1408; x_wconf 82' lang='lat' dir='ltr'>iusta</span> <span class='ocrx_word' id='word_1_611' title='bbox 1568 1379 1717 1409; x_wconf 84' lang='lat' dir='ltr'>executio</span> <span class='ocrx_word' id='word_1_612' title='bbox 1741 1389 1877 1419; x_wconf 84' lang='lat' dir='ltr'>poenae,</span> <span class='ocrx_word' id='word_1_613' title='bbox 1902 1385 1936 1409; x_wconf 88' lang='lat' dir='ltr'>ut</span> <span class='ocrx_word' id='word_1_614' title='bbox 1956 1380 2127 1419; x_wconf 86' lang='lat' dir='ltr'>oppressio</span> 
     </span>
     <span class='ocr_line' id='line_1_86' title="bbox 1152 1419 2128 1453; baseline 0.002 -3"><span class='ocrx_word' id='word_1_615' title='bbox 1152 1419 1348 1450; x_wconf 84' lang='lat' dir='ltr'>Pharaonis.</span> <span class='ocrx_word' id='word_1_616' title='bbox 1393 1420 1463 1451; x_wconf 90' lang='lat' dir='ltr'>Nec</span> <span class='ocrx_word' id='word_1_617' title='bbox 1487 1426 1537 1451; x_wconf 86' lang='lat' dir='ltr'>est</span> <span class='ocrx_word' id='word_1_618' title='bbox 1559 1422 1739 1452; x_wconf 89' lang='lat' dir='ltr'>absurdum</span> <span class='ocrx_word' id='word_1_619' title='bbox 1762 1422 1802 1452; x_wconf 88' lang='lat' dir='ltr'>de</span> <span class='ocrx_word' id='word_1_620' title='bbox 1824 1421 1882 1453; x_wconf 88' lang='lat' dir='ltr'>tali</span> <span class='ocrx_word' id='word_1_621' title='bbox 1904 1423 1989 1452; x_wconf 85' lang='lat' dir='ltr'>iusta</span> <span class='ocrx_word' id='word_1_622' title='bbox 2012 1432 2128 1453; x_wconf 81' lang='lat' dir='ltr'>execu-</span> 
     </span>
     <span class='ocr_line' id='line_1_87' title="bbox 1153 1462 2127 1504; baseline 0.003 -12"><span class='ocrx_word' id='word_1_623' title='bbox 1153 1463 1240 1493; x_wconf 89' lang='lat' dir='ltr'>tione</span> <span class='ocrx_word' id='word_1_624' title='bbox 1271 1463 1393 1500; x_wconf 82' lang='lat' dir='ltr'>dicere,</span> <span class='ocrx_word' id='word_1_625' title='bbox 1428 1464 1515 1504; x_wconf 88' lang='lat' dir='ltr'>quod</span> <span class='ocrx_word' id='word_1_626' title='bbox 1539 1463 1632 1494; x_wconf 92' lang='lat' dir='ltr'>Deus</span> <span class='ocrx_word' id='word_1_627' title='bbox 1666 1462 1745 1495; x_wconf 89' lang='lat' dir='ltr'>velit</span> <span class='ocrx_word' id='word_1_628' title='bbox 1774 1471 1806 1495; x_wconf 90' lang='lat' dir='ltr'>et</span> <span class='ocrx_word' id='word_1_629' title='bbox 1828 1465 1960 1496; x_wconf 85' lang='lat' dir='ltr'>adiuvet</span> <span class='ocrx_word' id='word_1_630' title='bbox 1983 1475 2064 1502; x_wconf 86' lang='lat' dir='ltr'>eam,</span> <span class='ocrx_word' id='word_1_631' title='bbox 2095 1470 2127 1495; x_wconf 92' lang='lat' dir='ltr'>ut</span> 
     </span>
     <span class='ocr_line' id='line_1_88' title="bbox 1153 1506 2127 1546; baseline 0.002 -10"><span class='ocrx_word' id='word_1_632' title='bbox 1153 1515 1312 1546; x_wconf 80' lang='lat' dir='ltr'>expresse</span> <span class='ocrx_word' id='word_1_633' title='bbox 1336 1506 1376 1536; x_wconf 90' lang='lat' dir='ltr'>de</span> <span class='ocrx_word' id='word_1_634' title='bbox 1400 1506 1553 1537; x_wconf 86' lang='lat' dir='ltr'>Sodomis</span> <span class='ocrx_word' id='word_1_635' title='bbox 1573 1507 1689 1537; x_wconf 74' lang='lat' dir='ltr'>dicitur</span> <span class='ocrx_word' id='word_1_636' title='bbox 1713 1506 1850 1545; x_wconf 85' lang='lat' dir='ltr'>[Genes.</span> <span class='ocrx_word' id='word_1_637' title='bbox 1878 1507 1928 1545; x_wconf 85' lang='lat'>19,</span> <span class='ocrx_word' id='word_1_638' title='bbox 1951 1508 2035 1546; x_wconf 78' lang='lat'>24.]:</span> <span class='ocrx_word' id='word_1_639' title='bbox 2062 1507 2127 1537; x_wconf 91' lang='lat' dir='ltr'>Do-</span> 
     </span>
     <span class='ocr_line' id='line_1_89' title="bbox 1152 1547 2127 1591; baseline 0.002 -13"><span class='ocrx_word' id='word_1_640' title='bbox 1152 1549 1259 1580; x_wconf 79' lang='lat' dir='ltr'>minus</span> <span class='ocrx_word' id='word_1_641' title='bbox 1288 1547 1371 1588; x_wconf 90' lang='lat' dir='ltr'>pluit</span> <span class='ocrx_word' id='word_1_642' title='bbox 1394 1559 1493 1590; x_wconf 87' lang='lat' dir='ltr'>super</span> <span class='ocrx_word' id='word_1_643' title='bbox 1517 1549 1695 1580; x_wconf 86' lang='lat' dir='ltr'>Sodomam</span> <span class='ocrx_word' id='word_1_644' title='bbox 1718 1550 1826 1591; x_wconf 81' lang='lat' dir='ltr'>ignem</span> <span class='ocrx_word' id='word_1_645' title='bbox 1850 1556 1882 1581; x_wconf 66' lang='lat' dir='ltr'>et.</span> <span class='ocrx_word' id='word_1_646' title='bbox 1905 1550 2042 1591; x_wconf 87' lang='lat' dir='ltr'>sulphur</span> <span class='ocrx_word' id='word_1_647' title='bbox 2066 1556 2127 1581; x_wconf 89' lang='grc'><strong>818.</strong></span> 
     </span>
     <span class='ocr_line' id='line_1_90' title="bbox 1152 1591 2127 1635; baseline 0.002 -14"><span class='ocrx_word' id='word_1_648' title='bbox 1152 1591 1231 1621; x_wconf 92' lang='lat' dir='ltr'>Item</span> <span class='ocrx_word' id='word_1_649' title='bbox 1256 1591 1402 1629; x_wconf 59' lang='lat' dir='ltr'>{Deutein</span> <span class='ocrx_word' id='word_1_650' title='bbox 1425 1593 1462 1629; x_wconf 70' lang='lat'>4,</span> <span class='ocrx_word' id='word_1_651' title='bbox 1486 1593 1569 1631; x_wconf 53' lang='lat'>244:</span> <span class='ocrx_word' id='word_1_652' title='bbox 1616 1592 1707 1623; x_wconf 90' lang='lat' dir='ltr'>Deus</span> <span class='ocrx_word' id='word_1_653' title='bbox 1730 1593 1817 1635; x_wconf 85' lang='lat' dir='ltr'>ignis</span> <span class='ocrx_word' id='word_1_654' title='bbox 1842 1603 2041 1625; x_wconf 87' lang='lat' dir='ltr'>consumens</span> <span class='ocrx_word' id='word_1_655' title='bbox 2066 1598 2127 1624; x_wconf 89' lang='lat' dir='ltr'>est.</span> 
     </span>
     <span class='ocr_line' id='line_1_91' title="bbox 1152 1633 2128 1677; baseline 0.002 -13"><span class='ocrx_word' id='word_1_656' title='bbox 1152 1634 1204 1665; x_wconf 91' lang='lat' dir='ltr'>De</span> <span class='ocrx_word' id='word_1_657' title='bbox 1238 1634 1303 1665; x_wconf 89' lang='lat' dir='ltr'>hoc</span> <span class='ocrx_word' id='word_1_658' title='bbox 1333 1633 1420 1665; x_wconf 86' lang='lat' dir='ltr'>malo</span> <span class='ocrx_word' id='word_1_659' title='bbox 1450 1645 1578 1676; x_wconf 85' lang='lat' dir='ltr'>poenae</span> <span class='ocrx_word' id='word_1_660' title='bbox 1600 1634 1822 1677; x_wconf 87' lang='lat' dir='ltr'>intelligantur</span> <span class='ocrx_word' id='word_1_661' title='bbox 1846 1636 1932 1667; x_wconf 84' lang='lat' dir='ltr'>dicta</span> <span class='ocrx_word' id='word_1_662' title='bbox 1957 1636 2074 1676; x_wconf 85' lang='lat' dir='ltr'>[Amos</span> <span class='ocrx_word' id='word_1_663' title='bbox 2097 1636 2128 1673; x_wconf 84' lang='lat'>3,</span> 
     </span>
     <span class='ocr_line' id='line_1_92' title="bbox 1151 1677 2128 1720; baseline 0.002 -13"><span class='ocrx_word' id='word_1_664' title='bbox 1151 1677 1215 1715; x_wconf 84' lang='lat'>6.]:</span> <span class='ocrx_word' id='word_1_665' title='bbox 1239 1677 1313 1707; x_wconf 91' lang='lat' dir='ltr'>Non</span> <span class='ocrx_word' id='word_1_666' title='bbox 1338 1684 1389 1709; x_wconf 84' lang='lat' dir='ltr'>est</span> <span class='ocrx_word' id='word_1_667' title='bbox 1412 1677 1531 1709; x_wconf 83' lang='lat' dir='ltr'>malum</span> <span class='ocrx_word' id='word_1_668' title='bbox 1550 1679 1582 1709; x_wconf 93' lang='lat' dir='ltr'>in</span> <span class='ocrx_word' id='word_1_669' title='bbox 1602 1679 1745 1716; x_wconf 88' lang='lat' dir='ltr'>civitate,</span> <span class='ocrx_word' id='word_1_670' title='bbox 1770 1680 1858 1720; x_wconf 86' lang='lat' dir='ltr'>quod</span> <span class='ocrx_word' id='word_1_671' title='bbox 1882 1690 1947 1710; x_wconf 93' lang='lat' dir='ltr'>non</span> <span class='ocrx_word' id='word_1_672' title='bbox 1970 1678 2046 1709; x_wconf 81' lang='lat' dir='ltr'>fecit</span> <span class='ocrx_word' id='word_1_673' title='bbox 2061 1678 2128 1709; x_wconf 93' lang='lat' dir='ltr'>Do-</span> 
     </span>
     <span class='ocr_line' id='line_1_93' title="bbox 1152 1721 2128 1763; baseline 0.001 -13"><span class='ocrx_word' id='word_1_674' title='bbox 1152 1721 1271 1758; x_wconf 79' lang='lat' dir='ltr'>minus,</span> <span class='ocrx_word' id='word_1_675' title='bbox 1296 1721 1328 1750; x_wconf 93' lang='lat' dir='ltr'>id</span> <span class='ocrx_word' id='word_1_676' title='bbox 1353 1727 1414 1758; x_wconf 90' lang='lat' dir='ltr'>est,</span> <span class='ocrx_word' id='word_1_677' title='bbox 1439 1722 1588 1752; x_wconf 86' lang='lat' dir='ltr'>omnibus</span> <span class='ocrx_word' id='word_1_678' title='bbox 1612 1723 1789 1762; x_wconf 87' lang='lat' dir='ltr'>generibus</span> <span class='ocrx_word' id='word_1_679' title='bbox 1812 1733 1990 1763; x_wconf 86' lang='lat' dir='ltr'>poenarum</span> <span class='ocrx_word' id='word_1_680' title='bbox 2013 1721 2128 1752; x_wconf 81' lang='lat' dir='ltr'>afflixit</span> 
     </span>
     <span class='ocr_line' id='line_1_94' title="bbox 1151 1763 1878 1805; baseline 0.006 -13"><span class='ocrx_word' id='word_1_681' title='bbox 1151 1773 1226 1801; x_wconf 90' lang='lat' dir='ltr'>nos,</span> <span class='ocrx_word' id='word_1_682' title='bbox 1250 1764 1384 1801; x_wconf 77' lang='lat' dir='ltr'>morbis,</span> <span class='ocrx_word' id='word_1_683' title='bbox 1408 1763 1474 1801; x_wconf 84' lang='lat' dir='ltr'>lue,</span> <span class='ocrx_word' id='word_1_684' title='bbox 1498 1763 1597 1802; x_wconf 89' lang='lat' dir='ltr'>same,</span> <span class='ocrx_word' id='word_1_685' title='bbox 1622 1764 1718 1795; x_wconf 84' lang='lat' dir='ltr'>bellis</span> <span class='ocrx_word' id='word_1_686' title='bbox 1743 1771 1806 1796; x_wconf 87' lang='lat' dir='ltr'>etc.</span> <span class='ocrx_word' id='word_1_687' title='bbox 1831 1767 1878 1805; x_wconf 78' lang='lat'>⁴¹⁵)</span> 
     </span>
    </p>
   </div>
   <div class='ocr_carea' id='block_1_19' title="bbox 1149 1822 2129 2243">
    <p class='ocr_par' dir='ltr' id='par_1_19' title="bbox 1149 1822 2129 2243">
     <span class='ocr_line' id='line_1_95' title="bbox 1237 1822 2126 1866; baseline 0.002 -12"><span class='ocrx_word' id='word_1_688' title='bbox 1237 1822 1422 1866; x_wconf 85' lang='lat' dir='ltr'>Diligenter</span> <span class='ocrx_word' id='word_1_689' title='bbox 1455 1830 1564 1855; x_wconf 91' lang='lat' dir='ltr'>autem</span> <span class='ocrx_word' id='word_1_690' title='bbox 1600 1825 1841 1856; x_wconf 88' lang='lat' dir='ltr'>consideranda</span> <span class='ocrx_word' id='word_1_691' title='bbox 1866 1831 1918 1856; x_wconf 89' lang='lat' dir='ltr'>est</span> <span class='ocrx_word' id='word_1_692' title='bbox 1954 1826 2126 1866; x_wconf 87' lang='lat' dir='ltr'>oppositio.</span> 
     </span>
     <span class='ocr_line' id='line_1_96' title="bbox 1150 1866 2127 1909; baseline 0.003 -13"><span class='ocrx_word' id='word_1_693' title='bbox 1150 1866 1279 1897; x_wconf 89' lang='lat' dir='ltr'>Bonum</span> <span class='ocrx_word' id='word_1_694' title='bbox 1314 1867 1398 1898; x_wconf 90' lang='lat' dir='ltr'>enim</span> <span class='ocrx_word' id='word_1_695' title='bbox 1431 1866 1556 1898; x_wconf 88' lang='lat' dir='ltr'>morale</span> <span class='ocrx_word' id='word_1_696' title='bbox 1579 1873 1611 1898; x_wconf 94' lang='lat' dir='ltr'>et</span> <span class='ocrx_word' id='word_1_697' title='bbox 1632 1866 1753 1898; x_wconf 91' lang='lat' dir='ltr'>malum</span> <span class='ocrx_word' id='word_1_698' title='bbox 1778 1867 1895 1909; x_wconf 86' lang='lat' dir='ltr'>culpae</span> <span class='ocrx_word' id='word_1_699' title='bbox 1919 1869 2001 1899; x_wconf 78' lang='lat' dir='ltr'>inter</span> <span class='ocrx_word' id='word_1_700' title='bbox 2027 1879 2064 1899; x_wconf 87' lang='lat' dir='ltr'>se</span> <span class='ocrx_word' id='word_1_701' title='bbox 2081 1869 2127 1908; x_wconf 74' lang='lat'>⁴⁶)</span> 
     </span>
     <span class='ocr_line' id='line_1_97' title="bbox 1152 1909 2129 1951; baseline 0.003 -13"><span class='ocrx_word' id='word_1_702' title='bbox 1152 1915 1378 1950; x_wconf 83' lang='lat' dir='ltr'>opponuntur,</span> <span class='ocrx_word' id='word_1_703' title='bbox 1403 1916 1436 1941; x_wconf 85' lang='lat' dir='ltr'>ut</span> <span class='ocrx_word' id='word_1_704' title='bbox 1459 1909 1591 1941; x_wconf 84' lang='lat' dir='ltr'>habitus</span> <span class='ocrx_word' id='word_1_705' title='bbox 1617 1917 1648 1941; x_wconf 87' lang='lat' dir='ltr'>et</span> <span class='ocrx_word' id='word_1_706' title='bbox 1670 1911 1809 1951; x_wconf 86' lang='lat' dir='ltr'>privatio</span> <span class='ocrx_word' id='word_1_707' title='bbox 1834 1921 1892 1942; x_wconf 89' lang='grc'>583</span> <span class='ocrx_word' id='word_1_708' title='bbox 1916 1917 1950 1942; x_wconf 88' lang='grc'>111</span> <span class='ocrx_word' id='word_1_709' title='bbox 1975 1911 2129 1942; x_wconf 83' lang='lat' dir='ltr'>contrarii</span> 
     </span>
     <span class='ocr_line' id='line_1_98' title="bbox 1151 1951 2128 1991; baseline 0.002 -9"><span class='ocrx_word' id='word_1_710' title='bbox 1151 1958 1279 1989; x_wconf 81' lang='lat' dir='ltr'>motus,</span> <span class='ocrx_word' id='word_1_711' title='bbox 1312 1958 1349 1983; x_wconf 86' lang='lat' dir='ltr'>ut</span> <span class='ocrx_word' id='word_1_712' title='bbox 1371 1951 1529 1985; x_wconf 89' lang='lat' dir='ltr'>fortitudo</span> <span class='ocrx_word' id='word_1_713' title='bbox 1554 1959 1585 1984; x_wconf 88' lang='lat' dir='ltr'>et</span> <span class='ocrx_word' id='word_1_714' title='bbox 1608 1954 1779 1991; x_wconf 76' lang='lat' dir='ltr'>timiditas,</span> <span class='ocrx_word' id='word_1_715' title='bbox 1803 1953 1933 1985; x_wconf 87' lang='lat' dir='ltr'>dilectio</span> <span class='ocrx_word' id='word_1_716' title='bbox 1958 1953 2068 1985; x_wconf 88' lang='lat' dir='ltr'>fratris</span> <span class='ocrx_word' id='word_1_717' title='bbox 2083 1956 2128 1988; x_wconf 74' lang='lat'>⁴⁷)</span> 
     </span>
     <span class='ocr_line' id='line_1_99' title="bbox 1150 1994 2129 2029; baseline 0.002 -4"><span class='ocrx_word' id='word_1_718' title='bbox 1150 1995 1182 2025; x_wconf 90' lang='lat' dir='ltr'>in</span> <span class='ocrx_word' id='word_1_719' title='bbox 1202 1994 1282 2025; x_wconf 86' lang='lat' dir='ltr'>Cain</span> <span class='ocrx_word' id='word_1_720' title='bbox 1307 2001 1338 2025; x_wconf 91' lang='lat' dir='ltr'>et</span> <span class='ocrx_word' id='word_1_721' title='bbox 1362 1997 1480 2027; x_wconf 87' lang='lat' dir='ltr'>odium.</span> <span class='ocrx_word' id='word_1_722' title='bbox 1515 1996 1678 2028; x_wconf 87' lang='lat' dir='ltr'>Differunt·</span> <span class='ocrx_word' id='word_1_723' title='bbox 1701 1998 1742 2028; x_wconf 88' lang='lat' dir='ltr'>ab</span> <span class='ocrx_word' id='word_1_724' title='bbox 1762 1997 1813 2028; x_wconf 91' lang='lat' dir='ltr'>his</span> <span class='ocrx_word' id='word_1_725' title='bbox 1836 1996 1986 2028; x_wconf 86' lang='lat' dir='ltr'>naturale</span> <span class='ocrx_word' id='word_1_726' title='bbox 2008 1999 2129 2029; x_wconf 89' lang='lat' dir='ltr'>bonum</span> 
     </span>
     <span class='ocr_line' id='line_1_100' title="bbox 1151 2037 2127 2077; baseline 0.002 -9"><span class='ocrx_word' id='word_1_727' title='bbox 1151 2044 1183 2068; x_wconf 90' lang='lat' dir='ltr'>et</span> <span class='ocrx_word' id='word_1_728' title='bbox 1202 2037 1351 2068; x_wconf 90' lang='lat' dir='ltr'>naturale</span> <span class='ocrx_word' id='word_1_729' title='bbox 1374 2039 1505 2070; x_wconf 88' lang='lat' dir='ltr'>malum.</span> <span class='ocrx_word' id='word_1_730' title='bbox 1539 2039 1581 2070; x_wconf 89' lang='lat' dir='ltr'>Ut</span> <span class='ocrx_word' id='word_1_731' title='bbox 1603 2041 1749 2077; x_wconf 84' lang='grc'><strong>30111138,</strong></span> <span class='ocrx_word' id='word_1_732' title='bbox 1773 2051 1900 2077; x_wconf 77' lang='lat' dir='ltr'>aurum,</span> <span class='ocrx_word' id='word_1_733' title='bbox 1926 2041 2035 2071; x_wconf 91' lang='lat' dir='ltr'>vinum</span> <span class='ocrx_word' id='word_1_734' title='bbox 2053 2046 2127 2070; x_wconf 80' lang='lat' dir='ltr'>sunt</span> 
     </span>
     <span class='ocr_line' id='line_1_101' title="bbox 1150 2079 2128 2120; baseline 0.004 -10"><span class='ocrx_word' id='word_1_735' title='bbox 1150 2079 1311 2111; x_wconf 88' lang='lat' dir='ltr'>naturalia</span> <span class='ocrx_word' id='word_1_736' title='bbox 1323 2082 1421 2120; x_wconf 87' lang='lat' dir='ltr'>bona,</span> <span class='ocrx_word' id='word_1_737' title='bbox 1434 2092 1500 2113; x_wconf 92' lang='lat' dir='ltr'>non</span> <span class='ocrx_word' id='word_1_738' title='bbox 1513 2089 1588 2113; x_wconf 89' lang='lat' dir='ltr'>sunt</span> <span class='ocrx_word' id='word_1_739' title='bbox 1602 2083 1690 2113; x_wconf 90' lang='lat' dir='ltr'>bona</span> <span class='ocrx_word' id='word_1_740' title='bbox 1698 2082 1847 2114; x_wconf 87' lang='lat' dir='ltr'>moralia.</span> <span class='ocrx_word' id='word_1_741' title='bbox 1867 2082 1960 2113; x_wconf 90' lang='lat' dir='ltr'>Mors</span> <span class='ocrx_word' id='word_1_742' title='bbox 1975 2088 2024 2114; x_wconf 89' lang='lat' dir='ltr'>est</span> <span class='ocrx_word' id='word_1_743' title='bbox 2036 2089 2128 2114; x_wconf 89' lang='lat' dir='ltr'>natu-</span> 
     </span>
     <span class='ocr_line' id='line_1_102' title="bbox 1150 2122 2127 2167; baseline 0.003 -14"><span class='ocrx_word' id='word_1_744' title='bbox 1150 2122 1220 2154; x_wconf 89' lang='lat' dir='ltr'>rale</span> <span class='ocrx_word' id='word_1_745' title='bbox 1232 2122 1590 2161; x_wconf 84' lang='grc'><strong>31311113,1101111101·318,</strong></span> <span class='ocrx_word' id='word_1_746' title='bbox 1609 2125 1684 2156; x_wconf 89' lang='lat' dir='ltr'>Non</span> <span class='ocrx_word' id='word_1_747' title='bbox 1697 2126 1796 2167; x_wconf 77' lang='lat' dir='ltr'>igitur</span> <span class='ocrx_word' id='word_1_748' title='bbox 1808 2132 1932 2167; x_wconf 80' lang='lat' dir='ltr'>pugnat</span> <span class='ocrx_word' id='word_1_749' title='bbox 1946 2137 2020 2158; x_wconf 89' lang='lat' dir='ltr'>cum</span> <span class='ocrx_word' id='word_1_750' title='bbox 2040 2127 2127 2157; x_wconf 91' lang='lat' dir='ltr'>bono</span> 
     </span>
     <span class='ocr_line' id='line_1_103' title="bbox 1149 2165 2127 2208; baseline 0.002 -11"><span class='ocrx_word' id='word_1_751' title='bbox 1149 2165 1279 2204; x_wconf 78' lang='lat' dir='ltr'>morali,</span> <span class='ocrx_word' id='word_1_752' title='bbox 1290 2173 1326 2198; x_wconf 89' lang='lat' dir='ltr'>ut</span> <span class='ocrx_word' id='word_1_753' title='bbox 1338 2167 1456 2199; x_wconf 88' lang='lat' dir='ltr'>dicitur</span> <span class='ocrx_word' id='word_1_754' title='bbox 1469 2168 1601 2207; x_wconf 86' lang='lat' dir='ltr'>[Psalm.</span> <span class='ocrx_word' id='word_1_755' title='bbox 1617 2169 1688 2205; x_wconf 81' lang='lat'>115,</span> <span class='ocrx_word' id='word_1_756' title='bbox 1703 2169 1734 2200; x_wconf 88' lang='lat'>6.</span> <span class='ocrx_word' id='word_1_757' title='bbox 1746 2168 1788 2200; x_wconf 84' lang='lat' dir='ltr'>al.</span> <span class='ocrx_word' id='word_1_758' title='bbox 1801 2169 1962 2208; x_wconf 76' lang='lat' dir='ltr'>114,l5.]:</span> <span class='ocrx_word' id='word_1_759' title='bbox 1978 2169 2127 2199; x_wconf 83' lang='lat' dir='ltr'>Pretiosa</span> 
     </span>
     <span class='ocr_line' id='line_1_104' title="bbox 1150 2213 1555 2243; baseline 0.005 -4"><span class='ocrx_word' id='word_1_760' title='bbox 1150 2219 1239 2239; x_wconf 86' lang='lat' dir='ltr'>mors</span> <span class='ocrx_word' id='word_1_761' title='bbox 1263 2216 1451 2243; x_wconf 85' lang='lat' dir='ltr'>sanctorum</span> <span class='ocrx_word' id='word_1_762' title='bbox 1475 2213 1555 2242; x_wconf 81' lang='lat' dir='ltr'>eius.</span> 
     </span>
    </p>
   </div>
   <div class='ocr_carea' id='block_1_20' title="bbox 1150 2305 2110 2338">
    <p class='ocr_par' dir='ltr' id='par_1_20' title="bbox 1150 2305 2110 2338">
     <span class='ocr_line' id='line_1_105' title="bbox 1150 2305 2110 2338; baseline 0.005 -10"><span class='ocrx_word' id='word_1_763' title='bbox 1150 2305 1194 2335; x_wconf 73' lang='lat'>43)</span> <span class='ocrx_word' id='word_1_764' title='bbox 1214 2309 1253 2331; x_wconf 81' lang='lat' dir='ltr'>est</span> <span class='ocrx_word' id='word_1_765' title='bbox 1272 2307 1365 2331; x_wconf 87' lang='lat' dir='ltr'>bonum</span> <span class='ocrx_word' id='word_1_766' title='bbox 1386 2306 1476 2338; x_wconf 80' lang='lat' dir='ltr'>suave]</span> <span class='ocrx_word' id='word_1_767' title='bbox 1497 2307 1568 2337; x_wconf 83' lang='lat' dir='ltr'>corp.</span> <span class='ocrx_word' id='word_1_768' title='bbox 1592 2308 1673 2337; x_wconf 83' lang='grc'><strong>1-8.,</strong></span> <span class='ocrx_word' id='word_1_769' title='bbox 1693 2307 1752 2338; x_wconf 80' lang='lat' dir='ltr'>opp.</span> <span class='ocrx_word' id='word_1_770' title='bbox 1777 2308 1796 2330; x_wconf 90' lang='lat'>1.</span> <span class='ocrx_word' id='word_1_771' title='bbox 1817 2308 1840 2331; x_wconf 82' lang='lat'>2.</span> <span class='ocrx_word' id='word_1_772' title='bbox 1859 2308 1952 2333; x_wconf 86' lang='lat' dir='ltr'>bonum</span> <span class='ocrx_word' id='word_1_773' title='bbox 1973 2314 2050 2333; x_wconf 77' lang='lat' dir='ltr'>suave</span> <span class='ocrx_word' id='word_1_774' title='bbox 2071 2310 2110 2333; x_wconf 76' lang='grc'>851</span> 
     </span>
    </p>
   </div>
   <div class='ocr_carea' id='block_1_21' title="bbox 1149 2358 2127 2418">
    <p class='ocr_par' dir='ltr' id='par_1_21' title="bbox 1149 2358 2127 2418">
     <span class='ocr_line' id='line_1_106' title="bbox 1149 2358 2127 2389; baseline 0.005 -9"><span class='ocrx_word' id='word_1_775' title='bbox 1149 2358 1195 2387; x_wconf 77' lang='lat'>44)</span> <span class='ocrx_word' id='word_1_776' title='bbox 1216 2361 1242 2382; x_wconf 87' lang='grc'>31</span> <span class='ocrx_word' id='word_1_777' title='bbox 1261 2364 1316 2382; x_wconf 72' lang='lat' dir='ltr'>cum</span> <span class='ocrx_word' id='word_1_778' title='bbox 1337 2364 1402 2388; x_wconf 81' lang='lat' dir='ltr'>aqua</span> <span class='ocrx_word' id='word_1_779' title='bbox 1424 2377 1427 2381; x_wconf 92' lang='lat'>.</span> <span class='ocrx_word' id='word_1_780' title='bbox 1450 2377 1454 2381; x_wconf 97' lang='lat'>.</span> <span class='ocrx_word' id='word_1_781' title='bbox 1475 2358 1588 2389; x_wconf 74' lang='lat' dir='ltr'>laetitia.)</span> <span class='ocrx_word' id='word_1_782' title='bbox 1628 2359 1700 2384; x_wconf 83' lang='lat' dir='ltr'>Editt.</span> <span class='ocrx_word' id='word_1_783' title='bbox 1725 2359 1829 2383; x_wconf 75' lang='lat'>16—19.</span> <span class='ocrx_word' id='word_1_784' title='bbox 1850 2359 1900 2387; x_wconf 51' lang='lat' dir='ltr'>aa,</span> <span class='ocrx_word' id='word_1_785' title='bbox 1919 2359 1971 2384; x_wconf 77' lang='lat' dir='ltr'>Def-</span> <span class='ocrx_word' id='word_1_786' title='bbox 1996 2360 2013 2383; x_wconf 94' lang='grc'>1.</span> <span class='ocrx_word' id='word_1_787' title='bbox 2034 2359 2082 2383; x_wconf 66' lang='lat' dir='ltr'>Sed</span> <span class='ocrx_word' id='word_1_788' title='bbox 2103 2359 2127 2384; x_wconf 81' lang='lat' dir='ltr'>in</span> 
     </span>
     <span class='ocr_line' id='line_1_107' title="bbox 1219 2393 1680 2418; baseline 0.002 -1"><span class='ocrx_word' id='word_1_789' title='bbox 1219 2395 1305 2417; x_wconf 83' lang='lat' dir='ltr'>mente</span> <span class='ocrx_word' id='word_1_790' title='bbox 1326 2395 1350 2417; x_wconf 79' lang='lat' dir='ltr'>et</span> <span class='ocrx_word' id='word_1_791' title='bbox 1369 2393 1499 2417; x_wconf 77' lang='lat' dir='ltr'>voluntate</span> <span class='ocrx_word' id='word_1_792' title='bbox 1520 2396 1558 2417; x_wconf 85' lang='grc'>851</span> <span class='ocrx_word' id='word_1_793' title='bbox 1577 2393 1680 2418; x_wconf 82' lang='lat' dir='ltr'>laetitia.</span> 
     </span>
    </p>
   </div>
   <div class='ocr_carea' id='block_1_22' title="bbox 1149 2443 1755 2472">
    <p class='ocr_par' dir='ltr' id='par_1_22' title="bbox 1149 2443 1755 2472">
     <span class='ocr_line' id='line_1_108' title="bbox 1149 2443 1755 2472; baseline 0.002 -6"><span class='ocrx_word' id='word_1_794' title='bbox 1149 2443 1195 2472; x_wconf 72' lang='lat'>45)</span> <span class='ocrx_word' id='word_1_795' title='bbox 1215 2446 1261 2469; x_wconf 82' lang='lat' dir='ltr'>etc.</span> <span class='ocrx_word' id='word_1_796' title='bbox 1282 2444 1362 2469; x_wconf 78' lang='lat' dir='ltr'>abest</span> <span class='ocrx_word' id='word_1_797' title='bbox 1378 2444 1413 2469; x_wconf 81' lang='lat' dir='ltr'>ab</span> <span class='ocrx_word' id='word_1_798' title='bbox 1431 2444 1504 2469; x_wconf 86' lang='lat' dir='ltr'>Editt.</span> <span class='ocrx_word' id='word_1_799' title='bbox 1525 2445 1566 2467; x_wconf 73' lang='lat'>22.</span> <span class='ocrx_word' id='word_1_800' title='bbox 1587 2445 1626 2469; x_wconf 73' lang='lat'>24.</span> <span class='ocrx_word' id='word_1_801' title='bbox 1647 2444 1755 2467; x_wconf 80' lang='lat'>26—34.</span> 
     </span>
    </p>
   </div>
   <div class='ocr_carea' id='block_1_23' title="bbox 1149 2494 2124 2557">
    <p class='ocr_par' dir='ltr' id='par_1_23' title="bbox 1149 2494 2124 2557">
     <span class='ocr_line' id='line_1_109' title="bbox 1149 2494 2124 2527; baseline 0.003 -10"><span class='ocrx_word' id='word_1_802' title='bbox 1149 2494 1194 2524; x_wconf 77' lang='lat'>46)</span> <span class='ocrx_word' id='word_1_803' title='bbox 1216 2494 1255 2525; x_wconf 86' lang='lat' dir='ltr'>se]</span> <span class='ocrx_word' id='word_1_804' title='bbox 1274 2495 1347 2520; x_wconf 85' lang='lat' dir='ltr'>Editt.</span> <span class='ocrx_word' id='word_1_805' title='bbox 1371 2494 1408 2517; x_wconf 87' lang='grc'>16.</span> <span class='ocrx_word' id='word_1_806' title='bbox 1432 2495 1469 2518; x_wconf 88' lang='lat'>17.</span> <span class='ocrx_word' id='word_1_807' title='bbox 1492 2496 1529 2519; x_wconf 78' lang='lat'>19.</span> <span class='ocrx_word' id='word_1_808' title='bbox 1551 2496 1591 2519; x_wconf 79' lang='lat'>20.</span> <span class='ocrx_word' id='word_1_809' title='bbox 1613 2495 1652 2519; x_wconf 82' lang='grc'>23.</span> <span class='ocrx_word' id='word_1_810' title='bbox 1674 2496 1720 2525; x_wconf 57' lang='grc'>23,</span> <span class='ocrx_word' id='word_1_811' title='bbox 1740 2497 1811 2526; x_wconf 74' lang='lat' dir='ltr'>Coro.</span> <span class='ocrx_word' id='word_1_812' title='bbox 1836 2498 1844 2519; x_wconf 92' lang='lat' dir='ltr'>l</span> <span class='ocrx_word' id='word_1_813' title='bbox 1867 2510 1897 2513; x_wconf 72' lang='lat'>—</span> <span class='ocrx_word' id='word_1_814' title='bbox 1919 2500 1950 2523; x_wconf 94' lang='grc'>5,</span> <span class='ocrx_word' id='word_1_815' title='bbox 1971 2497 2030 2526; x_wconf 79' lang='lat' dir='ltr'>Opp.</span> <span class='ocrx_word' id='word_1_816' title='bbox 2055 2498 2071 2521; x_wconf 85' lang='grc' dir='ltr'>Ι,</span> <span class='ocrx_word' id='word_1_817' title='bbox 2092 2497 2124 2527; x_wconf 74' lang='grc'>2,,</span> 
     </span>
     <span class='ocr_line' id='line_1_110' title="bbox 1218 2529 1550 2557; baseline 0 -3"><span class='ocrx_word' id='word_1_818' title='bbox 1218 2530 1259 2554; x_wconf 83' lang='lat' dir='ltr'>Ex.</span> <span class='ocrx_word' id='word_1_819' title='bbox 1281 2530 1313 2557; x_wconf 78' lang='grc'>3.,</span> <span class='ocrx_word' id='word_1_820' title='bbox 1332 2529 1387 2555; x_wconf 72' lang='lat' dir='ltr'>Des.</span> <span class='ocrx_word' id='word_1_821' title='bbox 1410 2530 1430 2552; x_wconf 91' lang='grc'>1.</span> <span class='ocrx_word' id='word_1_822' title='bbox 1452 2530 1473 2555; x_wconf 75' lang='lat'>2.</span> <span class='ocrx_word' id='word_1_823' title='bbox 1492 2536 1550 2555; x_wconf 75' lang='grc'><strong>5858</strong></span> 
     </span>
    </p>
   </div>
   <div class='ocr_carea' id='block_1_24' title="bbox 1150 2580 1787 2612">
    <p class='ocr_par' dir='ltr' id='par_1_24' title="bbox 1150 2580 1787 2612">
     <span class='ocr_line' id='line_1_111' title="bbox 1150 2580 1787 2612; baseline 0.003 -7"><span class='ocrx_word' id='word_1_824' title='bbox 1150 2580 1194 2607; x_wconf 70' lang='lat'>47)</span> <span class='ocrx_word' id='word_1_825' title='bbox 1215 2580 1312 2612; x_wconf 73' lang='lat' dir='ltr'>fratris]</span> <span class='ocrx_word' id='word_1_826' title='bbox 1335 2581 1406 2606; x_wconf 82' lang='lat' dir='ltr'>Edltt.</span> <span class='ocrx_word' id='word_1_827' title='bbox 1431 2581 1546 2608; x_wconf 74' lang='lat'>16—18..</span> <span class='ocrx_word' id='word_1_828' title='bbox 1565 2581 1618 2607; x_wconf 80' lang='lat' dir='ltr'>Des.</span> <span class='ocrx_word' id='word_1_829' title='bbox 1641 2583 1660 2604; x_wconf 73' lang='lat'>1.</span> <span class='ocrx_word' id='word_1_830' title='bbox 1680 2581 1787 2607; x_wconf 75' lang='lat' dir='ltr'>fratrum</span> 
     </span>
    </p>
   </div>
  </div>
 </body>
</html>
