2358 2933
240 114 300 144 795

241 204 545 236 reconciliationem.
569 212 632 232 non
665 209 798 242 propter
823 201 963 242 Legem,
997 203 1056 232 sed
1079 208 1214 243 propter

241 248 488 287 promissionem
513 246 591 275 dari.

325 288 517 328 Quanquam
552 287 649 327 igitur
678 286 788 316 brevis
811 293 860 315 est
885 287 1029 316 narratio
1053 284 1211 323 Danielis,

241 340 345 361 tamen
379 332 450 370 ipsa
484 329 658 368 promissio
694 328 910 363 remissionis,
934 328 1086 358 admonet
1110 326 1212 357 lecto—

240 384 306 405 rem
329 374 415 412 pium
440 372 480 401 (16
505 371 666 401 communi
691 368 967 400 reconciliationis
991 370 1212 409 promissione

239 425 268 447 et
294 416 379 444 vitae
402 420 566 443 aeternae.
604 412 641 443 Et
667 411 826 452 intelliget
853 412 996 450 prudens
1021 411 1137 448 lector,
1156 421 1210 442 ve-

240 470 273 489 re
309 465 492 496 congruere
527 456 719 485 concionem
743 452 891 483 Danielis
920 464 992 484 0001
1016 452 1209 495 Evangelio.

240 500 332 530 Prior
355 507 431 538 pars
455 497 548 526 tradit
573 503 748 536 praecepta
774 496 813 526 (16
837 496 1076 533 emendatione,
1101 501 1210 536 poste-

240 544 306 572 rior
340 548 387 569 est
424 540 607 579 promissio,
641 548 738 579 quam
761 544 890 577 oportet.
911 538 1016 578 accipi
1043 538 1122 574 lide,
1146 548 1210 578 qua

240 590 329 615 certo
352 582 520 611 statuitur.
546 581 634 621 qnod
656 591 715 620 per
737 580 1208 620 misericordiamrecipiamur.

242 626 329 656 llaec
363 632 392 654 et
427 622 523 663 plana
557 630 586 653 et
623 623 796 663 perspicua
830 629 902 652 sunt
934 622 995 662 piis
1018 628 1048 652 et
1071 632 1208 662 prorsus

241 669 310 698 sine
344 665 535 705 sophistica.
583 665 651 695 Nec
686 672 759 695 utar
791 663 846 694 illa
876 663 1057 695 solutione.
1091 664 1207 694 mereri

241 719 340 750 opera
377 709 461 738 bona
496 708 720 737 remissionem
761 707 980 746 praesentium
1016 715 1207 746 poenarum,

241 753 300 783 etsi
324 751 355 780 id
379 760 488 780 verum
508 757 569 785 est,
593 756 700 779 tamen
719 748 838 779 Daniel
862 758 927 778 non
950 755 1073 778 tantum
1097 748 1136 778 de
1160 757 1208 777 re-

242 794 394 824 missione
428 801 623 832 poenarum.
658 791 717 821 sed
747 791 838 830 prius
861 792 902 820 de
925 790 1117 820 remissione
1141 789 1209 820 eul-

242 845 302 876 pae
337 835 422 864 dicit.
479 832 628 863 Ceterum
663 842 763 873 saepe
797 832 939 873 loquitur
973 833 1134 871 scriptura
1168 832 1208 861 (16

242 877 430 907 remissione
464 886 639 915 poenarum
674 875 906 914 praesentium.
940 882 972 903 nt
998 872 1207 914 eleemosyna

241 919 355 949 liberat
378 928 395 947 a
420 924 540 953 morte,
576 917 605 946 id
628 923 695 953 est,
724 924 878 953 meretur,
914 926 953 946 ne
989 916 1209 956 opprimamur

242 959 403 1001 periculis.
450 959 538 996 ltem,
573 959 747 989 Honorans
781 966 904 997 patrem
935 956 1031 987 saciet
1054 956 1208 998 placatio-

243 1011 312 1031 nem
336 1012 394 1042 pro
419 1008 568 1040 peccato,
592 999 753 1037 videlicet,
777 1001 864 1040 quod
888 1000 928 1029 ad
952 1009 1092 1039 poenam
1116 1008 1208 1038 prae-

242 1050 364 1073 sentem
398 1043 527 1079 attinet,
560 1043 588 1072 si
623 1043 687 1072 eris
724 1041 891 1072 beneficus
925 1051 1005 1082 erga
1039 1040 1209 1077 Parentes,

242 1085 416 1122 Doctores,
439 1085 678 1126 gubernatores
700 1083 883 1119 Ecclesiae,
906 1083 961 1113 tibi
974 1092 1105 1124 quoque
1115 1082 1208 1113 Deus

242 1128 397 1168 mitigabit
421 1136 603 1157 aerumnas.

526 1220 731 1251 Decimum
754 1226 918 1250 sextum.

328 1298 466 1328 Maxima
484 1298 586 1327 virtus
610 1296 783 1336 praecipue
806 1294 970 1325 iustificat.

328 1339 470 1371 Dilectio
493 1346 540 1369 est
567 1339 705 1369 maxima
728 1338 842 1367 virtus.

328 1381 415 1423 Ergo
441 1380 568 1412 dilectio
592 1381 767 1420 praecipue
791 1378 950 1409 iustificat.

330 1424 544 1464 Respondeo:
591 1422 696 1452 Maior
719 1427 767 1451 est
794 1430 870 1450 vera
893 1420 933 1449 de
957 1419 1073 1449 iustitia
1093 1417 1211 1458 Legis;

243 1469 269 1497 si
293 1467 373 1503 Legi
396 1465 676 1501 satisfaceremus,
710 1472 859 1494 essemus
883 1462 958 1492 iusti
981 1466 1115 1501 propter
1136 1469 1212 1500 pro-

243 1510 331 1549 prias
342 1502 514 1544 ”vii-tutes,
548 1513 579 1537 et
607 1506 745 1537 maxima
774 1506 877 1535 virtus
905 1502 978 1543 plus
1002 1503 1212 1538 conduceret,

243 1558 276 1581 ut
301 1551 341 1581 de
364 1549 494 1580 flu-isto
518 1558 595 1579 vere
618 1557 793 1588 possumus
818 1547 942 1582 dicere.
977 1555 1051 1575 61101
1073 1544 1212 1574 maxime

244 1592 415 1623 dilectione
448 1593 565 1622 iustum
600 1600 683 1620 6556,
731 1589 797 1619 Sed
831 1589 907 1629 quia
939 1597 1000 1617 nos
1030 1586 1111 1627 Legi
1145 1595 1211 1616 non

245 1633 475 1671 satisfacimus,
510 1634 681 1672 recipimur
715 1637 849 1671 propter
882 1629 1112 1665 Mediatorem,
1147 1638 1211 1659 non

244 1689 303 1717 pro
328 1684 377 1708 ter
410 1676 572 1717 propriam
608 1675 796 1716 dignitatem
831 1683 890 1703 seu
923 1677 1058 1712 propter
1080 1675 1212 1700 nostras

244 1689 429 1761 qualitates.
475 1718 550 1748 ldeo
585 1718 625 1747 de
658 1714 922 1747 reconciliatione
951 1724 1016 1744 non
1040 1711 1126 1743 valet
1148 1722 1213 1742 ma-

244 1764 308 1792 ior:
332 1760 472 1791 Maxima
494 1760 597 1790 virtus
620 1760 757 1789 maxime
780 1755 985 1792 reconciliat,
1028 1755 1096 1786 lmo
1119 1753 1213 1785 solus

246 1804 405 1834 Mediator
439 1801 637 1833 reconciliat.
682 1800 740 1830 Est
775 1801 877 1830 virtus
901 1799 1041 1829 onmium
1063 1797 1214 1833 maxima,

246 1846 360 1876 ardere
393 1844 565 1875 dilectione
598 1843 676 1880 Dei,
716 1844 776 1873 sed
811 1842 905 1872 etiam
941 1841 1061 1876 renati,
1093 1845 1123 1869 et
1160 1839 1214 1878 qui

246 1887 376 1918 multum
399 1886 621 1927 profecerunt,
644 1886 786 1916 sentiunt
810 1884 864 1914 vix
879 1884 1027 1923 exiguam
1040 1879 1214 1912 scintillant

245 1932 275 1960 in
300 1931 377 1970 ipsis
401 1938 575 1959 accensam
598 1937 683 1958 esse.
719 1927 761 1957 Ut
784 1927 815 1957 in
840 1931 946 1956 niente
970 1924 1051 1955 fides
1074 1922 1215 1954 luctatur

246 1983 316 2002 0001
339 1972 552 2008 dubitatione,
575 1977 605 2000 et
628 1968 790 2000 Diabolus
819 1968 1014 1999 interturbat
1037 1965 1215 1996 invocatio-

246 2024 318 2044 nem
352 2015 451 2045 variis
485 2013 642 2053 spectris3
677 2012 722 2042 lta
746 2012 776 2041 in
802 2011 901 2041 corde
927 2008 1057 2039 dilectio
1080 2007 1141 2038 Dei
1161 2006 1215 2037 ad-

248 2057 376 2087 modum
399 2056 542 2097 ianguet,
564 2060 601 2085 ut
621 2055 653 2084 in
673 2054 880 2084 invocatione
903 2051 1014 2082 sentiri
1038 2056 1162 2090 potest,
1185 2049 1216 2078 111

246 2109 307 2138 qua
343 2108 401 2127 001
434 2104 487 2128 aut
524 2096 645 2138 negligi
680 2106 718 2126 se
740 2096 916 2125 arbitratur
939 2100 992 2123 ant
1018 2093 1112 2122 etiam
1136 2090 1217 2131 sugit

246 2140 367 2171 Deum:
403 2141 568 2171 incurrunt
593 2146 623 2169 et
647 2137 699 2168 alii
725 2138 830 2167 vitiosi
854 2142 977 2172 motus,
1012 2144 1102 2165 amor
1127 2131 1216 2163 volu-

246 2188 376 2222 ptatum,
401 2181 536 2223 gloriae,
559 2188 692 2211 nostrae
715 2181 810 2210 vitae.

333 2224 524 2265 Quanquam
547 2225 644 2265 igitur
667 2223 809 2253 existere
837 2221 867 2251 in
891 2221 985 2251 nobis
1011 2217 1218 2250 dilectionem

248 2266 308 2297 Dei
329 2272 470 2306 oportet,
494 2273 599 2297 tamen
622 2273 842 2306 agnoscamus
866 2264 1029 2304 ingentem
1052 2260 1217 2291 infirmita-

247 2316 323 2346 tein,
360 2315 390 2339 et
421 2310 561 2339 sciamus
584 2317 758 2348 personam
782 2317 801 2336 a
824 2305 897 2336 Deo
922 2304 1036 2343 recipi,
1061 2302 1217 2338 exaudiri,

248 2358 278 2381 et
302 2353 430 2388 iustam,
452 2351 483 2381 id
508 2357 568 2387 est,
591 2355 761 2390 acceptam
785 2348 926 2388 reputari
949 2351 1083 2386 propter
1095 2344 1218 2375 Media-

248 2404 352 2424 torem
385 2394 457 2423 tide.
504 2391 602 2423 Aliud
630 2399 678 2422 est
706 2392 806 2432 igitur
837 2389 926 2430 loqui
958 2389 999 2419 de
1028 2384 1217 2418 reconcilia-

249 2439 337 2468 tione
361 2443 390 2466 et
415 2436 456 2466 de
475 2435 695 2465 misericordia
718 2443 799 2474 erga
822 2442 899 2467 nos3
923 2429 1020 2461 Aliud
1045 2436 1094 2460 est
1119 2429 1217 2459 virtu-

251 2488 301 2509 tes
321 2479 410 2518 ipsas
430 2478 513 2507 inter
535 2486 610 2507 sese
635 2474 795 2506 conferre.
841 2474 935 2504 Haud
960 2473 1056 2503 dubie
1080 2470 1217 2501 maxima

252 2521 389 2550 omnium
422 2520 571 2549 virtutum
607 2523 655 2548 est
691 2516 820 2548 dilectio
852 2515 930 2551 Dei;
965 2516 1049 2546 sicut
1084 2519 1114 2543 et
1148 2512 1217 2544 Lex

864 109 971 141 PHIL.
994 108 1096 141 MEL.
1119 109 1302 141 SCRIPTA
1324 109 1596 142 DOGMATICA.

1240 1588 1295 1618 -Et
1324 1587 1429 1618 differt
1457 1598 1477 1618 a
1505 1588 1568 1618 fide
1596 1586 1778 1628 dupliciter.

2158 114 2220 145 796

1257 201 1368 241 [Deut.
1391 202 1424 240 6,
1446 202 1489 240 5.Ι
1519 212 1589 232 eam
1611 203 1743 244 requirit
1766 210 1918 244 tanquam
1940 214 2097 235 summam
2120 207 2219 237 virtu-

1256 251 1336 275 tem:
1359 243 1539 286 Diliges'ss]
1563 243 1737 275 Dominum
1749 243 1856 276 Deum
1872 252 1962 277 tuum
1982 256 2021 277 ex
2037 252 2106 277 toto
2119 249 2219 279 eorde

1256 292 1317 316 etc.
1363 287 1428 318 Sed
1462 285 1517 317 illa
1550 287 1670 317 ardens
1704 286 1833 318 flamma
1866 287 2047 319 dilectionis
2070 289 2219 320 01116512

1257 329 1308 359 vix
1339 330 1455 370 exigua
1485 326 1627 359 scintilla
1654 328 1741 359 lucet
1770 329 1801 358 in
1834 331 1959 360 sanctis
1987 336 2019 361 et
2047 329 2220 362 difficulter

1255 371 1420 401 retinetur.
1455 370 1544 401 Haec
1567 371 1595 400 si
1618 371 1845 411 cogitabimus,
1867 370 1980 402 11161105
1993 372 2219 414 intelligemus,

1255 422 1312 444 cur
1335 413 1476 443 dicatur:
1502 413 1578 443 Fide
1601 412 1824 443 iustificamur.

1340 454 1404 485 lam
1427 455 1454 484 si
1478 456 1527 485 vis
1550 453 1701 485 conferre
1725 455 1860 485 virtutes
1883 462 1913 485 et
1937 456 2084 496 proprias
2107 457 2218 488 defini-

1254 497 1358 526 tiones
1381 496 1582 538 singularum
1606 497 1826 533 considerare,
1849 497 1880 526 id
1904 508 2034 538 quoque
2057 497 2135 529 utile
2158 505 2217 529 651,

1254 538 1361 569 Prima
1391 545 1441 569 est
1467 539 1583 576 FideS,
1617 548 1700 579 quae
1730 545 1777 569 est
1809 548 1911 569 nosse
1939 540 2073 571 verbum
2096 539 2159 570 Dei
2188 546 2219 570 et

1253 581 1404 611 assentiri
1417 582 1623 621 promissioni
1637 581 1773 622 gratiae,
1797 586 1828 611 et
1846 580 1976 618 fiducia,
2000 592 2065 622 qua
2086 588 2218 622 propter

1254 622 1418 653 Christum
1448 623 1619 653 statuimus
1648 623 1743 653 nobis
1766 622 1871 653 Deum
1894 632 1970 654 esse
1992 625 2165 664 propitium
2188 630 2220 654 et

1253 665 1503 705 acquiescimus.
1517 665 1560 697 ²²)
1612 664 1669 695 Est
1700 665 1798 705 igitur
1826 665 1938 695 notitia
1971 665 2219 706 apprehendens

1253 708 1512 747 promissionem,
1536 712 1568 736 et
1591 706 1709 737 fiducia
1731 708 1879 747 quietans
1903 717 1960 737 cor
1972 714 2108 748 propter
2119 706 2219 745 aliud,

1254 747 1380 779 scilicet
1408 754 1543 788 propter
1572 747 1794 779 Mediatorem.
1846 748 1971 779 Deinde
1997 750 2144 790 sequitur
2173 750 2218 781 di·

1252 789 1360 821 lectio.
1411 790 1560 821 Necesse
1593 796 1643 819 est
1677 791 1762 820 enim
1795 791 1992 829 praecedere
2023 792 2219 832 agnitionem

1253 833 1506 863 misericordiae.
1552 831 1634 862 Cum
1664 841 1722 862 cor
1750 833 1854 862 sensit
1876 842 1954 869 vere
1975 833 2054 863 iram
2077 833 2158 871 Dei,
2187 839 2219 864 et

1253 884 1367 905 rursus
1395 874 1459 904 fide
1483 874 1634 914 agnoscit
1656 872 1761 903 Deum
1790 883 1866 904 esse
1894 875 2063 914 propitium
2086 881 2219 914 propter

1253 915 1435 951 Christum3
1467 916 1537 946 Hac
1560 914 1634 945 luce
1656 913 1821 955 pelluntur
1843 916 1905 945 iam
1929 917 2082 947 tenebrae
2100 916 2224 957 Epicu·.

1253 968 1328 988 reae
1351 965 1381 989 et
1395 960 1439 991 23)
1470 957 1708 993 Academicae,
1743 962 1775 987 et
1803 958 1914 987 statuit
1943 967 2036 988 mens
2063 958 2172 989 adiuta
2199 968 2220 988 a

1253 1000 1373 1040 Spiritu
1397 1005 1531 1035 sancto,
1559 1009 1620 1029 nos
1643 1008 1722 1030 vere
1744 1008 1843 1028 curae
1866 1008 1942 1029 esse
1963 999 2037 1030 Deo
2061 1005 2093 1031 et
2114 1001 2155 1031 ab
2178 1009 2226 1030 eo

1253 1042 1362 1081 recipi.
1408 1041 1522 1080 Incipit
1545 1041 1643 1082 igitur
1666 1051 1723 1071 cor
1746 1050 1821 1071 sese
1832 1042 1878 1081 2⁴)
1908 1042 2070 1072 subiicere
2091 1041 2165 1073 Deo
2188 1047 2226 1072 61,Δ

1253 1084 1397 1121 obedire,
1421 1089 1450 1114 et
1475 1083 1576 1113 oritur
1598 1082 1706 1123 aliqua
1728 1082 1860 1113 dilectio
1883 1082 1964 1119 Dei3
1987 1083 2053 1114 Sed
2076 1084 2219 1115 nondum

1253 1127 1284 1156 in
1307 1124 1369 1156 hac
1393 1127 1459 1156 vita
1481 1131 1556 1155 sunt
1580 1126 1730 1156 ardentes
1754 1124 1913 1162 flammae,
1937 1125 2051 1165 quales
2071 1135 2147 1156 esse
2164 1127 2226 1157 ‹le-1

1255 1169 1368 1198 berent
1392 1178 1471 1208 erga
1492 1167 1610 1204 Deum,
1633 1168 1692 1197 sed
1714 1174 1765 1197 est
1787 1168 1947 1207 quaedam
1969 1166 2120 1198 inchoata
2143 1169 2220 1198 obe*

1255 1211 1383 1247 dientia,
1407 1220 1471 1250 qua
1494 1219 1530 1240 se
1553 1219 1611 1239 cor
1633 1210 1763 1240 subiicit
1775 1208 1847 1239 Deo
1871 1214 1901 1239 61
1925 1207 2064 1240 laetatur
2080 1209 2112 1240 in
2130 1210 2222 1250 agni-

1255 1252 1341 1282 tione
1369 1251 1432 1282 Dei
1463 1258 1495 1281 et
1525 1252 1720 1282 obedientia.
1765 1251 1857 1282 Sicut
1886 1252 1917 1281 in
1947 1251 2073 1282 cantico
2103 1252 2226 1283 dicitur-

1257 1294 1353 1332 [Luc.
1375 1294 1406 1331 2,
1432 1293 1510 1332 14.]:
1545 1292 1661 1324 Gloria
1682 1294 1714 1323 in
1737 1291 1878 1323 excelsis
1902 1292 1994 1328 Deo,
2025 1300 2055 1324 ct
2078 1293 2110 1325 in
2133 1299 2221 1324 terra

1255 1346 1329 1376 pax,
1354 1342 1384 1366 et
1407 1335 1591 1366 hominibus
1613 1335 1743 1366 laetitia.
1782 1334 1857 1364 Ideo
1880 1334 2030 1371 loannes,
2054 1342 2088 1366 ut
2111 1333 2219 1376 aliquo

1255 1379 1352 1408 modo
1377 1378 1583 1414 ostenderet,
1612 1376 1716 1417 qualis
1739 1386 1793 1406 res
1817 1377 1859 1406 sit
1883 1375 2014 1407 dilectio
2038 1376 2121 1414 Dei,
2146 1377 2222 1407 dicit

1255 1420 1298 1457 (1.
1324 1430 1372 1460 ep.
1397 1420 1429 1457 5,
1453 1420 1515 1457 3.]:
1549 1419 1639 1449 Haec
1662 1425 1710 1449 est
1740 1417 1872 1448 dilectio
1895 1418 1973 1448 Dei.
2007 1425 2042 1449 ut
2070 1419 2222 1449 mandata

1255 1472 1324 1492 elus
1347 1471 1527 1492 servemus.
2089 1490 2091 1492 .

1340 1504 1392 1534 Ad
1415 1503 1476 1533 has
1499 1504 1635 1534 virtutes
1654 1502 1781 1533 accedit
1800 1502 1895 1543 Spes,
1919 1512 2002 1543 quae
2019 1507 2070 1533 est
2091 1503 2226 1543 proprie

1256 1547 1438 1586 expectatio
1469 1552 1625 1576 venturae
1653 1544 1853 1575 liberationis
1881 1555 1901 1575 a
1928 1544 2000 1575 Deo
2030 1545 2221 1584 promissae.

1823 1586 1917 1617 Prior
1944 1593 1994 1617 est
2020 1587 2160 1628 insignis
2189 1593 2222 1616 et

1256 1631 1431 1670 praecipua
1454 1630 1644 1660 differentia.
1682 1629 1780 1659 Fides
1804 1629 2014 1669 apprehendit
2033 1629 2222 1669 promissio-

1257 1683 1327 1703 nem
1356 1679 1386 1703 et
1415 1671 1555 1713 applicat
1587 1672 1681 1702 nobis
1705 1671 1930 1702 Mediatorem.
1974 1670 2063 1701 Talis
2085 1676 2223 1701 nonest

1257 1725 1352 1755 speS,
1385 1715 1445 1745 sed
1476 1720 1612 1745 eventus
1647 1713 1771 1744 futuros
1803 1719 1962 1754 expectat.
2014 1713 2097 1743 Hinc
2126 1711 2223 1743 facile

1256 1763 1362 1797 potest
1385 1755 1539 1797 intelligi,
1569 1767 1628 1788 cur
1646 1766 1711 1786 non
1735 1756 1877 1793 dicatur,
1911 1755 1978 1795 Spe
1999 1754 2222 1791 iustificamur‚

1257 1801 1331 1840 quia
1355 1810 1393 1830 ea
1413 1800 1516 1829 offitio
1537 1809 1600 1829 non
1619 1799 1664 1829 ita
1687 1804 1843 1828 monstrat
1869 1797 1921 1828 vel
1944 1795 2085 1838 applicat
2100 1795 2222 1826 Media—

1257 1849 1377 1878 torem,
1405 1847 1437 1871 ut
1463 1852 1535 1871 0001
1559 1841 1711 1871 dicimus:
1743 1840 1821 1870 Fide
1842 1839 2062 1870 iustificamur.
2106 1837 2222 1868 Altera

1258 1883 1436 1914 differentia
1465 1890 1528 1913 est:
1564 1883 1660 1912 Fides
1689 1883 1806 1922 accipit
1836 1891 1992 1922 praesens
2020 1879 2221 1916 beneficium,

1257 1932 1464 1966 praesentem
1489 1923 1802 1960 reconciliationem,
1832 1925 1902 1954 sine
1931 1933 1995 1964 qua
2021 1932 2087 1953 non
2114 1927 2221 1961 potest

1259 1969 1327 1998 fieri
1350 1969 1524 1998 invocatio.
1563 1967 1648 2006 Spes
1670 1973 1776 1997 autem
1799 1972 1951 2006 expectat.
1974 1963 2101 1996 futuros
2125 1973 2222 1994 even-

1258 2017 1310 2041 tus
1333 2020 1351 2040 a
1374 2009 1447 2040 Deo
1470 2009 1651 2050 promissos
1674 2014 1736 2039 610.

1514 2102 1719 2132 Decimum
1754 2102 1971 2142 septimum.

1302 2179 1521 2209 Remittuntur
1544 2179 1573 2208 ei
1597 2184 1731 2218 peccata
1743 2176 1853 2213 multa.
1869 2177 1944 2217 quia
1957 2175 2065 2207 dilexit
2079 2174 2223 2211 multum,

1302 2221 1389 2262 Ergo
1413 2227 1545 2261 propter
1567 2219 1773 2251 dilectionem
1797 2219 1831 2250 fit
1853 2219 2012 2250 remissio.

1260 2335 1304 2364 21)

1259 2385 1304 2413 22)

1330 2333 1432 2365 Diliges]
1455 2333 1526 2357 Editt.
1547 2332 1587 2354 22.
1607 2333 1646 2355 24.
1668 2330 1785 2356 28-34..
1802 2331 1862 2360 opp.
1884 2331 1904 2352 1.
1926 2330 1948 2351 2.
1967 2329 2059 2359 Diligas
2094 2343 2096 2346 -

1329 2387 1354 2408 et
1372 2382 1576 2414 acquiescimus]
1603 2382 1674 2408 Editt..
1705 2381 1742 2404 16.
1770 2381 1807 2402 17.
1833 2381 1874 2403 21.
1900 2380 1939 2403 22.
1965 2380 2005 2402 24.
2027 2378 2144 2404 28—-3-1..
2163 2379 2222 2409 opp.

1330 2418 1351 2439 1.
1372 2418 1395 2439 2.
1415 2420 1440 2441 ut
1461 2417 1659 2447 acquiescamus.

1330 2468 1366 2498 61]
1388 2468 1423 2492 sic
1442 2467 1513 2492 Editt.
1533 2467 1572 2490 20.
1594 2467 1633 2489 25.
1653 2466 1703 2490 30..
1723 2465 1792 2495 corp.
1816 2465 1901 2488 1—8.:
1921 2466 2020 2488 ceterae
2040 2462 2124 2487 Edittz
2144 2468 2173 2486 ac

1331 2518 1401 2548 sese]
1419 2518 1490 2543 Editt.
1512 2517 1601 2540 1—17.
1623 2517 1661 2541 19.
1680 2517 1719 2539 21.
1738 2521 1767 2540 se

1259 2469 1304 2499 23)

1260 2519 1305 2550 24)
