2358 2933
112 124 175 155 277

148 303 188 333 22,
208 303 233 327 b.

149 1751 192 1776 23.

211 1757 234 1775 ὃ.

564 121 586 151 1.
610 120 713 152 LOCl
735 119 1011 151 THEOLOGICI:
1035 120 1072 151 C.
1096 119 1309 152 SECUNDA
1330 119 1488 151 EORUM
1510 119 1666 151 AETAS.

268 217 390 253 5101185,
413 215 530 256 Neque
548 221 656 245 tamen
675 213 827 255 intelligit
849 220 967 244 natura
990 212 1092 243 homi-

267 260 318 289 nis
337 257 458 300 legem,
481 267 589 298 neque
609 268 688 288 vere
712 259 939 296 obtemperare
963 261 1089 296 potest.=

268 311 375 341 neque
404 300 676 341 promissionibus
707 301 778 330 sine
811 299 1013 329 dubitatione
1041 308 1092 328 35-

267 343 416 374 sentitur.
463 342 575 378 Quare
603 352 619 372 s
643 348 783 373 naturae
813 341 981 381 corruptio
1015 350 1092 371 8011-

267 386 446 423 sideretur,
480 384 577 416 facile
610 384 737 416 videbis
771 384 860 425 quod
895 383 993 413 homo
1026 393 1093 413 non

266 434 376 469 potest
398 434 568 468 praestare
590 428 750 468 integram
780 426 998 457 obedientiam
1030 426 1093 456 dei.

267 471 309 501 Et
339 471 393 512 qui
423 469 587 501 affirmant
621 469 826 500 voluntatem
850 468 1025 498 humanam
1049 468 1094 498 ita

267 512 403 544 liberam
423 523 498 543 8558
510 519 545 543 111
563 513 669 552 possit
687 511 797 553 legem
809 512 861 541 dei
878 509 1000 548 facere,
1019 510 1093 540 ideo

268 557 311 586 ita
336 555 475 587 delirant
500 556 575 596 quia
597 565 663 585 non
688 555 800 584 w'dent
825 558 947 594 quanta
978 554 1029 583 vis
1053 553 1093 582 sit

268 599 414 638 peccati,
445 603 475 628 et
505 603 628 638 quanta
651 598 691 627 sit
724 596 891 635 corruptio
921 596 953 625 in
976 601 1094 625 natura

267 640 420 671 humana.
466 640 520 670 Ad
542 639 626 670 11388
649 639 813 669 somniant
836 637 902 678 legi
926 638 978 668 dei
997 638 1094 667 satis-

268 683 340 713 fieri
369 693 428 722 per
457 692 560 722 opera
583 688 727 712 externa.
763 681 851 722 quod
882 686 931 711 est
954 679 1094 710 falsissi—

267 735 364 755 mum.

311 766 455 797 Primum
484 767 583 808 igitur
612 766 660 796 sic
691 764 775 796 tollit
806 766 954 795 doctrina
984 764 1094 794 Evan-

269 808 346 850 gelii
368 809 425 839 lib.
450 809 638 846 arbitrium,
669 809 759 849 quod
788 808 885 838 docet
908 808 941 837 in
964 807 1095 837 homine

267 850 459 882 horribilem
483 851 727 891 corruptionem
757 860 832 880 esse
856 859 940 890 quae
964 855 1095 880 natura-

268 894 344 924 liter
366 900 528 934 repugnat
558 892 625 934 legi
656 894 718 930 dei,
748 899 779 922 et
803 892 889 922 hanc
914 893 1096 932 corruptio-

269 946 345 966 nem
363 946 429 966 non
453 941 564 976 potest
586 935 730 966 humana
752 934 906 965 voluntas
929 945 988 974 per
1019 944 1096 964 sese

270 977 388 1009 tollere
407 988 447 1008 ex
465 985 594 1015 natura,
613 979 698 1008 518111
717 987 824 1018 neque
843 984 992 1014 mortem,
1012 986 1097 1016 quae

270 1026 321 1051 est
344 1021 590 1059 propriissimus
621 1020 758 1050 effectus
786 1020 881 1049 istius
914 1019 1096 1058 corruptio-

268 1063 320 1092 nis
342 1072 402 1101 per
424 1071 500 1092 sese
522 1067 633 1102 potest
657 1071 697 1091 ex
720 1067 838 1092 natura
860 1059 990 1091 tollere.
1020 1061 1096 1090 Non

268 1110 380 1144 potest
401 1114 460 1144 per
484 1114 559 1134 sese
583 1103 715 1134 efficere
746 1110 781 1134 ut
809 1110 925 1133 natura
949 1108 1096 1143 praestet

268 1148 431 1187 integram
454 1147 670 1177 obedientiam
692 1145 760 1186 legi
783 1146 846 1176 dei.

357 1188 464 1223 Quum
487 1189 585 1229 igitur
608 1189 774 1229 quael-itm·
798 1188 838 1218 de
867 1187 922 1218 lib.
949 1188 1097 1225 arbitrio,

270 1232 413 1262 sciamus
436 1232 612 1271 praecipue
636 1231 766 1272 quaeri,
794 1240 861 1260 non
885 1231 926 1260 de
950 1231 1096 1260 externis

270 1273 367 1304 factis
390 1274 542 1310 hominis,
566 1274 625 1303 sed
650 1274 690 1303 de
713 1273 785 1312 ipsa
803 1278 921 1303 natura
941 1278 973 1302 et
992 1273 1032 1302 de
1049 1273 1096 1302 in-

270 1316 445 1347 terioribus
479 1316 622 1346 motibus
658 1325 737 1356 erga
773 1315 878 1346 deum.
930 1314 1096 1346 Voluntas

269 1368 336 1388 non
358 1364 469 1398 potest
493 1359 563 1388 sine
587 1358 703 1399 spiritu
732 1364 849 1388 sancto
872 1357 1015 1388 abiicere
1039 1358 1096 1388 du-

269 1402 460 1432 bitationem
480 1402 520 1432 de
539 1401 613 1438 (180,
633 1410 710 1431 1818
729 1401 843 1431 11111818
858 1401 964 1437 (1811111,
984 1410 1097 1430 veram

269 1442 422 1474 fiduciam
440 1443 685 1474 misericordiae
703 1443 754 1473 dei
774 1444 960 1483 concipere,
984 1452 1096 1473 veram

270 1486 490 1516 obedientiam
513 1487 546 1516 in
569 1492 674 1516 morte
705 1491 735 1515 et
765 1484 837 1515 aliis
862 1484 1096 1515 afflictionibus

269 1533 451 1567 praestare,
471 1534 502 1558 et
521 1528 645 1558 habere
662 1527 786 1558 similes
804 1534 911 1558 motus
923 1528 1096 1558 interiores

270 1570 359 1599 iuxta
390 1568 500 1610 legem
533 1571 595 1600 dei.
641 1570 726 1601 Nam
759 1569 866 1610 legem
901 1571 952 1600 dei
986 1569 1097 1600 facere

270 1622 336 1642 non
360 1618 410 1642 est
434 1618 559 1642 tantum
584 1618 720 1642 externa
751 1611 860 1642 civilia
890 1611 978 1642 facta
1003 1622 1096 1652 prae-

270 1660 370 1691 51318,
394 1654 454 1683 58(1
477 1654 601 1684 habere
619 1655 767 1684 notitiam
787 1654 837 1684 dei
857 1654 995 1691 1111113111,
1019 1664 1097 1684 vere

271 1697 384 1727 timere
408 1696 520 1733 (1811111,
552 1707 632 1727 1818
663 1697 798 1726 (·1·8(1818
821 1702 882 1726 818.
929 1697 1013 1727 Sunt
1043 1707 1097 1727 au-

270 1745 334 1769 tem
357 1739 478 1778 ubique
508 1739 605 1768 obvia
635 1739 837 1769 testimoniai
863 1739 896 1768 in
926 1739 1096 1778 scripturis

272 1791 356 1822 quae
379 1780 442 1811 hoc
466 1781 585 1811 docent
606 1782 694 1821 quod
717 1782 781 1811 iam
800 1781 922 1811 dictum
945 1788 1010 1818 851,
1040 1791 1097 1811 113-

272 1829 377 1854 turam
408 1832 483 1853 esse
513 1823 697 1854 subiectam
725 1828 865 1862 peccato
900 1833 963 1854 nec
996 1833 1098 1864 posse

270 1876 330 1906 per
359 1875 434 1895 sese
461 1864 594 1896 liberari
629 1877 649 1896 a
679 1876 739 1896 sua
775 1866 1001 1906 corruptione,
1036 1876 1097 1896 1188

270 1917 370 1948 posse
392 1907 500 1949 legem
524 1909 575 1938 dei
598 1906 719 1945 facere,
742 1918 804 1938 1188
823 1918 925 1947 posse
943 1909 1014 1939 sine
1033 1909 1097 1948 spi-

271 1951 333 1981 ritu
358 1957 473 1981 sancto
497 1951 672 1991 concipere
695 1957 803 1981 motus
826 1949 1027 1991 spirituales,
1060 1951 1097 1981 ti-

271 2002 395 2023 morem
414 1993 464 2023 dei
478 1998 508 2023 et
527 2003 639 2024 veram
659 1993 823 2023 fiduciam.
853 1992 915 2024 Ro.
928 1992 959 2023 S.
974 1996 1039 2031 [15.
1053 1994 1096 2030 7.]

272 2035 400 2066 Sensus
423 2036 532 2066 8311115
551 2036 719 2066 inimicitia
741 2042 803 2066 818.
849 2035 911 2066 Η18
930 2037 1023 2066 vides
1042 2046 1097 2075 pa-

271 2076 335 2107 lam
373 2078 486 2119 negari
501 2079 546 2117 53)
579 2088 710 2108 earnem
739 2088 840 2118 posse
870 2078 1003 2108 obedire
1031 2077 1097 2119 legi

272 2120 334 2150 (181.
379 2120 464 2151 Ν3111
493 2121 554 2150 8151
584 2126 718 2150 externa
742 2130 843 2161 opera
872 2120 956 2161 legis
987 2119 1097 2151 facere

272 2167 386 2201 potes,
417 2169 524 2193 tamen
554 2163 690 2194 haerent
720 2164 752 2193 in
783 2164 899 2194 animis
934 2164 1096 2204 ignoratio

273 2205 335 2241 dei,
359 2205 529 2242 dubitatio,
554 2211 771 2245 contemptus,
797 2204 987 2243 diffidentia,
1007 2212 1038 2236 et
1055 2206 1097 2235 si-

271 2246 365 2278 miles·
388 2248 503 2278 morbi.
548 2247 589 2278 Et
611 2249 643 2278 in
666 2248 717 2278 his
741 2248 910 2279 sententiis
930 2249 1097 2279 sciendum

272 2297 334 2327 est,
354 2291 443 2330 quod
463 2300 539 2320 caro
563 2290 725 2331 significet
752 2297 854 2322 totam
876 2291 1017 2321 hominis
1041 2301 1097 2321 na-

272 2338 388 2371 turam,
412 2342 546 2363 sensum
566 2340 596 2363 et
619 2334 777 2363 rationem
800 2335 871 2364 sine
889 2335 1005 2374 spiritu
1022 2343 1097 2364 san-

274 2380 338 2405 810.
389 2376 423 2405 Id
458 2374 611 2406 facillime
646 2377 772 2407 ostendi
805 2382 916 2416 potest
951 2386 991 2406 ex
1024 2378 1097 2416 ipso

246 2441 249 2442 γ
272 2416 387 2448 Ρ31110.
413 2419 489 2459 (11113
511 2419 659 2459 spiritum
683 2424 781 2449 vocat
803 2418 891 2449 haud
915 2419 1013 2449 dubie
1031 2429 1097 2450 non

117 2554 165 2585 53)
185 2554 284 2584 negari]
304 2555 340 2579 sic
358 2555 382 2579 in
401 2555 445 2579 Ms.
471 2556 570 2579 mutata
589 2556 647 2579 sunt
667 2554 768 2587 neqa'e
786 2546 886 2578 Pauli
903 2555 972 2584 prius
994 2555 1095 2585 scripta.

1139 220 1265 253 partem
1288 214 1436 251 rationis,
1460 214 1520 243 sed
1544 213 1691 253 spiritum
1711 218 1860 243 sanctum
1885 212 1965 243 (1111-

1140 257 1226 286 nitus
1251 256 1407 286 donatum
1429 256 1468 285 iis
1493 256 1547 296 qui
1568 256 1716 286 credunt.
1752 254 1834 285 Cum
1858 260 1967 285 autem

1140 299 1273 338 spiritus
1297 298 1386 328 aliud
1410 298 1563 338 quiddam
1588 299 1629 328 sit.
1652 308 1749 338 quam
1772 303 1887 327 nostra
1910 308 1966 327 na-

1139 346 1224 377 tura,
1248 350 1381 371 carnem
1404 339 1543 381 intelligi
1561 350 1701 371 necesse
1719 346 1769 370 est
1790 345 1891 370 totam
1910 349 1967 369 na-

1140 389 1245 413 turam
1257 382 1397 413 hominis
1416 393 1549 413 sensum
1568 389 1598 413 et
1617 384 1787 414 rationem.
1822 381 1864 412 Et
1882 383 1968 413 idem

1141 425 1186 454 lo.
1211 424 1241 455 3.
1268 424 1391 464 [15.6.]
1417 425 1630 466 significatur.
1669 425 1766 459 Quod
1786 430 1897 455 natum
1917 428 1968 454 est

1141 477 1181 497 ex
1217 477 1316 497 carne
1350 478 1427 497 caro
1463 473 1522 498 851.
1581 467 1685 498 Sentit
1720 468 1819 508 igitur
1853 476 1968 497 omnes

1141 510 1230 539 vires
1259 511 1431 540 nobiscum
1455 514 1632 539 nascentes
1657 519 1789 539 carnem
1819 519 1905 539 esse.
1930 508 1967 537 ll.

1142 550 1219 582 Cor.
1243 551 1272 581 3.
1299 555 1364 589 [15.
1377 552 1420 589 6.]
1445 551 1556 582 Litera
1580 552 1709 589 occidit,
1734 552 1866 592 spiritus
1890 551 1970 581 vivi-

1141 593 1228 624 ficat.
1279 594 1371 635 Ergo
1404 593 1558 624 1011111135
1589 594 1732 624 humana
1761 604 1827 623 non
1860 598 1971 634 potest

1143 636 1214 666 sine
1238 637 1354 676 spiritu
1385 643 1503 666 sancto
1532 636 1702 666 vivificari.
1748 636 1857 666 Vocat
1883 637 1969 666 enim

1142 679 1185 709 ibi
1205 677 1296 709 clare
1319 679 1467 719 spiritum
1491 679 1639 718 spiritum
1664 678 1803 715 Chn'sti,
1834 689 1899 719 quo
1923 678 1970 708 in-

1143 722 1210 762 quit
1233 731 1296 751 nos
1319 720 1565 758 transformari,
1593 727 1627 751 ut
1659 721 1753 751 deum
1785 729 1969 762 agnoscere

1143 770 1174 794 et
1191 764 1220 793 ei
1235 764 1371 794 eredere
1383 765 1559 804 possimus.
1587 762 1716 794 literam
1731 769 1828 794 vocat
1842 773 1971 793 omnem

1143 807 1342 843 doctrinam,
1388 807 1554 843 notitiam,
1595 807 1714 837 bonam
1758 806 1971 836 intentionem

1143 854 1242 889 atque
1265 849 1353 879 bona
1374 859 1475 889 opera
1492 847 1581 879 facta
1601 855 1722 879 80113111
1734 850 1881 879 rationis.
1907 859 1972 889 qua

1142 897 1234 931 putat
1253 892 1335 921 ratio
1359 901 1396 921 se
1419 891 1484 932 legi
1511 892 1562 921 dei
1587 890 1781 922 satisfacere
1800 902 1863 922 1188
1883 892 1971 922 videt

1143 934 1270 964 interim
1298 933 1414 974 quales
1447 934 1553 964 morbi
1586 933 1745 964 haereant
1778 935 1810 964 in
1844 935 1970 965 animis.

1143 976 1183 1006 Et
1203 977 1279 1016 quia
1304 974 1431 1017 affingit
1450 977 1533 1006 ratio
1552 976 1718 1007 hominem
1734 982 1869 1017 propter
1888 976 1972 1007 11388

1145 1028 1245 1058 opera
1268 1019 1388 1048 iustum
1420 1028 1514 1055 esse,
1546 1018 1633 1049 hanc
1656 1020 1906 1059 persuasionem
1931 1019 1971 1049 de

1144 1060 1230 1101 lege,
1255 1066 1352 1090 vocat
1376 1059 1501 1092 Paulus
1524 1062 1567 1091 ibi
1592 1060 1760 1099 velamen,
1791 1072 1856 1102 quo
1885 1061 1972 1092 mosi

1144 1102 1248 1133 facies
1286 1108 1374 1133 tecta
1408 1102 1489 1141 11111,
1525 1102 1680 1134 videlieet
1709 1103 1770 1135 has
1799 1105 1972 1145 opiniones

1145 1146 1234 1185 quod
1262 1144 1330 1186 legi
1352 1156 1354 1174 a
1380 1146 1431 1176 dei
1460 1145 1664 1177 satisfaciant
1696 1153 1833 1178 externa
1862 1147 1972 1179 civilia

1145 1197 1247 1227 opera
1281 1194 1312 1218 et
1356 1189 1464 1219 bonae
1503 1189 1712 1220 intentiones.
1768 1190 1848 1221 Item
1883 1191 1973 1231 quod

1144 1235 1280 1270 propter
1303 1231 1399 1261 istam
1422 1230 1642 1271 impletionem
1661 1231 1746 1273 legis
1764 1233 1839 1263 iusti
1858 1234 1971 1264 simus.

1145 1272 1229 1303 Nam
1252 1272 1316 1303 hae
1339 1274 1511 1313 opiniones
1534 1280 1646 1305 tenent
1671 1276 1819 1315 captivas
1844 1282 1971 1306 mentes

1145 1315 1251 1345 (101188
1274 1314 1456 1346 liberentur
1478 1327 1537 1357 per
1559 1317 1790 1359 Evangelium,
1814 1319 1903 1358 quod
1922 1328 1972 1348 18-

1144 1356 1233 1387 18131
1251 1364 1425 1398 pet-catum
1448 1365 1480 1389 et
1500 1360 1643 1391 ostendit
1661 1361 1920 1391 misericordiam
1940 1366 1973 1391 et

1143 1398 1241 1430 aliam
1265 1401 1429 1440 quandam
1452 1403 1607 1432 iustitiam
1630 1402 1862 1443 praeterlegis
1882 1403 1972 1433 iusti-

1144 1443 1231 1472 tiam.
1256 1442 1301 1472 10.
1326 1443 1356 1474 3.
1382 1446 1445 1481 [15.
1465 1444 1496 1475 3.
1506 1448 1526 1483 z]
1556 1445 1626 1475 Nisi
1651 1446 1724 1486 quis
1748 1451 1884 1476 renatus
1908 1451 1970 1476 etc.

1143 1484 1292 1525 Requirit
1322 1492 1353 1516 et
1382 1486 1436 1516 hic
1464 1485 1577 1525 locus,
1607 1494 1641 1518 ut
1665 1498 1880 1519 renascamur
1909 1488 1972 1527 spi-

1144 1528 1207 1558 ritu
1230 1534 1346 1558 sancto

1144 1570 1255 1604 Quare
1285 1577 1403 1602 natura
1432 1571 1574 1602 hominis
1609 1573 1680 1603 51118
1710 1574 1824 1613 spiritu
1855 1580 1971 1605 sancto

1143 1622 1210 1642 non
1237 1611 1347 1652 placet
1377 1613 1469 1651 Deo,
1504 1624 1570 1644 non
1600 1614 1700 1646 habet
1729 1617 1883 1647 iustitiam
1917 1622 1972 1648 aut

1144 1655 1244 1684 1113111
1274 1662 1442 1686 aeternam
1477 1662 1538 1687 818.
1582 1658 1610 1687 Ξ.
1636 1657 1713 1689 Cor.
1737 1658 1768 1689 ἱ).
1811 1659 1972 1690 Animalis

1144 1696 1243 1727 homo
1282 1704 1343 1727 818.
1401 1698 1571 1739 Significat
1612 1701 1697 1730 enim
1737 1701 1903 1741 psichicos
1926 1703 1971 1738 ⁵4)

1144 1738 1308 1770 hominem
1342 1741 1507 1771 viventem
1541 1743 1609 1772 1113
1634 1743 1794 1781 1131111311,
1827 1744 1892 1774 hoc
1921 1750 1972 1774 est

1144 1791 1245 1825 sensu
1265 1788 1296 1812 et
1314 1784 1441 1814 ratione
1459 1784 1601 1815 naturali
1625 1786 1696 1816 sine
1714 1787 1829 1826 spiritu
1842 1792 1969 1816 saneto.

1144 1825 1201 1854 Sic
1231 1825 1315 1854 enim
1338 1825 1462 1856 Paulus
1495 1827 1651 1857 discernit
1679 1838 1718 1858 eo
1747 1827 1823 1858 loco
1851 1829 1971 1859 anima-

1143 1864 1208 1896 lem
1232 1877 1251 1896 a
1274 1867 1444 1907 spirituali.
1486 1868 1591 1900 Ros
1622 1871 1684 1907 [vs.
1708 1870 1785 1908 lla]
1828 1870 1890 1905 Qui
1915 1871 1971 1901 du-

1145 1914 1264 1939 cuntur
1294 1910 1410 1949 spiritu
1445 1911 1497 1941 dei
1531 1917 1592 1941 818.
1639 1912 1718 1942 118111
1750 1916 1813 1950 [15.
1839 1912 1871 1943 9.
1882 1917 1902 1952 z]
1937 1913 1972 1944 Si

1145 1951 1218 1991 quis
1242 1952 1391 1991 spiritum
1415 1951 1536 1983 Christi
1560 1964 1625 1984 non
1649 1954 1748 1985 hahet
1772 1955 1800 1985 is
1831 1965 1896 1986 non
1920 1962 1970 1986 est

1145 1992 1278 2024 Christi.
1323 1993 1373 2024 Ex
1391 1994 1442 2025 his
1466 1997 1636 2026 sententiis
1660 2003 1691 2027 et
1715 1997 1874 2028 similibus
1902 1997 1971 2038 pla-

1144 2045 1221 2065 num
1255 2035 1291 2066 fit
1330 2036 1533 2068 voluntatem
1569 2039 1709 2070 hominis
1750 2041 1820 2070 sine
1856 2041 1971 2080 spirit-u

1145 2084 1260 2108 5311810
1286 2088 1351 2109 11011
1376 2090 1475 2119 posse
1499 2081 1679 2121 spiritualia
1709 2092 1808 2122 opera
1839 2081 1971 2113 efficere

1145 2119 1271 2150 scilicet
1295 2131 1410 2152 verum
1433 2123 1582 2153 timorem
1601 2125 1664 2161 dei,
1688 2135 1800 2155 1813111
1819 2124 1971 2156 fiduciam

1145 2164 1214 2201 dei,
1238 2174 1350 2194 veram
1375 2163 1583 2196 dilectionem
1606 2172 1668 2197 818.
1715 2166 1879 2198 Secluido.
1904 2178 1970 2198 ma-

1143 2212 1197 2235 net
1221 2212 1329 2236 tamen
1352 2205 1463 2248 aliqua
1486 2207 1667 2239 voluntatis
1686 2209 1848 2240 humanae
1872 2209 1970 2240 liber-

1144 2255 1194 2278 tas
1218 2249 1250 2278 in
1273 2254 1391 2279 natura
1414 2250 1564 2281 hominis.
1588 2257 1696 2291 potest
1721 2252 1805 2282 enim
1828 2252 1970 2283 humana

1144 2290 1300 2322 voluntas
1329 2291 1440 2332 aliquo
1471 2295 1569 2324 modo
1600 2294 1671 2324 51118
1707 2295 1822 2334 spiritu
1852 2293 1968 2325 san‘cto

1143 2334 1163 2363 i.
1196 2344 1223 2364 e.
1253 2334 1324 2364 sine
1358 2333 1415 2366 illa
1445 2337 1658 2366 renovatione
1694 2335 1804 2367 facere
1835 2343 1969 2368 externa

1145 2386 1247 2416 opera
1270 2375 1365 2418 legis.
1412 2377 1503 2409 Sicut
1529 2379 1614 2409 enim
1642 2379 1674 2408 in
1698 2385 1815 2410 natura
1838 2385 1969 2410 manent

1143 2419 1296 2450 iudicium
1326 2426 1357 2449 et
1394 2420 1541 2451 delectus
1571 2420 1708 2453 aliarum
1742 2432 1851 2452 rerum
1884 2431 1970 2462 quae

1143 2556 1189 2585 54)
1208 2555 1222 2580 i.
1243 2562 1266 2580 e.
1286 2554 1406 2587 ψυχικάς.

1923 2608 1969 2633 {8⁸

2059 119 2123 150 278

2066 1154 2089 1179 b.
