2358 2933
233 110 296 142 631

234 211 263 233 et
289 202 370 234 Filio
395 211 425 234 et
451 204 582 244 Spiritui
607 210 734 235 sancto.
770 203 830 235 Est
853 205 953 246 igitur
975 207 1071 238 tertia
1093 218 1207 247 perso-

234 257 274 276 na
288 247 427 286 Spiritus
452 254 597 277 sanctus.
622 256 661 276 ac
684 247 881 278 discernitur
902 258 921 278 a
936 247 1035 280 Patre
1059 254 1090 280 et
1114 249 1207 289 Filio,

232 296 265 318 ut
290 299 388 328 supra
413 289 486 319 dixi.
510 290 584 329 quia
609 289 759 329 procedit
777 299 795 319 a
810 289 908 320 Patre
929 296 961 321 et
977 290 1072 329 Filio,
1095 294 1208 324 etmit-

233 331 310 361 titur
339 332 370 360 in
395 331 512 361 corda.
549 341 633 371 quae
656 341 741 361 voce
764 331 934 373 Evangelii
957 341 1207 374 regenerantur,

231 381 263 403 ut
299 383 384 403 nova
419 371 493 403 luce
527 380 712 413 agnoscant
735 381 765 405 et
790 375 942 406 invocent
964 375 1084 413 Deum,
1107 383 1139 407 et
1160 378 1207 408 in-

232 415 369 446 choetur
391 415 421 444 in
446 417 492 445 cis
516 416 581 445 vita
604 422 747 454 aeterna,
771 418 847 447 dum
870 417 933 448 fide
946 417 1207 451 consolationem

231 458 427 497 concipiunt.

315 517 400 547 loan.
428 517 477 547 14.
503 519 567 555 [vs.
595 517 674 556 16.:1
709 517 848 560 Rogabo
872 524 1015 560 patrem,
1049 525 1081 551 et
1108 519 1207 552 alium

231 558 436 590 Paracletum
461 560 548 590 dabit
572 561 677 591 vobis.
724 560 806 592 Puni
829 562 885 599 ait,
908 561 1025 601 alium,
1050 563 1207 595 discernit

228 612 246 632 a
273 602 368 632 l'atrc
398 610 428 632 et
454 601 535 633 Filio
565 602 651 634 hunc
676 603 893 635 Paracletum.
938 605 1014 636 Non
1043 606 1141 647 igitur
1164 607 1206 637 si-

229 644 359 686 gnificat
374 644 516 685 Spiritus
538 646 642 685 ipsum
664 646 794 677 l'atrcm
818 648 1008 687 agitantem,
1031 658 1099 678 non
1121 650 1206 679 enim

229 695 316 718 esset
342 686 442 723 alius:
466 698 526 717 nec
549 688 714 730 significat
737 690 946 730 agitationem
964 696 1120 728 creatam,
1138 701 1204 721 non

229 731 312 761 enim
337 731 518 761 mitteretur
541 742 559 761 a
585 730 683 769 Filio,
707 732 734 761 si
759 738 849 762 esset
873 731 972 762 Pater
997 733 1127 774 agitans
1149 740 1205 764 aut

228 780 353 804 tantuin
377 774 510 814 agitatio
536 780 644 804 creata
667 784 685 804 a
708 773 817 804 Patre.
863 773 907 804 At
928 773 1080 806 Christus
1102 775 1205 816 inquit

227 816 315 846 loun.
343 815 390 845 15.
416 820 479 853 [vs.
503 816 568 853 ⁶202]
615 816 697 847 Puni
717 817 841 847 venerit
865 815 1073 855 Paracletus,
1108 828 1204 859 quem

228 869 291 900 rgo
311 858 434 888 mittam
458 859 554 889 vobis
578 869 596 889 a
616 858 725 896 Patre,
749 858 890 898 Spiritus
902 861 944 897 66)
967 859 1125 898 veritatis,
1149 861 1204 901 qui

227 912 246 931 a
273 900 369 931 Patre
394 901 559 941 procedit:
606 901 635 931 A
660 912 696 931 se
719 901 821 942 inquit
844 902 925 932 mitti
948 901 1105 942 Spiritum
1129 913 1204 933 san-

228 950 326 974 ctum.
360 942 434 973 Non
461 950 508 974 est
534 944 631 985 igitur
654 949 706 975 aut
731 943 829 974 Pater
846 946 976 986 agitans
999 950 1056 976 aut
1078 950 1203 976 tantuin

227 987 360 1027 agitatio
386 992 496 1017 creata
520 997 538 1017 a
563 986 670 1017 Patre.

313 1046 397 1076 Sunt
426 1053 457 1076 et
486 1046 569 1077 haec
600 1056 764 1087 personae
786 1046 937 1087 propria:
983 1045 1078 1078 Alius
1101 1046 1203 1078 Para-

227 1087 350 1126 cletus,
385 1089 440 1129 qui
463 1089 593 1120 docebit
615 1099 692 1126 vos,
728 1094 761 1119 et
783 1099 867 1129 quae
892 1089 1016 1127 audiet,
1040 1088 1203 1130 loquetur.

227 1132 261 1162 Si
286 1132 428 1171 Spiritus
458 1131 661 1172 signiticaret
683 1132 896 1172 agitationem
920 1137 1080 1170 creatam,
1113 1138 1203 1163 esset

227 1175 388 1210 doctrina,
412 1184 478 1204 non
501 1175 618 1205 doctor
640 1173 726 1205 alius
750 1173 880 1205 aPatre
904 1180 936 1205 et
948 1173 1042 1212 Filio,
1065 1175 1201 1206 audiens

226 1223 256 1247 et
279 1217 456 1256 accipiens.

311 1276 368 1306 Sic
403 1283 433 1306 et
457 1275 582 1307 Paulus
607 1276 636 1306 l.
666 1274 743 1306 For.
769 1276 819 1306 12.
845 1279 907 1314 [vs.
934 1276 997 1315 11.]
1023 1276 1112 1307 clare
1136 1278 1200 1308 dis-

226 1320 327 1350 cernit
353 1318 509 1358 Spiritum
539 1326 689 1350 sanctum
721 1329 740 1349 a
763 1319 858 1349 donis
876 1320 1008 1357 creatis,
1032 1326 1201 1351 auctorem

225 1363 265 1392 ab
279 1361 466 1392 effectibus:
492 1361 619 1399 Omnia,
643 1362 807 1402 inquiens,
830 1361 913 1393 haec
937 1360 1038 1393 efficit
1061 1373 1146 1394 unus
1170 1367 1202 1393 et

225 1405 307 1435 idem
331 1404 483 1445 Spiritus.

310 1455 433 1486 Eodem
467 1455 565 1486 modo
600 1454 743 1496 loquitur
770 1455 864 1487 Rom.
899 1455 983 1492 S.⁶⁷)
1020 1459 1082 1493 [vs.
1119 1455 1200 1495 16.:]

224 1498 297 1539 lpse
321 1498 462 1538 Spiritus
483 1498 537 1528 dat
562 1499 781 1529 testimonium
804 1499 931 1539 spiritui
953 1504 1079 1529 nostro.
1124 1498 1201 1529 Dis-

225 1541 326 1571 cernit
358 1541 410 1571 hic
446 1551 577 1582 quoque
604 1547 789 1572 moventem
814 1548 845 1572 et
876 1540 1104 1573 consolantem
1128 1541 1201 1581 Spi-

224 1585 319 1614 ritum
344 1589 492 1614 sanctum
516 1594 535 1614 a
559 1583 804 1622 consolatione,
836 1594 900 1625 qua
931 1594 988 1615 cor
1012 1584 1147 1626 erigitur
1170 1589 1202 1615 et

223 1626 417 1657 vivificatur.

309 1677 433 1708 Eodem
468 1678 564 1708 modo
599 1675 743 1718 loquitur
776 1677 806 1708 2.
843 1677 920 1708 Cor.
954 1677 984 1708 3.
1015 1681 1080 1716 [vs.
1118 1677 1199 1715 18.:]

223 1719 509 1751 Transformamur
543 1726 699 1760 tanquam
733 1731 753 1750 a
785 1719 919 1751 Domini
953 1721 1079 1761 spiritu.
1136 1720 1201 1751 Ubi

223 1765 319 1794 etiam
350 1763 539 1794 effectorem
568 1763 725 1793 discernit
754 1774 774 1793 a
805 1769 917 1794 creata
939 1764 971 1794 in
994 1764 1090 1794 nobis
1113 1763 1200 1801 luce,

224 1812 255 1837 ut
280 1807 323 1836 ibi
346 1806 466 1847 inquit,
500 1806 532 1836 id
562 1812 628 1843 est,
663 1816 681 1836 a
705 1804 798 1837 clara
821 1812 853 1837 et
876 1805 969 1837 firma
1002 1807 1135 1845 notitia,
1168 1807 1200 1837 id

222 1855 283 1886 est,
307 1848 399 1879 firma
423 1848 486 1879 fide
506 1854 536 1879 et
561 1848 780 1879 invocatione.

308 1899 433 1930 Eodem
456 1898 531 1930 loco
554 1909 715 1940 expresse
739 1900 828 1938 dicit,
851 1900 1010 1940 Spiritum
1033 1910 1110 1930 esse
1132 1899 1200 1931 Do-

222 1943 358 1979 minum,
382 1943 415 1973 id
438 1948 499 1979 est,
522 1942 653 1978 Deum;
687 1952 762 1972 nam
786 1953 860 1974 cum
882 1944 1003 1983 inquit,
1036 1942 1199 1974 Dominus

221 1992 271 2015 est
295 1985 449 2024 Spiritus,
472 1983 630 2016 articulus
655 1985 764 2015 tribuit
786 1986 907 2016 nomini
927 1986 1068 2026 Spiritus
1090 1984 1201 2017 locum

221 2035 251 2057 ct
276 2027 474 2058 intellectum
497 2028 650 2058 subiecti.
690 2026 731 2058 Et
753 2028 803 2059 sic
825 2027 970 2059 Basilius
995 2039 1068 2059 eum
1091 2027 1200 2059 locum

222 2071 310 2101 citat.

306 2122 402 2156 Quod
425 2128 535 2152 autem
559 2121 703 2162 Spiritus
727 2127 865 2152 sanctus
890 2120 999 2160 fuerit,
1023 2127 1200 2162 antequam

221 2174 354 2195 carnem
377 2165 479 2195 induit
503 2163 604 2194 Filius
624 2163 698 2201 Dei,
718 2165 895 2205 perspicue
916 2170 1056 2195 testatur
1068 2164 1200 2200 Penus,

221 2218 293 2238 cum
306 2207 407 2247 inquit
422 2208 462 2237 de
475 2206 642 2247 prophetis
657 2207 699 2243 [l.
719 2217 770 2247 ep.
787 2207 815 2244 l,
830 2207 896 2245 111:
916 2207 1061 2247 Spiritus
1080 2206 1201 2237 Christi
1220 2220 1223 2247 Ι

219 2251 251 2280 in
265 2250 312 2279 eis
324 2250 518 2289 praedicens
528 2249 692 2280 Christum
705 2259 881 2290 passurum
893 2260 979 2280 esse.
1003 2250 1066 2281 Hic
1079 2250 1201 2281 diserte

219 2298 359 2323 vocatur
383 2291 505 2323 Christi
528 2292 673 2332 spiritus,
697 2293 751 2333 qui
776 2291 835 2322 fnit
857 2293 888 2323 in
912 2292 1101 2333 Prophetis.
1135 2292 1199 2322 Eo-

221 2335 293 2365 dem
327 2335 426 2376 igitur
449 2335 573 2375 Spiritu
597 2341 714 2366 sancto
739 2341 770 2366 et
794 2334 912 2366 Patres
937 2341 969 2367 et
992 2334 1145 2376 Apostoli
1169 2340 1200 2365 et

221 2473 268 2503 66)
290 2472 408 2503 spiritus]
437 2472 508 2497 Editt.
542 2472 578 2496 16.
610 2472 647 2494 17.
679 2472 718 2497 21.
747 2472 786 2497 22.
813 2473 853 2498 24.
882 2473 934 2503 28,
961 2473 1200 2505 Opp.1.2‚Spiri—

289 2510 340 2531 tum

219 2558 265 2587 67)
284 2558 321 2588 8.]
339 2557 411 2582 Editt.
433 2557 472 2580 22.
494 2557 532 2582 24.
552 2557 599 2587 28.,
620 2557 678 2588 opp.
700 2558 720 2582 1.
740 2557 762 2581 2.
781 2558 862 2583 male:
881 2559 905 2583 7.

875 113 985 144 PHIL.
1004 113 1107 146 MEL.
1131 114 1319 148 SCRIPTA
1334 116 1603 151 DOGMATICA
1620 114 1627 132 ²

2165 125 2232 158 632

1251 211 1295 250 pii
1319 211 1485 252 deinceps,
1508 211 1573 243 hoc
1595 217 1657 249 est,
1678 223 1792 244 omnes
1805 214 1899 246 electi
1913 217 2063 248 omnibus
2077 220 2230 259 tempori-

1253 253 1315 284 bus
1339 255 1535 285 sanctificati
1560 260 1646 286 sunt.

1337 296 1438 337 quue
1472 296 1573 327 inulto
1615 296 1776 328 illustrius
1814 299 1935 330 docent
1970 301 2073 332 verba
2103 301 2230 334 {esaiae

1250 336 1301 367 59.
1316 339 1438 376 [vs.2l.
1449 342 1473 378 z]
1485 339 1557 370 Hoc
1570 338 1688 371 foedus
1696 350 1801 371 meum
1814 351 1887 372 cum
1899 343 1958 380 eis,
1967 344 2045 374 dicit
2052 343 2228 382 Dominus,

1250 380 1391 421 Spiritus
1410 391 1515 419 meuS,
1533 383 1587 423 qui
1601 388 1651 412 est
1668 383 1700 413 ln
1713 388 1755 420 te,
1768 388 1801 413 et
1811 385 1915 414 verba
1926 395 2010 422 mea,
2027 395 2112 426 quae
2130 388 2228 428 posui

1249 423 1281 452 in
1294 433 1351 453 ore
1363 428 1431 457 tuo,
1440 434 1506 454 non
1520 425 1676 455 recedent
1688 426 1729 455 ab
1743 436 1800 456 ore
1811 432 1880 462 tuo,
1893 436 1954 457 nec
1968 428 2009 458 ab
2023 438 2080 460 ore
2093 430 2226 460 seminis

1250 465 1305 503 tui,
1319 466 1395 496 dicit
1407 465 1581 503 Dominus,
1600 468 1757 508 deinceps
1776 470 1851 499 etin
1864 470 2104 509 sempiternum.
2139 471 2227 503 Eun-

1249 507 1322 537 dem
1336 507 1489 548 Spiritum
1508 510 1554 540 ait
1575 519 1651 540 esse
1672 511 1703 539 in
1722 510 1826 540 lesaia
1848 511 1925 541 etin
1941 517 2010 542 tota
2022 512 2172 544 Ecclesia
2183 514 2227 545 ad

1249 559 1377 580 omnem
1410 552 1645 581 aeternitatem.
1693 552 1766 581 Non
1801 552 1900 593 igitur
1923 559 2044 584 tantum
2073 561 2150 595 post
2173 565 2226 587 re-

1249 593 1487 622 surrectionem
1511 591 1635 623 Christi
1659 593 1783 625 effusus
1807 600 1858 625 est
1880 596 1912 625 in
1935 602 2072 635 pectora
2094 603 2226 629 sancto-

1249 643 1320 663 rum
1348 633 1491 674 Spiritus
1522 642 1678 673 sanctus,
1708 637 1768 666 sed
1798 647 1928 678 semper
1957 639 2073 670 eodem
2101 640 2226 680 Spiritu

1248 681 1364 707 sancto
1399 687 1513 707 omnes
1548 677 1643 708 electi
1678 679 1874 710 sanctificati
1899 686 1984 711 sunt.
2030 681 2072 712 Et
2095 682 2226 722 quidem

1248 718 1369 748 dictum
1392 719 1517 749 {esaiae
1545 719 1769 751 dulcissimam
1800 722 1981 752 doctrinam
2010 730 2042 754 et
2073 723 2226 756 consola-

1246 761 1366 790 tionem
1399 762 1569 801 proponit,
1602 760 1756 792 Affirmat
1784 773 1914 803 semper
1936 774 2125 796 mansuram
2148 775 2225 797 esse

1247 802 1432 833 Ecclesiam
1455 803 1535 840 Dei,
1570 810 1602 835 et
1628 805 1672 834 ibi
1703 814 1907 842 mansuram,
1940 807 1995 837 ubi
2030 813 2126 838 sonat
2157 818 2224 839 vox

1246 844 1428 887 Evangelii,
1452 851 1484 875 et
1506 857 1579 877 cum
1602 856 1640 877 ea
1662 856 1747 877 voce
1771 846 1940 878 efficacem
1969 859 2045 879 esse
2067 849 2224 890 Spiritum

1247 894 1408 919 sanctum.
1454 887 1494 919 Et
1529 888 1631 919 Zach.
1667 889 1695 918 7.
1732 892 1794 926 [vs.
1832 890 1894 928 12]
1930 891 2064 921 dicitur:
2100 891 2224 931 Verba,

1247 940 1332 971 quae
1361 931 1446 961 misit
1476 931 1638 961 Dominus
1667 933 1869 962 exercituum
1897 933 1929 962 in
1957 932 2079 972 Spiritu
2107 940 2224 966 sancto

1246 983 1305 1012 per
1327 984 1458 1004 manum
1481 973 1719 1014 Prophetarum
1741 976 1896 1014 priorum.
1921 975 1993 1006 Hoc
2017 976 2103 1007 dicto
2126 977 2224 1008 etiam

1246 1021 1419 1057 utrumque
1454 1014 1652 1054 affirmatur,
1692 1022 1723 1047 et
1757 1018 1960 1058 gubernatos
1991 1027 2067 1048 esse
2101 1018 2224 1059 Spiritu

1246 1064 1362 1089 sancto
1384 1058 1569 1099 Prophetas
1600 1064 1631 1089 et
1660 1060 1797 1090 verbum
1819 1059 1882 1090 Dei
1904 1070 1970 1090 non
1994 1070 2071 1091 esse
2093 1061 2224 1093 inanem

1246 1102 1406 1138 sonitum,
1440 1102 1499 1132 sed
1528 1102 1648 1132 adesse
1670 1102 1825 1142 Spiritum
1847 1108 1997 1134 sanctum
2024 1109 2055 1133 et
2076 1113 2117 1134 ea
2140 1113 2223 1135 voce

1246 1154 1380 1174 movere
1403 1150 1434 1175 et
1458 1145 1643 1175 accendere
1665 1150 1804 1182 mentes,
1837 1145 1926 1185 quod
1949 1145 2133 1177 firmissime
2157 1152 2223 1177 sta·

1244 1188 1400 1217 tuendum
1430 1192 1480 1217 est
1508 1188 1587 1226 piiS,
1621 1193 1657 1217 ut
1687 1188 1792 1217 sciant
1821 1197 1900 1218 vere
1922 1186 2030 1218 Deum
2054 1187 2224 1219 efficacem

1245 1239 1320 1259 esse
1348 1239 1408 1269 per
1435 1231 1571 1260 verbum
1601 1240 1696 1260 suum
1724 1230 1756 1259 in
1779 1231 1942 1261 mentibus
1965 1231 2168 1262 credentium
2190 1236 2224 1262 et

1244 1273 1276 1302 in
1306 1273 1353 1302 eis
1383 1272 1567 1303 accendere
1594 1273 1693 1302 vitam
1723 1279 1907 1308 aeternam,
1932 1277 1976 1302 'ut
2000 1271 2072 1303 Gral-
2101 1273 2132 1304 3.
2158 1277 2222 1311 [vs-

1246 1315 1310 1352 14.]
1336 1315 1469 1345 dicitur:
1515 1314 1558 1344 Ut
1580 1314 1832 1354 promissionem
1855 1314 1998 1354 Spiritus
2021 1316 2222 1355 accipiamus

1244 1367 1304 1398 per
1326 1357 1434 1394 fidem,
1454 1362 1489 1387 ut
1511 1356 1596 1387 infra
1617 1367 1734 1387 rursus
1758 1357 1875 1387 dicam.

1330 1399 1379 1430 lta
1402 1406 1434 1429 et
1456 1399 1580 1429 lesaias
1605 1409 1676 1439 cap.
1700 1398 1752 1429 63.
1777 1402 1839 1436 [vs.
1866 1398 1928 1435 11.]
1959 1396 2100 1429 affirmat
2122 1399 2224 1440 Spiri-

1244 1448 1313 1472 tum
1357 1447 1508 1472 sanctum
1552 1440 1655 1471 fuisse
1695 1442 1865 1472 ductorem
1904 1445 1936 1471 et
1968 1441 2224 1481 gubernatorem

1245 1485 1355 1525 Moysi
1389 1490 1421 1514 et
1453 1483 1566 1525 populi
1599 1484 1631 1514 in
1662 1484 1798 1514 diserto.
1845 1483 1918 1518 Quo
1948 1483 2036 1514 dicto
2060 1484 2224 1524 significat

1244 1537 1376 1567 semper
1403 1527 1521 1557 adesse
1550 1526 1707 1567 Spiritum
1737 1531 1888 1557 sanctum
1918 1526 1951 1556 in
1973 1524 2125 1557 Ecclesia
2148 1526 2222 1558 Dei.

1244 1570 1300 1601 Sic
1331 1569 1482 1600 Christus
1513 1567 1603 1600 clare
1634 1569 1711 1600 dicit
1734 1569 1823 1600 Ioan.
1850 1569 1899 1599 14.
1925 1572 1987 1606 [vs.
2015 1568 2076 1607 16.]
2122 1568 2224 1600 Dabit

1243 1613 1340 1643 vobis
1374 1611 1472 1643 alium
1501 1611 1726 1649 Paracletum,
1759 1618 1795 1643 ut
1824 1616 1955 1642 maneat
1986 1612 2161 1643 vobiscum
2189 1613 2224 1643 in

1243 1655 1485 1696 sempiternum,
1499 1655 1655 1694 Spiritum
1677 1655 1836 1685 veritatis.
1860 1654 1975 1684 Verba
1991 1653 2116 1685 lesaiae
2138 1654 2223 1685 haec

1245 1705 1340 1728 sunt:
1365 1695 1429 1728 Ubi
1453 1703 1514 1735 est,
1538 1697 1592 1738 qui
1617 1698 1727 1727 eduxit
1750 1707 1808 1727 eos
1827 1697 1868 1727 de
1890 1697 1971 1727 mari
1995 1707 2069 1728 cum
2087 1703 2224 1737 pastore

1245 1741 1358 1782 gregis
1383 1738 1451 1776 sui3
1475 1740 1530 1770 ubi
1554 1745 1616 1777 est,
1639 1740 1692 1780 qui
1715 1741 1825 1780 posuit
1848 1740 1879 1769 in
1904 1749 1943 1770 eo
1967 1739 2123 1780 Spiritum
2146 1749 2223 1770 san-

1245 1789 1333 1814 ctum
1356 1794 1462 1820 suum,
1486 1783 1538 1823 qui
1563 1783 1673 1813 eduxit
1696 1783 1812 1813 dextra
1829 1781 1971 1823 Moysen
1996 1781 2131 1813 brachio
2155 1792 2222 1813 ma-

1244 1827 1371 1856 iestatis
1396 1835 1488 1863 suae,
1512 1826 1567 1866 qui
1591 1825 1688 1855 scidit
1711 1835 1814 1866 aquas
1838 1830 1913 1855 ante
1938 1825 2018 1855 eos?
2041 1824 2082 1855 Et
2106 1825 2223 1856 deinde

1244 1869 1351 1899 addit:
1376 1868 1517 1908 Spiritus
1540 1867 1673 1898 Domini
1697 1868 1815 1898 ductor
1838 1867 1907 1897 eius
1929 1865 1999 1896 fuit.

1330 1910 1420 1941 Haec
1445 1911 1531 1941 dicta
1554 1911 1733 1941 ostendunt
1757 1910 1938 1940 doctrinam
1957 1910 1998 1939 (le
2011 1909 2135 1950 Spiritu
2147 1919 2222 1940 san-

1244 1959 1298 1984 cto
1333 1954 1480 1984 extitisse
1512 1954 1545 1983 in
1567 1951 1719 1983 Ecclesia
1743 1952 1876 1982 Patrum
1911 1957 1943 1981 et
1975 1952 2220 1992 prophetarum.

1244 1996 1320 2027 ldeo
1345 1997 1442 2026 etiam
1464 2001 1595 2026 veteres
1620 1995 1684 2025 hoc
1707 1995 1828 2025 dictum
1851 1995 1884 2024 in
1909 1993 2031 2024 Genesi
2054 1993 2221 2025 intellexe-

1244 2044 1318 2069 runt
1343 2039 1383 2069 de
1407 2038 1532 2079 Spiritu
1555 2043 1688 2075 sancto,
1712 2038 1766 2078 qui
1789 2043 1841 2067 est
1864 2047 2007 2077 persona
2031 2037 2220 2068 divinitatis.

1242 2081 1285 2112 Et
1319 2081 1463 2121 Spiritus
1493 2080 1625 2110 Domini
1659 2079 1828 2110 ferebatur
1861 2089 1963 2120 super
1996 2089 2111 2120 aquas.
2163 2079 2222 2111 Sic

1244 2124 1329 2154 enim
1353 2124 1397 2153 ait
1420 2121 1582 2154 Basilius:
1613 2122 1692 2154 Sive
1715 2123 1803 2163 quod
1826 2123 1937 2153 verius
1961 2127 2012 2152 est
2035 2127 2066 2153 et
2089 2131 2222 2152 enarra-

1243 2172 1311 2197 tum
1335 2166 1376 2196 ab
1406 2166 1456 2203 iis,
1481 2166 1534 2205 qui
1559 2171 1633 2196 ante
1655 2175 1717 2196 nos
1741 2165 1888 2202 thei-unt,
1916 2163 2060 2205 loquitur
2083 2165 2124 2195 de
2147 2164 2222 2205 Spi-

1243 2209 1307 2239 ritu
1341 2214 1456 2238 sancto
1484 2207 1564 2245 Dei,
1599 2208 1675 2248 quia
1703 2209 1867 2247 scriptura
1894 2207 1960 2238 hoc
1983 2208 2150 2245 observat,
2185 2213 2222 2238 ut

1244 2261 1317 2282 cum
1341 2251 1396 2287 ait,
1420 2250 1561 2291 Spiritus
1586 2251 1665 2288 Dei,
1694 2249 1855 2291 intelligat
1878 2250 2033 2290 Spiritum
2056 2255 2220 2288 sanctum,

1244 2294 1298 2334 qui
1331 2298 1382 2323 est
1414 2293 1543 2324 divinae
1575 2293 1743 2323 Trinitatis
1772 2293 1868 2323 tertia
1900 2302 2054 2333 persona.
2106 2293 2158 2323 Ac
2191 2292 2221 2323 si

1243 2335 1308 2366 hoc
1330 2336 1429 2366 modo
1453 2334 1615 2377 intelliges
1640 2336 1759 2366 dictum
1782 2335 1904 2376 Moysi,
1928 2336 2083 2366 maiorem
2106 2335 2220 2375 capies

1242 2377 1422 2409 utilitatem.
1468 2378 1643 2413 Quomodo
1672 2379 1756 2408 enim
1780 2377 1947 2409 serebatur
1970 2388 2071 2418 super
2093 2376 2220 2418 aquas?

1242 2421 1395 2451 Narrabo
1430 2422 1486 2452 tibi
1521 2431 1705 2452 sermonem
1739 2420 1816 2462 Syri
1850 2421 2037 2459 cuiusdam,
2072 2421 2126 2461 qui
2160 2420 2220 2457 ait,

1243 2463 1369 2494 Vocem
1398 2463 1453 2494 hic
1483 2465 1623 2504 positam
1647 2463 1833 2503 significare
1856 2464 1955 2496 idem,
1986 2464 2074 2504 quod
2105 2462 2220 2493 fovere

1242 2505 1332 2537 vitali
1361 2505 1491 2544 calore,
1522 2507 1607 2537 sicut
1631 2507 1703 2537 avis
1726 2507 1885 2536 incubans
1908 2504 1999 2537 fovet
2022 2515 2096 2537 ova.
2134 2505 2219 2536 Hac-

1244 2555 1338 2579 tenus
1372 2548 1528 2580 Basilius.
1587 2549 1654 2580 Sed
1693 2549 1880 2580 testimonia
1913 2559 1953 2580 ex
1982 2558 2070 2580 novo
2105 2547 2219 2580 Testa-
