2358 2933
125 114 184 146 321

280 204 352 245 quis
377 203 497 233 acerbe
520 200 627 232 locum
645 201 774 238 urserit,
793 201 941 241 sequitur
953 201 1101 231 absurdi-

279 252 329 277 tas
359 250 395 276 ut
428 254 530 285 supra
558 243 671 274 Fidem
694 242 773 274 nihil
796 241 1000 283 profuturam
1024 252 1100 273 esse

278 289 349 318 sine
378 286 526 327 perfecta
558 285 732 317 dilectione
768 286 817 316 Ita
846 295 942 315 nemo
985 283 1099 315 salvus

277 330 382 361 fieret.

276 415 405 455 peccati
424 420 455 444 et
472 415 597 444 mortis.
633 413 710 444 ldeo
722 411 818 443 facile
832 413 966 442 iudicari
989 417 1099 452 potest

277 458 365 498 quod
398 467 464 487 non
498 456 679 486 habeamus
719 455 947 485 remissionem
981 464 1098 495 pecca-

276 506 383 530 torum
408 505 543 539 propter
573 504 720 528 nostram
751 496 969 527 dilectionem.
1019 497 1098 527 Item

277 553 319 573 ne
351 542 480 583 quidem
505 541 647 571 existere
671 539 801 570 dilectio
832 540 883 569 dei
902 544 1011 579 potest
1034 539 1097 568 nisi

276 584 480 616 conscientia
494 583 585 623 prius
604 582 668 612 fide
688 587 807 622 pacata
826 582 879 619 sit,
903 580 944 611 Et
962 591 1001 611 ea
1014 581 1096 612 fides

276 633 399 658 tantum
422 626 532 656 nititur
554 625 779 655 misericordia
802 629 834 654 et
857 634 923 654 non
939 624 1097 664 dignitate

275 675 412 700 nostrae
446 667 640 698 dilectionis.
687 667 763 697 ldeo
793 676 859 696 non
883 667 1097 696 iustificamur

274 717 411 752 propter
446 715 593 740 nostram
627 709 833 740 dilectionem
871 709 933 738 etsi
966 707 1097 738 dilectio

274 754 373 785 fidem
396 753 544 782 comitari
568 752 676 782 debet.
721 752 791 782 Nos
821 751 917 791 igitur
944 750 1097 790 simpliei—

274 797 376 830 ἵει-49)
391 800 420 825 et
432 794 530 834 plane
545 795 722 825 retinemus
734 795 766 824 in
778 792 882 824 Paulo
895 793 927 823 τὸ
946 793 1029 834 ῥητὸν
1040 795 1097 829 ⁵⁰),

274 838 467 869 Adversarii
479 847 545 867 non
552 836 883 877 Γθῖίηθῃιτὸρητὼῴθ)
897 834 1098 877 etJaffingunt

275 881 575 920 interpretationem
599 885 797 919 pugnantem
822 888 895 909 cum
918 876 990 908 aliis
1013 878 1097 909 locis

275 922 368 954 Pauli
392 928 423 952 et
446 921 551 952 falsas
575 922 745 961 opiniones
769 922 967 961 gignentem.
1011 920 1098 955 Qua-

274 975 310 995 re
332 974 398 995 non
422 964 560 994 afferunt
579 969 695 994 contra
723 974 785 994 nos
809 962 945 993 Paulum
970 964 1028 993 sed
1052 964 1098 992 in—

274 1007 527 1047 terpretationes
550 1007 591 1036 ab
616 1007 697 1045 ipsis
718 1005 879 1035 confictas
896 1005 1013 1045 quibus
1031 1015 1097 1035 non

274 1055 325 1079 est
355 1058 496 1078 necesse
524 1048 688 1077 assentiri.
741 1047 870 1077 Deinde
897 1052 933 1077 ut
959 1048 1098 1077 maxime

275 1091 474 1122 contendant
514 1088 687 1120 dilectione
727 1089 898 1120 iustificari
936 1088 1097 1127 homines,

274 1138 382 1164 tamen
415 1141 556 1162 necesse
590 1132 650 1162 erit
683 1132 730 1163 eis
765 1132 887 1162 addere
920 1132 1097 1162 correctio-

273 1185 365 1212 nem,
397 1175 561 1215 quomodo
593 1174 748 1204 iustificet
771 1172 902 1204 dilectio
927 1184 999 1204 eum
1022 1185 1097 1214 pro-

276 1216 328 1249 cul
352 1218 439 1247 absit
462 1227 481 1246 a
503 1215 766 1257 perfectione,⁵¹j)
790 1216 917 1247 etiamsi
940 1215 1006 1257 legi
1030 1227 1096 1247 non

275 1258 425 1290 satisfiat.
456 1258 547 1288 Haec
570 1259 599 1288 si
622 1258 843 1299 explicabunt,
867 1269 922 1289 res
946 1259 1019 1299 ipsa
1043 1270 1096 1290 co-

275 1307 330 1343 get
354 1311 412 1331 eos
437 1311 594 1341 quaerere
616 1301 770 1332 iustitiam
793 1301 876 1331 fidei.

634 1384 744 1416 Aliud.

316 1443 457 1476 Dilectio
492 1449 544 1476 est
572 1445 730 1482 maxima,
764 1454 844 1485 ergo
867 1450 1002 1485 propter
1025 1454 1096 1476 eam

275 1497 387 1518 simius
420 1487 507 1524 iusti,
532 1487 534 1511 Ι
561 1486 722 1527 Neganda
755 1492 806 1517 est
847 1489 1096 1528 consequentia,

275 1530 351 1569 quia
378 1528 460 1560 haec
488 1530 634 1559 inversio
661 1539 742 1560 vera
769 1535 832 1559 est.
876 1529 1020 1560 Dilectio
1045 1536 1096 1560 est

273 1572 411 1601 maxima
435 1572 550 1601 w'rtus.
573 1572 671 1612 igitur
694 1572 836 1602 omnium
859 1572 988 1602 minime
1007 1573 1096 1603 iusti-

273 1613 361 1651 ficat,
386 1614 461 1653 quia
483 1612 676 1654 longissime
699 1614 856 1644 absumus
880 1624 900 1644 a
922 1613 1096 1654 perfectio-

273 1666 315 1686 ne
339 1666 485 1686 summae
507 1654 592 1696 legis
615 1666 655 1685 ac
679 1666 826 1686 summac
847 1657 988 1687 virtutis,
1012 1657 1097 1687 Nam

272 1697 356 1728 haec
386 1699 460 1737 ipsa
494 1708 597 1728 causa
627 1703 678 1727 est
712 1708 770 1728 cur
798 1697 1013 1739 Evangelium
1040 1699 1096 1729 do-

274 1746 348 1770 ceat
374 1750 437 1770 nos
468 1745 602 1779 propter
632 1738 719 1771 aliud
742 1746 836 1770 extra
857 1751 920 1771 nos
943 1740 1097 1772 videlicet

272 1788 408 1822 propter
442 1782 701 1812 misericordiam
734 1784 944 1822 pronunciari
978 1784 1097 1821 iustos,

272 1825 349 1865 quia
371 1835 436 1855 non
455 1835 633 1864 possumus
657 1823 723 1866 legi
746 1824 941 1856 satisfacere
959 1825 1001 1855 Et
1025 1837 1097 1857 cuni

271 1866 489 1909 Evangelium
512 1868 630 1898 doceat
653 1877 716 1897 nos
740 1874 875 1907 propter
897 1868 986 1899 aliud
1004 1877 1097 1899 extra

273 1920 336 1939 nos
360 1910 570 1950 pronunciari
592 1910 709 1947 iustos,
739 1920 804 1941 non
828 1915 878 1940 est
900 1912 1097 1942 ratiocinan-

274 1953 350 1983 dum
381 1953 422 1983 de
444 1952 676 1983 iustificatione
705 1962 746 1982 ex
776 1954 999 1994 magnitudine
1033 1955 1098 1984 vir-

274 2000 387 2025 tutum.
418 1994 485 2025 lmo
508 1995 540 2024 in
563 1995 636 2034 ipsa
658 1994 890 2026 iustificatione
913 1997 1098 2036 experimur

273 2047 337 2067 nos
355 2038 484 2068 minime
514 2047 615 2077 posse
637 2037 806 2068 iustificari
829 2044 966 2078 propter
990 2038 1097 2069 excel-

274 2078 405 2109 lentiam
439 2085 627 2110 nostrarum
656 2081 820 2111 virtutum.
866 2080 951 2111 lllud
973 2087 1098 2112 tantum

275 2122 491 2160 quaeritur-⁵²)
517 2132 581 2162 qua
603 2123 722 2153 virtute
745 2124 849 2163 accipi
872 2124 1099 2154 misericordia

275 2164 403 2194 debeat.
434 2164 558 2194 Postea
581 2175 673 2202 vero,
697 2167 772 2206 quia
795 2166 860 2196 fide
882 2167 958 2197 iusti
971 2177 1097 2203 sumus,

154 1495 194 1525 64,
213 1496 237 1520 b.

273 2205 382 2246 placet
409 2207 471 2237 deo
501 2207 686 2238 obedientia
714 2214 745 2239 et
767 2214 858 2239 recte
886 2209 921 2239 fit
944 2210 1120 2240 virtutum«

120 2349 166 2379 49)
184 2350 342 2382 simpliciter]
362 2352 419 2376 Ms.:
439 2353 506 2377 simr.

120 2400 165 2431 50)
186 2398 276 2433 ῥητὸν]
295 2402 340 2426 Ms-
360 2403 467 2433 utroque
486 2403 540 2427 loco
559 2403 650 2427 habet:
670 2410 752 2435 ριτον.

120 2452 165 2483 51)
184 2452 360 2484 perfectione]
382 2454 425 2478 Ms.
446 2454 561 2478 exhibet:
575 2452 772 2486 perfectione.
783 2455 875 2480 additis
888 2457 986 2481 verbis:
1001 2454 1036 2481 Si
1054 2458 1097 2480 ta-
1118 2464 1120 2473 ν

187 2484 230 2509 lia
249 2485 355 2517 vident,
375 2487 421 2512 sed
440 2489 580 2517 expunctis.

120 2536 165 2565 52)
183 2537 323 2568 quaeritur]
344 2539 404 2562 Ms.:
422 2539 535 2568 queritur

272 2595 391 2615 murra.
407 2595 473 2615 orna.
487 2596 537 2615 vor.
552 2597 602 2616 χχι.

428 328 603 360 Caeterum
622 329 704 359 haec
727 333 806 358 nota
824 333 911 365 sunt,
942 328 1029 367 quod
1053 328 1099 357 di-
1121 358 1122 369 ἵ

278 373 385 414 gnitas
408 378 525 402 nostra
553 381 618 401 non
641 376 751 411 potest
774 371 894 410 opponi
918 370 1098 400 terroribus
1120 374 1122 377 ⁴

569 111 593 139 1.
616 108 717 139 LOCI
740 107 1013 138 THEOLOGICI:
1038 107 1075 138 C.
1100 107 1311 140 SECUNDA
1333 108 1488 140 EORUM
1511 109 1668 141 AETAS.

1123 220 1125 244 s
1146 202 1305 241 quaedam
1329 201 1472 233 collatio.
1502 202 1585 233 Sunt
1609 203 1693 232 enim
1715 205 1869 234 virtutum
1893 215 1966 244 gra—

1122 244 1208 283 }dus
1255 254 1328 274 cum
1362 245 1454 284 ipsae
1492 245 1576 274 inter
1610 255 1688 275 sese
1724 253 1965 285 comparantur,

1121 296 1123 323 5
1145 286 1215 315 Nec
1238 288 1426 326 negandum
1450 292 1501 317 est
1525 288 1678 318 virtutem
1706 298 1783 318 esse
1806 299 1964 319 summam

1144 327 1228 368 legis
1252 328 1469 359 dilectionem.

1186 370 1295 401 Aliud.
1341 370 1482 401 Dilectio
1517 378 1568 401 est
1601 371 1746 411 impletio
1774 371 1858 413 legis
1884 383 1965 414 ergo

1142 418 1278 452 propter
1303 412 1509 443 dilectionem
1535 415 1609 443 iusti
1634 425 1758 445 sumus.
1805 415 1966 455 Neganda

1143 461 1194 484 est
1218 457 1463 495 consequentia.
1509 456 1584 485 Non
1608 457 1692 486 euim
1715 458 1801 487 idem
1826 465 1899 488 sunt
1921 459 1965 489 iu-

1143 496 1295 527 stificatio
1325 503 1354 527 et
1385 497 1528 537 impletio
1552 497 1638 539 legis
1663 498 1747 532 Quia
1770 500 1843 530 ideo
1868 501 1964 530 doce-

1142 545 1195 569 tur
1217 540 1339 569 iustitia
1359 539 1433 569 fidei
1457 540 1531 579 quia
1555 539 1630 581 lege
1649 550 1714 570 non
1739 551 1852 572 sumus
1876 543 1962 572 iusti.

1142 579 1280 611 Valeret
1299 587 1408 612 autem
1428 588 1655 621 argumentum
1674 583 1701 612 si
1719 582 1795 624 lege
1815 594 1964 614 essemus

1141 624 1226 654 iusti.
1264 622 1353 653 Alibi
1378 625 1535 663 scriptum
1559 630 1610 654 est
1629 624 1780 655 Christus
1805 632 1855 656 est
1881 637 1965 656 sum-

1142 676 1195 695 ma
1229 665 1315 706 legis
1351 667 1392 695 ad
1423 667 1575 697 iustitiam
1607 668 1693 697 omni
1729 669 1884 698 credenti.
1930 669 1965 698 ld

1143 713 1193 738 est
1223 710 1276 749 qui
1307 708 1409 738 credit
1440 710 1470 739 in
1495 708 1659 739 Christum
1688 709 1831 749 implevit
1859 710 1965 751 legem

1143 756 1204 780 etc.
1229 753 1370 781 Interest
1391 751 1490 789 igitur
1513 752 1597 781 inter
1620 750 1702 782 haec
1726 752 1812 782 dicta
1837 758 1839 781 fl
1865 753 1964 783 Fides

1143 798 1193 823 est
1232 792 1375 833 impletio
1404 784 1502 834 degis
1538 800 1569 823 et
1603 793 1732 824 dilectio
1770 801 1819 825 est
1854 794 1964 835 imple-

1143 836 1187 865 tio
1233 835 1329 876 legis.
1397 835 1495 866 Fides
1532 837 1617 866 enim
1657 842 1706 866 est
1741 837 1885 876 impletio
1919 836 1963 868 le-

1143 879 1195 918 gis
1226 878 1432 918 imputative,
1461 878 1526 908 hoc
1561 885 1610 908 est
1639 885 1773 918 propter
1797 879 1962 910 Christum

1142 926 1329 959 reputamur
1352 921 1428 950 iusti
1451 921 1589 960 proinde
1608 932 1647 951 ac
1670 922 1697 951 si
1714 921 1820 963 legem
1833 921 1963 961 imples-

1142 972 1264 993 semus.
1316 961 1458 993 Dilectio
1494 973 1573 993 vero
1611 969 1663 993 est
1697 963 1841 1004 impletio
1878 963 1963 1005 legis

1142 1003 1323 1034 formaliter
1337 1006 1382 1039 ⁵³⁷²)
1412 1005 1431 1034 i.
1456 1015 1484 1034 e.
1508 1006 1614 1044 ipsum
1634 1016 1716 1044 opus
1740 1005 1823 1046 legis
1843 1013 1895 1037 est
1918 1007 1962 1037 di-

1142 1045 1251 1083 lectio,
1285 1047 1383 1087 idque
1415 1047 1455 1076 de
1478 1047 1601 1077 iustitia
1624 1047 1707 1087 legis
1733 1054 1764 1077 et
1788 1048 1829 1077 de
1851 1049 1963 1088 specie

1142 1094 1234 1119 recte
1258 1089 1386 1126 dicitur,
1409 1088 1453 1119 Ut
1477 1090 1505 1119 si
1530 1091 1602 1129 quis
1626 1090 1712 1120 dicat
1724 1089 1871 1130 Impletio
1896 1102 1963 1122 mu-

1142 1132 1229 1161 sices
1254 1137 1304 1161 est
1323 1141 1452 1161 canere.
1494 1131 1561 1162 Sed
1585 1133 1658 1172 quia
1683 1143 1745 1163 nos
1768 1143 1874 1173 neque
1891 1143 1963 1174 per-

1141 1172 1228 1203 fecte
1252 1172 1413 1214 diligimus
1437 1184 1543 1214 neque
1567 1173 1632 1215 legi
1657 1174 1876 1206 satisfacimus
1888 1176 1962 1206 ideo

1140 1217 1333 1256 proponitur
1357 1215 1444 1247 aliud
1468 1227 1532 1257 quo
1556 1217 1778 1248 iustificemur.
1814 1217 1856 1248 Et
1878 1217 1962 1249 Pau-

1140 1258 1193 1289 lus
1216 1260 1249 1288 in
1272 1257 1336 1289 hoc
1357 1259 1453 1289 dicto.
1499 1258 1642 1289 Dilectio
1667 1265 1717 1289 est
1734 1259 1901 1300 plenitudo
1918 1259 1963 1290 le-

1143 1302 1193 1342 gis
1228 1300 1293 1331 hoc
1326 1302 1431 1340 ipsum
1465 1302 1532 1342 agit
1566 1308 1601 1331 ut
1631 1303 1784 1332 ostendat
1817 1303 1893 1342 quid
1922 1303 1963 1333 sit

1140 1343 1206 1380 lex,
1229 1353 1296 1373 non
1319 1342 1383 1374 hoc
1406 1344 1473 1384 agit
1496 1344 1645 1374 homines
1668 1345 1773 1375 iustos
1797 1355 1872 1375 esse
1887 1355 1963 1385 pro-

1140 1387 1212 1427 pria
1239 1384 1323 1427 legis
1357 1385 1544 1426 impletione
1577 1387 1638 1417 sed
1673 1388 1887 1418 concionatur
1923 1388 1964 1417 de

1142 1429 1296 1468 operibus
1320 1434 1352 1459 et
1375 1429 1559 1459 obedientia
1582 1439 1662 1469 erga
1685 1428 1792 1470 legem
1811 1439 1894 1470 quae
1911 1439 1962 1460 se-

1141 1471 1196 1511 qui
1226 1470 1323 1501 fidem
1354 1471 1460 1501 debet.
1507 1470 1679 1505 Quomodo
1703 1478 1811 1502 autem
1833 1471 1963 1511 placeat

1139 1513 1223 1543 haec
1268 1514 1454 1543 obedientia
1498 1512 1629 1544 aliunde
1670 1520 1721 1544 est
1758 1515 1961 1545 discendum.

1139 1556 1223 1586 Nam
1246 1556 1274 1585 si
1293 1556 1366 1596 quis
1390 1556 1510 1586 acerbe
1533 1562 1650 1597 urgeat
1672 1556 1894 1597 impletionem
1915 1555 1962 1587 le-

1140 1599 1191 1638 gis
1216 1608 1292 1628 esse
1314 1598 1580 1629 iustificationem
1602 1599 1717 1629 iterum
1736 1601 1884 1639 sequitur
1906 1600 1963 1629 ab·

1139 1640 1283 1670 surditas
1312 1646 1346 1670 ut
1370 1650 1490 1680 supra,
1518 1651 1591 1671 cum
1619 1651 1714 1671 nemo
1745 1640 1811 1683 legi
1835 1640 1963 1672 satisfa-

1141 1683 1203 1712 ciat
1226 1683 1388 1713 neminem
1411 1682 1539 1714 salvum
1563 1682 1644 1713 fore.

1497 1749 1606 1780 Aliud.

1183 1809 1257 1839 Non
1292 1809 1471 1847 auditores,
1506 1810 1564 1840 sed
1598 1808 1744 1840 factores
1779 1811 1864 1851 legis
1887 1811 1963 1841 iusti

1140 1852 1414 1891 pronunciantur,
1449 1862 1529 1892 ergo
1564 1853 1716 1892 operibus
1740 1853 1962 1883 iustificamur.

1140 1894 1354 1934 Respondeo.
1399 1894 1586 1925 Antithesis
1607 1894 1797 1935 simpliciter
1820 1894 1964 1936 loquitur

1141 1938 1181 1967 de
1204 1938 1326 1968 iustitia
1348 1936 1443 1977 legis.
1489 1937 1536 1968 lbi
1567 1937 1652 1967 enim
1682 1943 1818 1968 accusat
1840 1937 1964 1968 Paulus

1140 1979 1281 2010 ludaeos
1307 1984 1339 2009 et
1364 1979 1577 2010 ratiocinatur
1605 1989 1663 2009 eos
1687 1979 1761 2021 lege
1785 1990 1851 2010 non
1874 1981 1964 2010 iusti-

1118 2040 1120 2059 ι
1140 2022 1230 2052 ficari
1255 2022 1330 2062 quia
1354 2022 1418 2062 legi
1442 2032 1507 2052 non
1531 2021 1749 2052 satisfaciunt.
1786 2022 1827 2052 Et
1851 2032 1964 2052 verum

1118 2062 1190 2115 {est
1214 2066 1305 2095 iuxta
1335 2064 1443 2104 legem
1468 2064 1575 2095 Iustus
1607 2070 1658 2095 est
1689 2065 1742 2105 qui
1778 2064 1845 2105 legi
1869 2065 1963 2095 satis-

1119 2120 1120 2135 π
1141 2106 1229 2137 facit.
1275 2107 1350 2137 Non
1371 2113 1422 2137 est
1444 2107 1550 2137 iustus
1574 2107 1628 2147 qui
1650 2117 1716 2137 non
1736 2107 1896 2137 satisfacit
1919 2106 1964 2137 le-

1118 2160 1120 2187 ς
1141 2151 1183 2190 gi.
1230 2149 1296 2180 Sed
1310 2148 1542 2190 'Evangelium
1567 2150 1721 2190 proponit
1748 2150 1844 2180 nobis
1867 2148 1965 2180 aliam

1118 2193 1304 2233 ;quandam
1333 2192 1488 2222 iustitiam
1517 2203 1581 2232 qua
1611 2193 1865 2232 pronunciantur
1887 2192 1963 2221 iusti

1140 2245 1198 2275 per
1221 2235 1477 2265 misericordiam
1501 2235 1626 2265 etiamsi
1649 2234 1715 2275 legi
1746 2244 1812 2264 non
1838 2240 1841 2268 l
1867 2234 1962 2264 satis-

1117 2276 1119 2295 Ἀ
1139 2276 1288 2307 facimus.
1348 2276 1477 2307 Deinde
1516 2277 1613 2307 docet
1657 2277 1820 2317 quomodo
1854 2282 1963 2307 tamen

1117 2299 1270 2360 [placeat
1303 2320 1489 2349 obedientia
1523 2329 1603 2360 erga
1636 2318 1743 2360 legem
1776 2320 1870 2360 quasi
1898 2318 1963 2360 legi

1117 2362 1182 2393 lsit
1216 2361 1430 2393 satisfacttun.
1497 2361 1606 2402 Atque
1644 2362 1689 2392 ita
1722 2362 1963 2392 accommodari

1999 753 2039 783 65,

1998 2245 2039 2275 65,

2055 113 2117 145 322

2058 760 2081 778 a.

2057 2246 2081 2269 b.

1141 2508 1186 2538 53)
1207 2508 1275 2531 Hanc
1297 2512 1385 2530 vocem
1412 2503 1585 2537 formaliter
1610 2506 1652 2530 Ms.
1675 2506 1777 2530 exhibet
1804 2506 1828 2530 in
1853 2505 1968 2535 margine
1993 2506 2114 2531 contextis

1210 2541 1381 2567 inserendam.

1932 2590 1963 2612 21
