2358 2933
77 133 138 166 281

117 1159 158 1190 26,
176 1166 198 1184 a.

121 2477 162 2506 26,
181 2476 203 2501 b.

523 127 546 156 1.
570 125 672 156 LOCI
694 122 971 155 THEOLOGICI:
996 122 1031 153 C.
1057 121 1269 154 SECUNDA
1291 119 1448 151 EORUM
1471 119 1627 151 AETAS.

234 222 326 254 miles
355 226 462 253 motus
497 218 694 259 spirituales.
751 218 796 247 Ita
824 222 933 257 potest
963 214 1058 245 intel-

234 265 290 307 ligi
315 265 392 305 quid
419 263 595 303 praecipue
623 260 917 301 reprehendanms,
942 264 973 287 et.
1001 268 1058 288 cur

236 309 276 339 de
305 306 410 337 libero
439 306 509 335 arb.
538 304 713 345 litigemus.
764 301 921 332 Rationes
949 305 1057 330 autem

235 351 330 381 huius
354 354 487 379 nostrae
512 356 672 378 censurae
695 355 754 375 seu
782 344 891 374 iudicii
918 342 1002 373 infra
1025 343 1057 372 in

234 391 298 424 illis
317 392 397 432 ipsis
415 389 497 420 locis
517 390 686 424 addemus,
710 388 742 417 in
761 387 879 426 quibus
899 385 962 415 hae
980 394 1057 414 con-

235 434 418 465 troversiae
442 433 639 472 repetendae
663 435 757 460 erunt
787 429 827 459 (16
856 434 995 468 peccato
1027 434 1059 457 et

236 478 276 508 de
300 475 385 517 lege.
416 475 477 506 Hic
498 481 606 505 tamen
629 472 811 502 meminerit
833 470 939 501 lector
962 480 1059 500 unam

235 520 409 555 rationem,
446 527 532 558 quae
573 513 745 556 synechon
786 514 885 543 totius
926 513 1059 553 negotii.

236 560 358 592 Paulus
376 558 498 600 ubique
522 558 690 589 contendit
706 555 856 586 homines
875 565 939 585 non
958 564 1059 595 posse

235 603 402 635 iustificari
425 602 510 643 lege.
533 601 598 631 hoc
621 606 671 630 est
695 609 761 629 non
784 598 994 638 pronunciari
1013 598 1059 627 iu-

236 653 306 677 stos
336 651 470 686 propter
499 644 583 684 legis
612 641 842 682 impletionem.
883 641 957 681 quia
993 649 1059 669 non

234 697 411 729 possumus
435 687 501 727 legi
524 684 727 716 satisfacere.
773 684 863 714 Haec
886 681 978 713 Pauli
995 683 1059 712 dis-

234 732 359 771 putatio
384 730 487 760 munit
517 735 663 758 nostram
684 728 879 757 sententiam
898 726 938 756 de
954 724 1059 755 libero

235 774 305 804 arb.
351 771 433 802 Tota
465 771 549 802 enim
579 770 808 800 controversia
837 769 878 799 de
908 768 963 798 lib.
987 768 1057 797 arb.

235 813 465 846 transferenda
488 820 537 844 est
562 813 604 843 ad
626 812 713 842 hunc
732 822 826 842 usum
844 816 880 841 ut
897 820 1060 851 agnosca-

235 868 307 889 mus
330 863 501 897 peccatum
525 856 557 886 in
579 861 697 886 natura
719 863 871 895 pugnans
897 863 969 883 cum
986 852 1060 892 lege

236 901 300 938 (161,
328 906 357 930 et
391 899 556 929 discamus
584 896 769 937 intelligere
803 897 985 927 doctrinam
1020 895 1061 925 de

236 943 342 983 gratia
365 948 396 972 et
422 942 461 971 de
487 941 561 971 fide.
597 940 663 971 Sed
684 938 882 970 Scholastici
906 939 1061 968 doctores

237 991 362 1015 tantum
384 983 527 1014 humano
552 992 643 1013 more
662 988 694 1012 et
718 980 855 1012 civiliter
877 980 1062 1010 iudicarunt

237 1028 277 1058 (16
300 1026 375 1066 lege
399 1027 492 1066 quasi
515 1024 569 1055 lex
588 1024 649 1054 Dei
672 1023 751 1054 nihil
776 1024 958 1063 requireret
974 1021 1063 1052 aliud

237 1079 333 1109 quam
356 1069 444 1108 quod
467 1066 629 1096 humanae
660 1072 690 1096 et
714 1064 867 1105 politicae
895 1064 988 1105 leges
1012 1074 1062 1094 re-

237 1111 380 1151 quirunt.
426 1110 539 1149 ltaque
562 1109 628 1139 hoc
651 1109 758 1148 ipsum
782 1106 955 1148 synechon
973 1107 1062 1137 vide-

236 1159 308 1184 tur!
335 1154 382 1183 eis
417 1152 689 1182 absurdissimum
725 1160 816 1188 esse,
851 1150 974 1180 sentire
1008 1147 1063 1178 vel

237 1196 358 1226 docere
381 1195 469 1234 quod
492 1193 641 1224 homines
664 1203 723 1233 per
746 1202 822 1223 sese
844 1202 910 1222 non
933 1191 1063 1231 possint

238 1238 371 1269 obedire
390 1236 456 1277 legi
480 1237 542 1273 dei,
567 1236 695 1266 videtur
714 1236 867 1274 desipere
891 1233 1064 1275 legislator

237 1281 291 1321 qui
314 1280 446 1309 mandat
469 1277 695 1318 impossibilia.
741 1276 848 1308 Stulte
877 1278 961 1307 enim
986 1286 1063 1306 con-

237 1324 282 1353 dit
305 1320 412 1362 legem
436 1321 487 1351 cui
510 1331 606 1351 nemo
630 1320 736 1360 possit
759 1329 886 1360 parere.
917 1319 988 1349 Hac
1006 1318 1063 1348 hu-

236 1374 332 1395 mana
361 1364 559 1404 cogitatione
588 1363 765 1403 praecipue
794 1362 873 1392 moti
901 1367 995 1398 sunt.
1029 1366 1064 1391 ut

237 1407 409 1438 docuerint
432 1405 497 1447 legi
521 1406 573 1436 dei
596 1405 749 1435 satisfieri
772 1414 873 1445 posse
895 1405 937 1435 ab
961 1403 1063 1434 homi-

237 1450 332 1481 nibus
360 1447 465 1479 libero
495 1449 565 1478 arb.
611 1448 692 1478 Item
721 1447 830 1488 legem
859 1447 912 1478 dei
939 1452 1064 1477 tantum

238 1493 278 1522 de
303 1490 455 1522 civilibus
478 1491 626 1521 moribus
644 1491 847 1530 praecipere,
870 1500 938 1520 non
956 1489 1063 1530 requi-

236 1544 311 1564 rere
344 1532 524 1573 perfectam
557 1539 695 1563 naturae
725 1533 962 1569 obedientiam,
996 1542 1063 1562 non

237 1576 389 1606 accusari
412 1582 585 1614 peccatum
608 1576 640 1605 111
659 1581 792 1613 natura,
817 1576 1063 1611 dubitationem,

238 1617 462 1654 diffidentiam,
487 1617 797 1656 concupiscentiam.
833 1617 950 1657 Neque
974 1617 1063 1656 quic-

238 1670 336 1701 quam
353 1659 489 1690 affertur
509 1658 711 1699 probabilius
731 1661 762 1689 in
783 1660 927 1699 speciem
948 1664 1064 1689 contra

237 1708 385 1733 nostram
408 1702 603 1732 sententiam
628 1702 668 1732 de
690 1701 746 1732 lib.
764 1703 834 1732 arb.
860 1712 957 1742 quam
975 1701 1064 1741 quod

238 1743 411 1776 ridiculum
435 1745 585 1775 videatur
608 1745 719 1774 dicere
742 1745 830 1784 quod
854 1744 946 1774 Deus
970 1753 1063 1783 prae-

239 1788 362 1827 ceperit
401 1785 627 1826 impossibilia.
673 1785 829 1826 Allegant
865 1787 960 1816 etiam
989 1785 1064 1816 Hie-

238 1831 365 1870 ronymi
389 1829 520 1859 dictum.
568 1829 603 1859 Si
633 1830 706 1869 quis
735 1830 852 1859 dixerit
881 1830 976 1859 deum
1004 1828 1064 1858 lm-

237 1870 408 1913 possibilia
420 1872 632 1911 praecepisse
645 1871 819 1902 anathema
832 1872 883 1901 sit.
919 1870 1063 1901 Proinde

237 1916 381 1946 breviter
406 1914 678 1954 respondebimus
710 1915 751 1945 ad
781 1914 867 1944 hanc
895 1914 1064 1944 rationem.

237 1957 290 1988 Ac
320 1957 482 1997 principio
511 1955 722 1987 manifestiss.
754 1962 805 1987 est
834 1955 910 1997 lege
934 1957 986 1987 dei
1009 1957 1066 1986 im-

237 1999 410 2040 possibilia
433 2000 591 2039 praecipi,
614 1999 715 2039 quue
737 1998 879 2029 affirmat
891 1998 1016 2029 Paulus
1034 1999 1066 2028 in

239 2043 390 2073 omnibus
431 2041 497 2072 illis
537 2042 621 2072 locis
663 2042 698 2072 ln
739 2043 857 2083 quibus
899 2041 1067 2072 contendit

239 2095 353 2115 omnes
383 2094 459 2115 esse
487 2086 548 2115 sub
577 2090 727 2124 peccato.
773 2090 807 2115 ut
831 2085 933 2124 inquit
959 2083 1066 2121 [Rom.

239 2128 269 2164 3,
287 2127 354 2165 23,]
376 2126 498 2157 Omnes
522 2133 745 2166 peccaverunt
769 2133 801 2157 et
825 2133 937 2157 carent
961 2125 1068 2167 gloria

239 2170 301 2200 dei.
339 2169 420 2199 Item
435 2167 558 2207 [Galat.
572 2169 603 2206 2,
618 2169 682 2207 16.]
705 2170 761 2200 ubi
785 2176 883 2209 negat
902 2168 1066 2199 hominem

238 2222 339 2253 posse
363 2211 530 2242 iustificari
549 2221 589 2241 ex
611 2210 686 2252 lege
704 2213 774 2242 sine
794 2212 948 2252 operibus
968 2211 1063 2252 legis.

238 2255 299 2285 Ro.
318 2254 348 2285 S.
375 2256 439 2292 [vs.
457 2257 486 2285 3.
498 2256 519 2291 z]
545 2253 641 2288 Quod
671 2260 740 2285 erat
764 2254 971 2295 Impossibile
998 2254 1065 2293 legi

239 2298 312 2338 quia
341 2306 401 2337 per
430 2306 563 2326 carnem
586 2296 747 2327 infirmata
771 2304 840 2327 erat
865 2303 927 2327 etc.
952 2296 1012 2327 Ro.
1035 2297 1064 2326 7.

239 2341 338 2370 docet
365 2338 439 2379 lege
469 2339 584 2379 augeri
612 2345 784 2379 peccatum
808 2346 871 2370 etc.
895 2350 961 2369 non
993 2338 1065 2369 tolli

239 2388 428 2423 peccatum,
463 2392 529 2412 non
559 2382 643 2411 enim
676 2381 822 2422 loquitur
856 2383 896 2412 de
931 2387 1066 2412 externa

240 2423 422 2465 disciplina.
467 2424 547 2454 Item
570 2423 636 2464 legi
665 2424 776 2454 tribuit
796 2425 884 2464 quod
914 2425 1063 2454 occidat!

241 2468 315 2508 quia
345 2466 472 2497 scilicet
501 2467 621 2497 iudicat
658 2467 893 2496 conscientiam
927 2472 959 2496 et
993 2476 1066 2506 per-

240 2508 406 2540 terrefacit
437 2515 499 2539 etc.
543 2508 750 2549 Relinquitur
784 2509 881 2549 igitur
915 2509 1065 2549 quaestio

242 2561 343 2592 quare
365 2551 421 2582 lex
443 2550 511 2582 lata
529 2552 581 2589 sit,
605 2551 765 2592 siquidem
779 2550 849 2581 fieri
866 2561 932 2581 non
944 2556 1064 2591 potest.

1210 214 1334 247 Heliqtm
1360 212 1446 237 huius
1466 215 1601 247 paqe'nae
1622 220 1698 245 pars
1722 216 1749 238 et
1773 215 1833 238 tria
1853 214 1928 247 folia

1205 249 1348 281 prcsime
1368 249 1520 279 sequentia
1541 246 1610 271 alba
1631 250 1707 272 sunl.
1739 246 1859 282 Inlefflw
1874 250 1926 282 iqi-

1210 285 1258 306 lur
1278 283 1434 314 empcsitio,
1455 289 1513 313 qim
1534 281 1573 306 ml
1593 284 1761 306 attremam
1782 284 1929 314 quaestio-

1209 323 1273 341 nem
1296 315 1520 348 respondeatur,
1590 314 1648 340 Ms.
1670 315 1757 340 deest.

1174 395 1270 446 (De
1317 395 1443 433 1060
1490 395 1652 433 Dent.
1686 399 1752 438 [30,
1777 396 1860 447 11.])

1150 476 1258 507 Citant
1283 482 1315 506 et
1338 475 1446 506 locum
1467 486 1506 505 ex
1518 475 1616 506 Deut.
1630 475 1820 506 Mandatum
1839 478 1928 517 quod

1106 519 1272 559 praecipio
1293 519 1350 549 tibi
1370 528 1435 548 non
1455 524 1503 548 est
1523 528 1620 558 supra
1640 524 1672 547 te
1690 528 1796 558 neque
1814 519 1930 558 procul

1106 561 1258 603 positum.
1304 560 1365 591 Hic
1388 561 1590 591 contendunt
1613 561 1709 590 tribui
1740 560 1860 591 homini
1884 560 1931 591 fa-

1107 603 1263 635 cultatem
1292 602 1463 633 faciendae
1488 602 1584 644 legis.
1637 603 1789 633 Breviter
1822 610 1931 634 autem

1107 647 1299 686 responderi
1323 651 1432 685 potest
1456 645 1575 675 homini
1600 655 1743 675 moroso.
1789 645 1857 675 Lex
1881 652 1930 676 est

1106 687 1274 729 possibilis
1299 689 1442 718 eredenti
1466 689 1498 718 in
1522 687 1698 718 Christum.
1734 688 1829 722 Quod
1854 698 1932 728 quo-

1106 732 1204 762 modo
1229 732 1347 761 debeat
1367 730 1503 771 intelligi
1528 740 1626 770 supra
1652 730 1726 760 dixi.
1773 729 1853 760 Cum
1876 740 1932 770 ap-

1107 774 1340 815 prehendimus
1362 774 1620 804 misericordiam
1648 773 1710 803 iam
1737 773 1932 812 pronuncia-

1107 828 1179 847 ntur
1198 817 1273 847 iusti
1296 817 1430 856 perinde
1453 826 1493 845 ac
1518 817 1544 845 si
1568 814 1634 855 legi
1654 814 1932 853 satisfaceremus,

1109 870 1182 890 cum
1205 865 1313 889 tamen
1338 859 1523 889 obedientia
1546 864 1658 888 nostra
1684 868 1768 898 quae
1791 863 1869 888 tunc
1885 858 1932 887 in-

1110 902 1249 932 choatur
1278 901 1396 942 procul
1429 901 1515 931 absit
1548 911 1568 930 a
1601 900 1803 941 perfectione
1836 899 1932 941 legis.

1108 945 1148 975 Et
1169 945 1297 984 quidem
1310 944 1424 974 Moses
1446 944 1479 973 in
1502 943 1564 973 hac
1587 944 1656 982 ipsa
1677 943 1849 979 sententia,
1873 943 1934 972 etsi

1110 988 1150 1017 de
1173 987 1250 1028 lege
1275 987 1499 1022 concinnatim,
1523 991 1631 1015 tamen
1655 986 1782 1015 interim
1807 986 1846 1014 de
1869 984 1934 1014 fide

1111 1031 1220 1066 (10661,
1243 1039 1283 1058 ac
1305 1029 1481 1069 praecipue
1506 1027 1602 1058 fidem
1625 1029 1655 1058 in
1679 1028 1741 1057 hac
1764 1028 1836 1067 ipsa
1859 1037 1933 1057 sen-

1109 1072 1210 1102 tentia
1234 1072 1378 1111 requirit.
1424 1070 1572 1100 Remeat
1596 1071 1680 1100 enim
1709 1068 1864 1110 populum
1892 1069 1934 1099 ad

1109 1123 1270 1155 praesens
1285 1115 1330 1153 )
1344 1114 1491 1150 verbum.
1512 1119 1542 1142 et
1555 1112 1707 1153 prohibet
1727 1113 1822 1143 deum
1836 1120 1934 1152 quae-

1110 1166 1183 1187 rere
1209 1157 1462 1197 cogitationibus
1492 1155 1642 1186 humanis
1665 1160 1758 1185 extra
1788 1155 1935 1190 verbmn,

1111 1200 1169 1230 sed
1192 1199 1282 1229 iubet
1305 1198 1552 1239 apprehendere
1565 1198 1671 1228 Deum
1688 1198 1719 1227 in
1738 1197 1803 1227 hoc
1821 1198 1935 1233 verbo,

1111 1248 1141 1272 et
1160 1243 1250 1272 iuxta
1273 1241 1338 1271 hoc
1356 1242 1494 1271 verbum
1519 1241 1654 1270 11611616
1674 1240 1761 1281 (111011
1780 1241 1820 1269 sit
1832 1238 1935 1275 Deus,

1111 1284 1199 1325 quod
1223 1284 1383 1324 receperit
1414 1283 1501 1313 hunc
1535 1283 1692 1323 populum
1726 1293 1785 1322 per
1813 1281 1936 1312 miseri-

1112 1327 1269 1363 cordiam,
1294 1327 1437 1367 ideoque
1466 1327 1616 1356 exaudiat
1647 1332 1675 1356 et
1701 1324 1825 1362 salvet,
1857 1324 1936 1354 Item

1110 1370 1270 1409 approbet
1305 1368 1402 1399 huius
1430 1368 1543 1409 populi
1573 1369 1659 1399 bona
1689 1378 1801 1409 opera.
1846 1367 1938 1397 Haec

1111 1418 1202 1443 certe
1225 1418 1276 1442 est
1300 1413 1461 1442 sententia
1486 1413 1519 1442 in
1542 1411 1607 1441 hoc
1630 1410 1706 1441 loco
1752 1410 1861 1451 Prope
1886 1415 1938 1440 est

1110 1456 1247 1485 verbum
1282 1460 1343 1484 etc.
1397 1454 1487 1484 Haec
1518 1454 1582 1484 dixi
1612 1453 1806 1493 responderi
1836 1462 1937 1493 posse

1109 1496 1232 1527 homini
1254 1506 1401 1527 moroso.
1425 1497 1509 1527 Nam
1532 1502 1567 1526 ut
1586 1497 1724 1526 maxime
1743 1496 1938 1537 detorquea-

1109 1546 1162 1570 tur
1185 1539 1238 1569 hic
1262 1539 1357 1569 locus
1377 1540 1419 1569 ad
1442 1541 1531 1569 vires
1555 1539 1716 1569 humanas
1740 1544 1846 1569 tamen
1870 1549 1936 1569 non

1111 1583 1172 1612 erit
1196 1582 1423 1613 excludendus
1437 1581 1601 1619 Christus,
1625 1582 1717 1612 Sicut
1737 1592 1836 1622 supra
1861 1582 1937 1619 dixi,

1110 1625 1142 1655 in
1166 1626 1317 1655 omnibus
1346 1625 1517 1655 sententiis
1547 1625 1588 1654 de
1612 1624 1687 1665 lege
1710 1625 1785 1655 addi
1815 1625 1937 1655 debere

1110 1667 1196 1697 hanc
1237 1668 1549 1707 interpretationem.
1595 1666 1701 1708 legem
1742 1669 1935 1708 possibilem

1112 1719 1187 1740 esse
1218 1711 1365 1740 credenti
1392 1710 1423 1739 in
1452 1709 1628 1740 Christum.
1678 1710 1763 1741 *Sed
1792 1710 1843 1741 his
1878 1712 1932 1753 qui

1112 1762 1300 1793 germanam
1316 1752 1420 1782 Mosis
1436 1753 1630 1782 sententiam
1648 1754 1816 1793 requirunt
1839 1765 1935 1785 accu-

1112 1796 1213 1825 ratius
1236 1795 1503 1835 respondendum
1527 1796 1596 1825 erit.
1634 1794 1685 1825 Ac
1698 1796 1835 1835 primum
1847 1796 1935 1827 Ridi-

1113 1836 1221 1867 culum
1251 1844 1301 1867 est
1333 1847 1372 1867 ex
1401 1836 1451 1867 his
1482 1839 1593 1868 verbis
1616 1838 1822 1875 ratiocinari,
1846 1840 1934 1879 quod

1111 1890 1177 1910 11011
1208 1881 1248 1910 sit
1280 1879 1333 1910 lex
1357 1890 1456 1919 supra
1488 1881 1575 1910 vires
1603 1886 1754 1917 nostras,
1785 1891 1858 1911 cum
1882 1892 1935 1911 ex-

1112 1922 1269 1962 perientia
1292 1922 1400 1962 palam
1419 1922 1588 1959 reclamet,
1613 1932 1697 1963 quae
1717 1928 1857 1953 testatur
1875 1924 1934 1954 hu-

1110 1975 1207 1995 mana
1243 1971 1380 2005 pectora
1413 1964 1511 2004 plena
1545 1974 1620 1995 esse
1660 1965 1870 1996 dubitationis
1904 1972 1935 1995 et

1111 2008 1311 2038 viciosorum
1340 2007 1525 2038 affectuum.
1578 2007 1657 2037 Item
1687 2007 1810 2038 Paulus
1835 2008 1934 2038 mani-

1110 2049 1194 2080 feste
1217 2049 1358 2080 affirmat
1380 2051 1578 2080 contrarium
1600 2049 1662 2080 Ro.
1677 2050 1695 2079 7
1710 2057 1740 2080 et
1753 2051 1783 2081 S.
1806 2050 1934 2080 Deinde

1110 2093 1280 2123 videamus
1302 2092 1368 2123 hoc
1391 2093 1496 2132 ipsum
1522 2093 1609 2133 quod
1632 2092 1686 2123 hic
1705 2094 1839 2133 requirit
1862 2092 1934 2123 Mo-

1110 2145 1166 2165 ses
1186 2145 1283 2175 quam
1302 2136 1343 2165 sit
1361 2145 1461 2175 supra
1480 2136 1567 2166 vires
1586 2135 1736 2165 hominis.
1778 2134 1934 2165 Prohibet.

1111 2179 1195 2208 enim
1234 2178 1467 2208 dubitationem
1504 2178 1544 2208 de
1573 2177 1658 2208 Deo.
1699 2178 1858 2217 praecipit
1894 2178 1934 2207 de

1110 2221 1192 2253 fide.
1210 2226 1246 2250 ut
1265 2221 1297 2250 in
1316 2221 1419 2251 verbo
1439 2225 1616 2260 quaeratur
1634 2219 1738 2256 Deus,
1756 2220 1861 2250 verbo
1882 2220 1933 2250 dei

1111 2268 1302 2293 constanter
1339 2263 1573 2299 assentiamur,
1615 2272 1656 2292 ne
1700 2272 1878 2302 evagemur
1913 2272 1933 2292 a

1110 2306 1214 2336 verbo
1234 2311 1265 2335 et
1285 2307 1484 2335 somniemus
1504 2305 1592 2335 aliud
1612 2314 1688 2334 esse
1708 2304 1825 2342 Deum,
1844 2303 1933 2334 aliud

1111 2346 1197 2378 velle
1216 2348 1324 2385 deum,
1348 2347 1432 2378 alios
1451 2347 1558 2378 cultus
1577 2346 1711 2387 placere
1730 2346 1815 2384 Deo,
1836 2357 1933 2387 quam

1111 2390 1383 2431 quemadmodum
1419 2391 1555 2420 verbum
1586 2390 1692 2419 docet.
1749 2388 1829 2423 Quis
1866 2399 1934 2418 non

1110 2433 1261 2474 agnoscit
1280 2431 1335 2462 hic
1354 2442 1432 2463 suas
1452 2431 1694 2462 dubitationes?
1726 2432 1854 2472 quoties
1875 2431 1931 2461 du

1112 2476 1251 2505 bitamus
1275 2481 1383 2505 utrum
1410 2476 1470 2505 deo
1490 2484 1589 2504 curae
1608 2474 1727 2511 simus,
1752 2480 1859 2504 utrmn
1878 2482 1932 2503 ex-

1112 2560 1158 2588 57)
1178 2566 1301 2590 praesens
1321 2560 1369 2590 (?)]
1388 2561 1430 2584 Ms.
1450 2560 1540 2583 habet:
1561 2560 1606 2589 iffi

1965 420 2005 449 30,

1969 1722 2009 1751 30,

2023 120 2085 152 282

2024 425 2047 443 .

2028 1722 2052 1746 b.
