2358 2933
128 129 211 161 1065

431 277 469 302 DE
488 277 568 303 MODO
588 278 782 303 PROCEDENDI.

211 351 283 383 Non
309 358 384 383 sunt
412 358 519 383 autem
550 351 701 383 facienda
732 353 870 384 divortia
894 354 964 384 sine
988 355 1100 396 cogni—

125 394 212 424 tione
240 394 457 435 legitimorum
487 395 638 432 iudicum,
669 397 728 427 sed
759 405 898 436 persona
929 397 1099 434 innocens,

124 437 152 467 si
178 436 245 467 vult
270 438 339 467 fieri
364 438 546 471 (10·’.0111001
568 443 657 478 petat
681 450 699 468 ’1
722 439 828 468 iudice
852 440 963 468 meari
987 449 1100 478 110150-
1122 469 1124 476 A

124 489 209 516 nam,
233 490 318 520 quae
342 478 484 520 deliquit.
515 472 576 510 Hic
601 490 672 510 cum
694 487 834 520 utraque
856 490 934 521 pars
959 482 1045 512 venit
1069 483 1101 512 in
1123 496 1124 504 ¹

124 522 286 560 iudicium,
314 523 451 562 primum
475 522 669 553 adhortandi
694 529 768 554 sunt
793 524 965 564 utrimque,
993 530 1026 554 ut
1051 534 1100 554 re-

122 565 220 595 deant
244 566 275 595 in
299 571 442 595 mutuam
466 566 615 606 gratiam.
662 565 697 596 Si
726 576 790 596 non
813 567 961 606 procedit
984 576 1099 596 r-econ

124 605 261 645 ciliatio,
295 618 372 648 pars
406 608 566 639 innocens
596 618 662 638 non
690 614 797 648 potest
830 609 920 650 cogi,
955 615 989 638 ut
1019 609 1099 639 1eci-

121 649 188 689 piat
212 660 311 686 ream.

208 692 338 723 Auditis
372 693 470 733 igitur
503 693 655 733 partibus
686 700 716 723 et
747 693 939 724 confirmata
962 703 1099 724 accusa-

123 734 222 772 tione,
247 736 274 765 si
299 735 638 766 1100051110111000510
661 736 739 766 vixit
765 742 795 766 et
820 736 899 776 petit
922 734 1000 766 ferli
1025 746 1098 766 sen-

121 778 266 814 tentiam,
284 778 510 817 pronuntiettu·
531 777 596 808 1100
615 778 726 808 modo:
752 778 1000 819 Ὀ10111101,501111
1013 788 1098 819 quae

121 818 266 860 deliquit,
291 830 351 850 suo
384 819 510 850 scelere
540 819 727 851 dissolxcrit
763 822 967 861 coniugium,
1002 822 1122 851 iudeX=

120 863 317 894 auctoritate
340 862 388 893 Ex
392 862 514 904 angelii
532 874 709 904 personam
733 865 938 894 innocentem
956 874 1098 904 111011110-

120 905 179 935 tiat
202 915 278 935 esse
301 888 457 936 11110110115
463 912 493 936 01
520 916 680 946 expresse
708 907 811 947 inquit
836 907 971 936 concedi
996 907 1040 943 ei,
1063 912 1098 936 ut

119 957 179 987 pro
210 957 270 978 sua
294 948 494 979 conscientia
518 950 570 989 pie
590 948 763 979 contrahat
788 947 875 979 aliud
900 949 1096 989 coniugium.

205 989 366 1021 Pontificii
401 990 555 1021 Canones
590 990 712 1022 faciunt
748 992 921 1022 divortium
956 992 1097 1027 nomine,

119 1043 184 1063 non
207 1043 254 1070 10,
279 1033 311 1063 id
335 1040 403 1070 est,
423 1044 489 1063 non
512 1035 717 1074 peinuttunt
737 1034 1095 1074 01110150011011101005

121 1075 295 1106 contrahat
325 1075 412 1106 aliud
441 1078 637 1118 coniugium.
684 1076 752 1107 Sed
781 1087 853 1107 cuin
878 1075 1095 1117 Evangelium

120 1119 151 1148 in
181 1117 246 1148 illis
277 1120 410 1149 casibus
435 1120 592 1150 concedat
618 1120 807 1155 divortium,
842 1101 1042 1159 intelligatur
1065 1118 1096 1148 id
1119 1142 1120 1145 ,

119 1171 186 1192 000
210 1161 277 1192 de'
270 1162 356 1191 mani
376 1161 552 1192 xocabulo.
574 1162 633 1192 sed
652 1162 692 1192 de
711 1161 768 1192 tali
787 1160 992 1198 liberatione,
1012 1170 1096 1201 quae

119 1205 160 1234 sit
174 1214 209 1234 re
221 1205 292 1244 ipsa
306 1205 489 1241 (livoniam,
504 1203 675 1235 videlicet
669 1215 699 1234 01
713 1214 777 1244 quo
790 1214 855 1234 11011
870 1204 1049 1234 retineatur
1061 1202 1096 1233 li-

119 1252 196 1287 gata
218 1256 360 1287 persona
384 1247 553 1277 innocens.
588 1246 627 1276 Et
652 1245 755 1277 fuisse
778 1246 863 1276 hanc
887 1246 1097 1276 consuetudi-

118 1299 193 1319 nem
226 1290 258 1319 in
281 1287 434 1318 Ecclesia
469 1289 570 1318 veteri
601 1294 790 1318 annotatum
814 1294 865 1318 est
885 1289 926 1317 ab
952 1288 1096 1327 Origene

118 1332 151 1361 in
173 1329 394 1364 Matthaeunn
417 1330 497 1359 Item
519 1331 560 1360 ab
584 1329 730 1360 Eusebio
750 1331 781 1360 in
794 1329 1027 1360 Ecclesiastico
1052 1330 1096 1360 hi-

118 1373 234 1409 storia,
254 1374 307 1412 qui
330 1383 406 1413 pag.
430 1372 482 1403 SS.
497 1374 542 1404 ²⁴)
577 1373 691 1403 recitat
717 1372 886 1403 historiam
910 1383 949 1402 οΧ
973 1372 1095 1402 Iustino

118 1414 276 1455 01011510,
301 1416 355 1455 qui
369 1415 480 1444 scribit
494 1414 660 1445 mulierem
678 1416 764 1455 piam
782 1414 903 1445 fecisse
922 1415 1095 1445 divortium

119 1467 192 1488 cum
215 1457 329 1487 marito
354 1455 480 1497 polluto
500 1456 674 1497 flagitiosis
699 1456 887 1487 libidinibus
911 1462 942 1486 et
966 1456 1096 1497 publice

118 1499 290 1540 accepisse
314 1498 460 1529 libellum
484 1499 624 1539 repudii,
648 1505 683 1529 ut.
702 1501 882 1536 vocabant,
903 1500 934 1529 id
958 1506 1026 1536 est,
1050 1506 1096 1529 ta·
1118 1526 1119 1531 ,

119 1540 213 1572 bulas
238 1541 453 1572 testificantes
473 1542 512 1571 de
544 1542 693 1571 divortio.
739 1542 778 1572 Et
802 1542 1022 1582 Hieronymus
1048 1552 1095 1571 re-

118 1585 193 1614 citat
216 1583 373 1615 Fabiolae
397 1583 517 1614 nobilis
540 1590 709 1614 matronae
721 1584 888 1614 Romanae
912 1583 1095 1620 historiam,
1118 1613 1119 1620 ,

118 1637 202 1668 quae
235 1634 370 1667 propter
404 1627 509 1657 mariti
534 1625 661 1657 scelera
685 1625 762 1657 fecit
787 1628 959 1657 divortium
984 1633 1015 1656 et
1038 1637 1095 1656 nu-

116 1670 181 1710 psit
215 1669 320 1700 alteri.
366 1669 456 1699 Haec
489 1668 635 1710 exempla
660 1670 846 1700 meminisse
869 1668 948 1700 utile
979 1675 1029 1699 est
1054 1669 1095 1699 ad

118 1711 376 1743 confirmandum
405 1722 528 1743 morem
563 1712 755 1743 iudiciorum
779 1713 810 1743 in
834 1712 956 1743 nostris
980 1710 1094 1742 Eccle-

116 1755 184 1785 siis.

203 1798 261 1828 Sin
280 1804 387 1829 autem
412 1808 564 1838 persona,
576 1799 622 1836 ²⁵)
648 1808 732 1839 quae
756 1797 902 1838 deliquit,
921 1807 987 1827 non
1006 1798 1093 1827 venit

116 1841 148 1870 in
173 1841 338 1878 iudicium,
363 1841 421 1870 sed
447 1847 499 1871 aut
524 1842 758 1871 contumaciter
775 1842 869 1872 abest
891 1847 943 1871 aut
957 1840 1095 1870 inven'ri

116 1894 181 1914 11011
204 1889 333 1923 potest,
368 1894 439 1914 cum
470 1890 645 1913 accusator
669 1883 861 1914 confirmata
885 1883 1095 1913 accusatione

118 1932 222 1956 testes
251 1927 400 1963 adducit,
435 1926 489 1967 qui
512 1925 674 1956 affirmant
698 1927 768 1957 eius
792 1925 909 1957 famam
933 1926 1095 1966 integram

118 1978 211 2006 esse,
245 1975 275 1999 ct
294 1970 373 2009 petit
396 1979 433 1999 se
457 1967 606 2006 liberari,
630 1970 817 2008 pronuntiet
842 1970 937 2000 iudex¹
962 1978 1034 1999 eum
1057 1967 1093 1998 li—

118 2012 229 2042 berum
254 2022 341 2049 esse,
367 2018 399 2042 ut
423 2018 498 2042 ante
523 2011 642 2042 dictum
667 2018 727 2042 est.

116 2104 185 2136 Sed
208 2105 285 2145 quid
307 2103 364 2136 fiet
389 2107 429 2136 de
451 2116 595 2146 persona
619 2105 858 2136 condemnata?
897 2106 951 2136 An
975 2116 1093 2137 conce-

202 2148 341 2179 dendum
366 2155 416 2180 est
438 2150 479 2187 ei,
502 2150 528 2179 si
552 2149 663 2213 1111051,2
680 2155 712 2179 ut
733 2149 764 2179 in
789 2149 901 2179 iisdem
924 2147 1007 2179 locis

547 2192 637 2222 xivat
652 2216 658 2222 .

201 2269 417 2311 Respondeo:
440 2268 657 2311 Magistratus
676 2267 828 2308 politicus
853 2267 1013 2299 adulteria
1035 2279 1093 2309 1111-

113 2314 184 2344 nire
205 2313 312 2344 debet.
342 2313 418 2344 Ideo
443 2322 586 2353 persona
611 2312 838 2349 condemnata,
863 2312 890 2342 si
914 2322 978 2342 non
1003 2312 1093 2352 puni·
1114 2326 1116 2340 ε

112 2362 165 2386 tur
188 2356 312 2397 durius,
335 2354 489 2397 pellenda
509 2361 558 2386 est
582 2365 623 2386 ex
646 2355 685 2385 iis
707 2353 809 2392 locis,
844 2355 896 2385 ubi
922 2355 998 2385 vivit
1020 2364 1092 2394 per-

114 2494 158 2525 24)
178 2500 235 2525 pag.
257 2493 309 2525 88]
331 2495 386 2520 scil⁴
407 2495 524 2519 editionis
544 2500 620 2524 supra
640 2501 663 2524 p.
683 2494 733 2517 620
752 2500 789 2524 sq.
809 2499 866 2519 nota
887 2495 927 2518 51.
949 2494 1090 2523 descriptae

181 2529 396 2559 interpretationis
416 2529 516 2554 Ruffini.

114 2580 159 2609 25)
177 2581 298 2611 persona]
317 2581 360 2605 Ed.
382 2581 421 2603 22.
442 2584 493 2611 typ.
514 2586 615 2605 errore:
634 2586 756 2611 personas

622 133 644 163 Ι.
669 133 767 165 LOCI
790 133 1064 166 THEOLOGICI:
1087 134 1129 167 D.
1153 135 1312 167 TERTIA
1334 134 1489 166 EORUM
1511 134 1668 166 AETAS.

1120 234 1124 240 '
1146 239 1228 260 sona
1262 229 1420 259 innocens
1429 251 1437 265 ,

1118 1242 1119 1281 ξ
1143 1255 1283 1275 caussae
1307 1245 1548 1285 migrationuut,
1572 1243 1774 1274 definiendus
1795 1250 1844 1274 est
1864 1244 2021 1274 desertor.

1117 1709 1119 1724 ³
1141 1722 1243 1742 sonae
1268 1712 1444 1749 innocenti,
1468 1721 1552 1752 quae
1576 1712 1707 1741 deserta
1727 1717 1788 1742 est.

1117 1784 1119 1791 Α
1141 1760 1174 1785 01
1199 1755 1275 1791 dixi,
1299 1755 1441 1795 cognitio
1465 1754 1618 1789 iudicum,
1642 1760 1781 1784 vocetur
1804 1764 1885 1795 ergo
1905 1755 1936 1784 in
1957 1754 2118 1791 iudicitun,

1117 1797 1119 1821 ⁵,
1141 1803 1171 1827 et
1197 1808 1269 1827 0001
1293 1807 1359 1827 non
1383 1798 1507 1833 veniet,

1116 2038 1117 2048 ³
1141 2021 1191 2040 ma
1216 2011 1257 2041 ad
1280 2010 1491 2049 militandum,

2041 135 2122 165 1066

1706 226 1855 258 videlicet
1895 228 2121 264 condemnata,

1780 269 1819 300 Et
1854 269 1936 300 haec
1960 272 2121 301 severitas

1474 228 1526 259 cui
1549 227 1672 265 altera,

1145 271 1234 302 velut
1264 277 1392 302 mortua
1426 271 1640 301 existimanda
1675 276 1734 300 est.

1122 331 1124 338 ·
1145 314 1187 344 ad
1209 312 1377 355 politicum
1400 313 1628 354 magistratum
1646 313 1795 353 pertinet.

1463 405 1548 441 Quid
1572 406 1614 436 sit
1637 406 1797 436 desertor.

1232 482 1267 512 ln
1298 482 1489 532 quaestione
1525 483 1564 512 de
1595 482 1735 512 div-onio
1766 480 1882 511 liberat
1918 492 1983 512 vox
2013 482 2121 512 divina

1122 522 1322 564 1-1015001011
1346 526 1570 561 innocentem,
1600 534 1674 554 cum
1696 522 1780 554 alten
1804 525 1979 565 coniugum
2002 523 2119 554 foedus

1122 570 1124 579 '
1148 567 1289 607 coniugii
1313 566 1474 598 adulterio
1489 565 1651 597 dissolvit
1667 573 1697 596 01
1710 567 1876 596 mnocentl
1899 576 2062 606 1101500110
2087 576 2122 596 10

1146 610 1297 646 iudicata,
1322 616 1356 639 ut
1374 610 1450 646 dixi,
1475 609 1666 639 conceditur
1689 608 1884 638 contrahere
1909 607 1997 639 aliud
2010 609 2120 639 coniu-

1146 653 1249 693 gium,
1284 651 1381 692 idque
1413 650 1479 682 hoc
1508 652 1605 681 modo
1630 656 1780 681 servatur
1803 651 1834 680 in
1858 652 1980 681 nostris
2005 650 2120 681 Consi-

1146 694 1267 724 storiis.
1314 693 1474 724 Servatur
1496 694 1581 723 idem
1607 694 1647 723 de
1670 703 1812 732 persona
1836 694 1954 723 iniuste
1978 694 2120 731 deserta,

1145 737 1219 776 quia
1243 735 1366 766 Paulus
1390 736 1491 777 inquit
1517 735 1635 766 LCor.
1660 736 1689 765 7.
1715 735 1860 773 [vs-15]
1886 735 1920 765 Si
1944 742 2051 766 autem
2075 736 2120 765 in-

1145 777 1253 808 fidelis
1284 779 1441 816 discedit,
1476 778 1635 815 discedat.
1658 788 1725 808 non
1749 779 1917 808 subiectus
1941 784 1992 808 est
2015 779 2121 808 servi-

1145 822 1203 851 tuti
1227 819 1328 851 frater
1350 828 1404 851 aut
1428 831 1525 851 soror
1548 821 1579 850 in
1603 819 1735 851 talibus.
1781 820 1949 859 Expresse
1978 830 2119 860 pronun-

1144 864 1199 893 tiat
1224 862 1347 893 Paulus
1370 874 1547 903 personam
1569 864 1687 893 iniuste
1708 863 1869 893 desertam
1882 861 2019 892 liberam
2033 872 2118 899 0550,

1144 906 1174 935 id
1200 912 1261 943 est,
1286 916 1351 935 non
1377 906 1558 947 cogendam
1582 915 1669 943 esse,
1696 911 1727 935 ut
1752 905 1983 946 vagabundum
2007 905 2118 935 deser—

1143 954 1246 978 torem
1270 954 1438 988 sequatur.

1230 990 1300 1020 Etsi
1334 997 1441 1021 autem
1475 989 1573 1031 aliqui
1609 990 1811 1030 restringunt
1846 989 1911 1020 hoc
1935 990 2055 1020 dictum
2080 991 2120 1020 ad

1144 1043 1255 1063 casum
1285 1033 1324 1063 de
1353 1032 1531 1074 religione,
1565 1038 1672 1062 tamen
1696 1042 1775 1063 vete
1798 1033 2067 1063 accommodatur
2090 1032 2121 1062 in

1143 1085 1264 1117 genere
1282 1076 1323 1106 ad
1348 1085 1576 1115 quamcunque
1601 1076 1753 1105 iniustam
1777 1075 2014 1112 desertionem,
2049 1086 2121 1104 cum

1143 1129 1208 1148 non
1232 1119 1271 1147 sit
1296 1119 1378 1148 ratio
1403 1116 1682 1147 dissimilitudinis.
1727 1117 1767 1147 Et
1792 1124 2050 1148 consentaneum
2071 1124 2118 1147 est

1143 1161 1333 1190 (1050110105
1363 1160 1569 1199 impatientes
1592 1157 1675 1189 freni
1705 1158 1888 1201 coniugalis
1914 1160 2031 1190 deinde
2055 1170 2119 1189 non

1142 1204 1310 1233 abstinete
1333 1203 1374 1232 ab
1397 1201 1470 1232 aliis
1494 1200 1694 1232 mulieribus.
1741 1184 1825 1232 Sedo
1832 1212 1905 1232 cum
1930 1202 2039 1232 zariae
2058 1202 2121 1232 sint

2050 1244 2121 1275 Nec

1143 1287 1390 1318 concedendum
1409 1292 1459 1316 est
1485 1287 1636 1316 desertae
1658 1296 1824 1327 personae
1845 1287 2030 1327 coniugium
2051 1288 2122 1316 sine

1142 1330 1282 1360 iudicum
1308 1330 1504 1369 cognitione.

1227 1372 1287 1402 Est
1312 1373 1410 1413 igitur
1422 1370 1597 1409 Desertor,
1621 1372 1673 1412 qui
1698 1372 1837 1402 discedit
1860 1382 1879 1401 a
1903 1372 2043 1413 coniuge
2066 1378 2119 1402 aut

1142 1414 1261 1444 diutius
1284 1415 1379 1444 abest
1402 1412 1493 1444 nulla
1516 1412 1655 1444 honesta
1680 1424 1799 1444 01105511
1823 1420 1971 1451 coactus,
1994 1396 2119 1444 sedvel

1141 1455 1275 1486 lexitate
1305 1455 1358 1486 vel
1381 1457 1499 1486 iniusta
1528 1456 1726 1496 impatientia
1749 1455 1831 1486 freni
1856 1446 2042 1497 coniugalis
2066 1458 2118 1487 vel

1141 1497 1214 1528 aliis
1239 1509 1306 1529 non
1329 1499 1527 1529 necessariis
1552 1499 1682 1529 caussis
1708 1497 1866 1539 impulsus
1891 1505 2042 1539 vagatur.

1227 1540 1267 1571 Et
1301 1540 1390 1571 multi
1424 1542 1507 1571 adeo
1542 1547 1618 1570 sunt
1652 1541 1808 1581 ι’ἱστορῑοι,
1833 1542 1886 1582 qui
1909 1542 2077 1582 agitantur
2100 1553 2119 1572 a

1141 1583 1305 1614 Diabolis.
1331 1589 1363 1614 ut
1388 1585 1482 1614 etiam
1506 1582 1657 1613 5obolem
1680 1583 1860 1625 negligant.
1895 1583 1984 1614 Talis
2008 1584 2119 1614 (10501-

1140 1633 1192 1656 101
1214 1633 1348 1666 propter
1369 1626 1539 1666 perfidiam
1563 1632 1592 1656 et
1617 1625 1775 1666 (ἷστορμιω
1771 1609 1961 1667 ”supplicio
1985 1625 2118 1666 publico

1140 1670 1324 1709 puniendus
1360 1675 1438 1699 erat.
1485 1668 1562 1699 Ideo
1596 1669 1714 1699 iustum
1745 1675 1796 1699 est
1820 1679 1914 1709 opem
1937 1667 2024 1699 ferre
2047 1679 2118 1709 1101-

1829 1712 1977 1742 Accedat
2000 1718 2119 1749 autem,

1538 1797 1712 1827 audiantur
1734 1797 1920 1827 testimonia
1943 1797 1984 1827 de
2006 1807 2119 1837 perso-

1142 1850 1202 1870 nae
1236 1840 1420 1870 innocentis
1454 1839 1657 1879 integritate,
1693 1846 1723 1869 et
1758 1841 1984 1879 pronuntietur
2017 1839 2119 1870 libera

1141 1888 1204 1913 etc.

1222 1925 1303 1959 vNon
1326 1932 1375 1956 est
1400 1932 1506 1956 autem
1531 1927 1692 1963 desertor,
1717 1926 1770 1967 qui
1794 1927 1888 1957 abest
1913 1924 2118 1956 officiicaus-

1141 1978 1190 2005 sa,
1214 1974 1248 1998 ut
1270 1967 1401 2009 legatus
1426 1975 1480 1999 aut
1504 1968 1597 2000 miles
1622 1968 1770 1999 delectus
1795 1969 1991 1999 auctoritate
2015 1967 2118 2009 legiti—

1527 2018 1581 2042 aut
1605 2015 1632 2042 si
1656 2010 1826 2043 voluntate
1850 2012 2001 2052 coniugis
2025 2012 2118 2041 mari-

1141 2060 1192 2084 1115
1216 2054 1309 2084 1111051
1333 2055 1364 2084 in
1387 2060 1534 2085 mercatu
1558 2062 1612 2086 aut
1633 2053 1696 2085 alio
1720 2053 1860 2084 honesto
1884 2054 2032 2094 negotio.

1225 2096 1296 2127 Nec
1321 2097 1494 2137 captivitas
1519 2098 1671 2129 dissolvit
1697 2097 1859 2138 coniugia,
1883 2106 1944 2126 nec
1969 2097 2118 2136 deporta—

1140 2139 1201 2176 tio,
1228 2145 1261 2169 ut
1285 2137 1338 2169 1οΧ
1361 2139 1544 2171 Alexandri
1569 2141 1683 2172 Sexeri
1707 2141 1738 2170 in
1763 2121 1887 2170 Codice
1917 2138 1988 2177 [lib.
2009 2138 2050 2169 V.
2071 2140 2117 2168 tit.

1139 2181 1202 2212 XV
1205 2181 1242 2211 11.
1261 2181 1339 2223 lege
1362 2182 1400 2221 L]
1426 2183 1466 2213 de
1490 2184 1635 2224 repudiis
1659 2183 1774 2223 inquit:
1804 2181 2045 2211 Matrimonium
2064 2182 2117 2212 de-

1138 2225 1327 2276 portatione
1346 2224 1399 2255 vel
1418 2236 1524 2276 aquae
1544 2233 1575 2256 et
1603 2227 1688 2267 ignis
1712 2225 1940 2255 interdictione
1963 2234 2028 2255 non
2053 2222 2117 2254 501-

1140 2268 1234 2305 twittn,
1259 2268 1287 2298 si
1311 2278 1421 2306 casus,
1449 2269 1481 2299 in
1502 2279 1597 2309 quem
1620 2269 1756 2298 maritus
1780 2267 1902 2304 incidit,
1927 2277 1992 2296 000
2016 2273 2117 2298 mutat

1140 2311 1251 2341 οΧ01ἰ5·
1275 2310 1437 2341 aflectum.
1462 2312 1492 2341 id
1518 2318 1578 2349 e5t,
1603 2312 1630 2341 si
1655 2321 1719 2341 non
1744 2316 1793 2340 est
1818 2308 1884 2340 tale
1907 2308 2031 2347 500105,
2051 2320 2116 2350 quo

1114 2348 1260 2394 ‘alioqui
1293 2354 1479 2395 coniugium
1510 2352 1757 2384 dissolv-,metui

1223 2395 1276 2426 De
1289 2378 1411 2426 milite
1418 2403 1527 2427 autem
1557 2402 1667 2427 narrat
1693 2396 1883 2426 constitutio
1897 2395 2062 2426 Iustiniani
2085 2396 2115 2426 in

1137 2439 1358 2476 Anthenticis,
1383 2438 1484 2476 Olim,
1509 2440 1536 2469 si
1561 2446 1628 2470 toto
1653 2439 1867 2480 quadriennio
1890 2437 1971 2469 nihil
1994 2438 2115 2479 signiti-

1139 2487 1251 2514 casset
1291 2483 1388 2513 uxori
1423 2482 1597 2523 inquirenti
1637 2481 1729 2513 miles
1767 2483 1806 2513 de
1840 2492 1900 2512 sua
1935 2480 2116 2517 voluntate,

1138 2535 1336 2556 concessum
1371 2524 1476 2556 fuisse
1509 2524 1636 2556 mulieri
1667 2524 1754 2556 aliud
1779 2525 1975 2565 coniugium.
2021 2523 2115 2554 Hanc

1115 2582 1117 2587 ⁴
1138 2568 1330 2599 brevitatem
1356 2569 1511 2608 tempori-5
1525 2567 1733 2610 reprehendit
1747 2568 1943 2598 lastinianus
1956 2567 2116 2608 inquienS,
