2358 2933
226 99 306 129 1023

829 104 939 135 PHIL.
963 104 1064 136 MEL.
1087 105 1274 138 SCRIPTA
1291 107 1565 140 DOGMATICA.

221 192 318 222 modo
342 193 499 233 pecudes,
522 195 580 223 sed
605 195 699 225 etiam
723 195 884 233 homines,
903 203 937 227 ut
961 198 993 228 in
1016 207 1052 228 re
1076 207 1194 238 magna
1214 199 1218 231 Ι
1239 201 1379 231 monitus
1411 200 1476 231 hoc
1506 200 1657 241 exemplo
1691 201 1788 233 discit
1821 202 1920 244 longe
1951 203 2037 235 alios
2067 205 2208 237 maiores

222 241 253 264 et
271 233 394 266 difficili
418 235 560 266 studium
583 242 730 267 nostrum
755 239 986 277 conspiciatur.
1015 239 1113 270 Tales
1126 242 1194 271 sue-

221 284 294 307 runt
328 284 358 307 et
383 285 457 308 sunt
482 276 592 308 fontes
617 277 724 309 cultus
743 278 915 310 idolorum.
961 281 1009 313 lta
1032 284 1195 313 recentior

221 326 314 348 aetas
354 318 529 350 cumulavit
565 319 686 351 Missas
721 328 751 351 et
787 323 951 353 mandavit
987 323 1192 355 coelibatum.

220 361 286 391 Sed
317 360 369 391 hic
404 362 605 392 meminerim
638 364 680 402 pii
712 373 827 394 vocem
853 363 951 403 Petri,
975 376 1059 406 quae
1083 366 1193 397 talium

220 401 328 442 legum
358 410 389 433 et
412 405 599 442 opinionum
624 404 846 436 defensionem
871 408 968 438 docet
992 418 1069 439 esse
1092 419 1193 450 grave

221 445 350 475 crimen.
408 445 481 475 Non
516 447 599 476 enim
633 457 769 488 parvum
807 455 950 479 erratum
981 456 1032 481 est
1066 456 1193 481 tentare

220 486 338 523 Deum,
363 488 394 517 id
418 495 479 518 est.
502 496 649 519 nostram
672 491 863 530 sapientiam
887 492 990 531 ipsius
1014 493 1194 532 sapientiae

219 528 393 566 anteferre,
429 537 459 560 et
494 529 663 562 lacessere
697 533 767 563 eius
798 534 877 563 iram
901 535 1010 565 studio
1035 545 1193 575 quaeren-

218 571 248 602 di
262 573 303 611 ¹⁰)
338 574 501 603 contraria
536 574 639 614 ipsius
671 575 775 606 verbo
809 581 839 606 et
875 577 1022 607 certandi
1046 588 1118 607 cum
1142 587 1192 607 eo.

218 614 307 645 Haec.
332 623 405 644 sunt
431 625 551 646 arcana
575 615 670 653 mala,
694 628 777 658 quae
800 615 931 657 politica
951 620 1109 659 sapientia
1128 629 1191 649 non

217 664 325 696 potest
360 657 515 688 iudicare.
562 658 628 689 Sed
661 669 724 689 nos
748 660 781 690 in
804 659 955 691 Ecclesia
979 671 1017 691 ea
1041 662 1192 692 conside-

217 708 292 729 rare
324 699 497 730 debemus.
531 707 565 731 ut
598 703 710 731 moniti
745 702 957 733 subiiciamus
991 713 1054 734 nos
1088 704 1191 734 verbo

218 739 291 779 Dei,
315 751 375 772 nec
395 744 518 772 nos-tris
543 744 750 783 opinionibus
775 745 843 785 regi
862 744 1010 776 velimus.

302 783 467 824 Septimus
501 795 602 816 error.
649 785 731 816 Cum
766 786 879 817 haeret
907 788 1016 827 opinio
1040 788 1189 818 iustitiae.

216 832 272 856 aut
306 828 515 858 necessitatis
550 828 590 857 de
613 829 840 859 traditionibus
864 829 1025 865 humanis,
1050 839 1190 870 sequun-

213 875 268 899 tur
301 875 434 898 atroces
470 870 678 907 diseordiae,
724 878 757 901 ut
793 871 871 902 olim
905 873 1040 903 dissidia
1074 878 1188 903 exorta

216 916 299 942 sunt.
324 911 365 941 de
389 912 440 941 die
463 911 647 943 Paschatos
672 919 701 943 et
726 912 932 944 fermentato.
953 916 994 954 ¹¹)
1040 915 1080 945 Et
1103 925 1190 944 nunc

216 951 393 983 Pontifices
418 964 481 984 non
512 953 619 985 solum
642 954 765 986 fulmen
789 958 1135 987 excomnnuticationis
1160 958 1189 986 in

216 996 408 1026 sacerdotes
432 997 566 1027 maritos
591 1004 761 1038 torquent,
797 1006 824 1028 et
863 1000 979 1029 iniusta
1011 1000 1190 1039 asperitate

215 1037 399 1069 distrahunt
421 1038 624 1076 Ecclesiam,
659 1041 718 1070 sed
743 1041 839 1071 etiam
862 1041 1049 1072 Neroniana
1074 1042 1190 1072 crude-

214 1078 302 1110 litate
336 1081 535 1112 interficiunt
569 1083 641 1122 pios
665 1084 860 1114 sacerdotes
882 1090 1019 1124 propter
1048 1082 1189 1114 violatas

215 1122 350 1153 iniustas
375 1125 579 1155 traditiones.

299 1165 440 1207 Propter
472 1166 534 1197 hos
570 1174 693 1207 septem
728 1177 859 1198 errores
893 1178 953 1199 seu
987 1178 1100 1199 omnes
1130 1177 1191 1198 seu

213 1209 391 1251 plerosque
416 1208 634 1240 defenduntur
658 1210 850 1241 traditiones
874 1210 1053 1248 humanae,
1087 1216 1123 1241 ut
1145 1216 1190 1240 te-

215 1258 343 1282 stantur
360 1250 433 1282 libri
454 1262 584 1287 eorum,
619 1253 672 1292 qui
696 1262 733 1282 se
756 1253 952 1293 profitentur
974 1253 1090 1283 hostes
1114 1262 1191 1282 esse

214 1301 402 1325 nostrarum
425 1293 660 1325 Ecclesiamm.
707 1295 901 1335 Quanquam
924 1296 1023 1337 igitur
1045 1295 1191 1325 traditio-

215 1346 275 1366 nes
295 1336 335 1366 ‹le
358 1337 459 1367 rebus
484 1337 682 1376 Adiaphoris
707 1336 901 1377 loquuntur,
925 1343 1033 1368 tamen
1056 1336 1118 1367 hos
1142 1346 1190 1367 er-

215 1388 308 1409 rores
333 1379 436 1420 retegi
461 1386 490 1408 et
515 1380 618 1409 taxari
643 1380 773 1409 mandat
792 1379 896 1416 Deus,
921 1386 950 1410 et
974 1380 1099 1419 passim
1112 1379 1191 1409 Pro-

214 1420 344 1460 phetae,
369 1419 522 1451 Christus
543 1428 573 1451 et
598 1420 749 1461 Apostoli
774 1427 896 1451 taxant.
931 1421 1001 1451 Nec
1027 1422 1090 1450 sint
1113 1421 1190 1450 muti

216 1464 382 1497 doctores,
408 1474 479 1494 cunt
505 1471 559 1494 aut
572 1463 723 1494 Ecclesia
746 1464 852 1503 impiis
876 1462 1017 1494 cultibus
1034 1461 1191 1503 polluitur

216 1516 268 1540 aut
315 1507 537 1538 conscientiae
577 1505 704 1547 laqueis
734 1506 941 1536 traditionum
976 1505 1190 1536 humanarum

216 1550 431 1591 implicantur.

305 1594 441 1624 Prodest
477 1594 570 1623 etiam
606 1590 754 1631 exemplo
790 1589 934 1621 refutare
962 1589 1025 1620 hos
1050 1599 1192 1626 errores,

217 1643 389 1679 postquam
430 1636 577 1666 doctrina
612 1636 652 1664 de
685 1635 773 1664 veris
808 1631 949 1663 cultibus
983 1632 1193 1663 mediocriter

219 1680 334 1710 tradita
359 1686 418 1709 est.
454 1678 537 1708 Nam
561 1678 668 1717 opinio
693 1676 924 1716 superstitiosa
946 1675 1096 1706 tenacius
1115 1674 1192 1704 hae-

218 1728 278 1759 ret,
311 1722 337 1751 si
371 1719 460 1751 nulla
487 1718 636 1760 exempla
658 1719 819 1750 libertatis
844 1718 1071 1748 ostendantur.
1117 1716 1193 1747 Ideo

220 1763 343 1795 Paulus
366 1762 466 1794 noluit
486 1764 527 1803 l²)
551 1761 657 1792 Titum
681 1761 877 1797 circumcidi,
900 1766 935 1791 ut
956 1759 1118 1790 libertatis
1138 1768 1194 1789 ex-

222 1805 361 1846 emplum
385 1805 584 1841 ostenderet,
608 1810 639 1835 et
662 1803 793 1834 Petrum
812 1803 919 1844 arguit
944 1800 1092 1842 exemplo
1117 1811 1195 1832 cou-

222 1848 402 1879 firmantem
436 1848 647 1888 pertinaciam
683 1857 810 1883 eornm,
845 1846 899 1886 qui
922 1844 1090 1875 Mosaicos
1114 1844 1194 1874 ritus

224 1892 348 1921 servari
371 1889 538 1921 volebant.
583 1890 624 1920 Et
643 1890 800 1919 recitatur
822 1887 959 1918 historia
984 1888 1024 1917 de
1048 1886 1195 1927 Spirido-

223 1935 322 1965 11613)
357 1932 478 1973 (’)Ῑ)1·ἰο
501 1932 666 1972 Episcopo
702 1932 797 1972 digna
833 1931 997 1961 memoria.
1044 1928 1124 1959 sium
1154 1930 1195 1958 ad

225 1985 295 2005 eum
326 1976 470 2005 venisset
506 1974 627 2014 hospes
663 1974 712 2004 die
746 1974 870 2010 ieiunii,
904 1983 966 2003 nec
1000 1972 1110 2002 subito
1134 1972 1194 2001 emi

224 2025 275 2048 aut
301 2018 409 2058 parari
430 2018 491 2048 cibi
515 2018 624 2047 usitati
644 2015 699 2047 tali
723 2017 774 2046 die
792 2021 940 2056 possent,
964 2015 1051 2045 iubet
1065 2023 1195 2050 carnes,

225 2070 307 2102 quas
341 2060 480 2090 habebat
519 2060 677 2095 conditas,
711 2059 840 2099 apponi.
885 2057 959 2087 Non
991 2066 1112 2087 vescor
1143 2055 1195 2086 his

225 2104 331 2139 hodie,
363 2103 463 2143 inquit
492 2102 626 2142 hospes,
651 2111 721 2131 sum
747 2101 829 2131 enim
854 2099 1070 2130 Christianus.
1115 2098 1195 2128 Tum

227 2145 393 2185 Spiridon:
413 2146 454 2183 l³²)
500 2144 539 2174 Et
574 2144 659 2174 hanc
682 2144 786 2184 ipsam
810 2144 851 2173 ob
877 2151 1028 2173 caussam
1052 2148 1084 2171 te
1106 2141 1196 2171 vesci

228 2189 330 2224 decet,
365 2189 437 2227 quia
462 2186 665 2217 (hristianus
697 2197 743 2216 es.
790 2185 872 2215 Nam
906 2185 1011 2215 omnis
1045 2190 1197 2214 creatura

226 2230 288 2260 Dei
313 2231 398 2260 bona
424 2237 484 2265 est,
509 2237 538 2259 et
563 2228 641 2259 nihil
664 2230 838 2265 reiectum,
872 2227 959 2268 quod
984 2237 1057 2257 cum
1080 2226 1197 2268 gratia-

228 2283 298 2303 rum
333 2272 460 2301 actione
495 2272 640 2302 sumitur.
688 2271 896 2310 Obtemperat
932 2269 1056 2309 hospes
1087 2275 1117 2299 et
1143 2269 1198 2299 ad-

235 2386 276 2415 10)
296 2384 445 2415 quaerendi]
465 2384 536 2413 Cot-p.
555 2384 576 2407 2,
595 2385 618 2406 4.
639 2388 687 2413 tm.
707 2388 805 2407 errore:
825 2382 970 2412 quaerenda

235 2437 275 2463 11)
295 2434 459 2465 fermentato]
479 2434 551 2459 Editt.
574 2435 593 2457 1.
613 2433 634 2458 3.
655 2434 684 2457 de
705 2433 858 2458 sermentato

237 2487 277 2514 1¹2)
296 2486 386 2515 noluit]
406 2484 476 2514 Coro.
497 2486 520 2507 2.
540 2487 555 2507 4
582 2485 725 2513 typothetae
744 2489 843 2508 errore:
862 2483 938 2507 voluit

521 2534 645 2564 Spu-idon]
663 2534 735 2560 Editt.
759 2536 777 2559 1.
797 2533 818 2557 3,
838 2534 975 2564 Spiridion»
997 2552 1001 2555 .
1023 2552 1027 2555 .
1050 2551 1054 2555 .

238 2538 278 2563 13)
298 2536 426 2566 <pit-idone
448 2556 451 2559 .
471 2555 474 2559 .
496 2553 500 2556 .
1077 2532 1199 2562 spiridion

1238 241 1346 273 cultus
1370 242 1442 273 Deo
1466 243 1685 283 praestandos
1709 253 1802 282 esse,
1836 255 1933 286 quam
1954 245 2039 277 haec
2062 246 2209 280 ciborum

1238 284 1438 315 discrimina.
1494 285 1561 315 lmo
1586 285 1618 315 in
1641 284 1704 316 hac
1725 286 1798 327 ipsa
1820 296 1924 318 coena
1946 294 2093 328 praestat
2110 290 2209 320 maio-

1238 335 1291 356 res
1327 325 1452 364 cuhus,
1486 327 1553 368 agit
1576 326 1650 358 Deo
1674 329 1817 369 gratias,
1851 330 1975 370 cogitat
1997 330 2037 361 de
2058 329 2209 362 libertate

1237 367 1360 399 donata
1382 379 1402 399 a
1423 368 1567 400 Domino
1590 375 1705 400 nostro
1729 370 1803 401 lesu
1815 370 1960 409 Christo,
1984 382 2049 413 qua
2069 382 2137 403 non
2154 382 2208 404 so-

1237 407 1303 440 lum
1333 411 1373 441 ab
1404 411 1455 442 his
1479 412 1625 442 ciborum
1648 411 1794 452 legibus,
1830 413 1890 443 sed
1913 412 2015 445 multo
2036 425 2089 445 ma
2116 415 2144 445 is
2166 416 2208 446 ab

1237 450 1311 482 aliis
1345 453 1545 484 tristioribus
1579 453 1718 484 vinculis
1751 464 1814 485 nos
1847 453 1999 487 liberavit
2028 466 2068 487 ac
2114 466 2208 499 egem

1238 494 1327 525 cruci
1351 504 1432 525 suae
1454 494 1568 533 affixit,
1591 506 1633 526 ne
1655 505 1717 527 nos
1740 497 1881 528 damnet.

1322 536 1413 567 Haec
1447 539 1716 576 commemoravi,
1749 545 1784 569 ut
1802 539 1845 578 pii
1869 540 1992 576 sciant,
2027 549 2085 571 cur
2107 547 2138 571 et
2161 547 2209 571 ta-

1235 583 1353 609 xentur
1387 585 1419 609 et
1453 579 1602 620 exemplo
1630 579 1795 611 violentur
1821 580 1982 612 humanae
2004 582 2208 619 traditiones,

1237 625 1268 649 et
1288 619 1372 650 hanc
1396 622 1735 653 commemorationem
1758 632 1906 654 errorum
1929 630 2096 663 opponant
2111 625 2208 655 novis

1237 662 1450 700 Oratoribus,
1487 664 1540 703 qui
1562 674 1650 695 nunc
1672 666 1752 696 mira
1775 665 1965 706 Sophistica
2009 667 2122 707 ingere
2145 672 2209 697 tra-

1236 703 1374 734 ditiones
1398 704 1558 736 humanas
1580 707 1773 745 didicerunt,
1792 717 1876 747 quae
1899 708 1927 738 si
1949 718 1969 739 v
2006 714 2086 746 eret,
2098 707 2209 739 simili-

1236 746 1297 776 bus
1327 745 1410 777 fucis
1442 748 1539 778 etiam
1561 747 1721 779 Ethnicae
1754 748 1812 779 reli
1838 750 1932 781 iones
1955 751 2107 781 excusari
2131 759 2208 790 pos-

1235 794 1318 818 sent.
1364 790 1431 820 Sed
1467 789 1662 830 explodatur
1691 800 1731 821 ex
1753 760 1905 822 Ecclesia
1939 801 2033 822 amor
2054 791 2209 833 sophisti-

1236 840 1304 868 ceS,
1340 837 1371 861 etv
1393 831 1558 871 Scapham
1582 831 1745 873 Scapham
1769 833 1932 871 dicamus,
1966 843 2032 864 non
2054 833 2207 865 ludamus

1234 874 1408 903 verborum
1443 875 1641 915 praestigiis.
1705 874 1883 915 Postquam
1923 881 2030 906 autem
2064 885 2206 914 errores,

1234 916 1287 954 qui
1312 915 1446 945 haerent
1470 917 1500 946 in
1525 917 1764 954 traditionibus,
1781 918 2037 949 monstravimus
2057 924 2088 949 et
2099 927 2206 959 repre-

1233 957 1417 995 hendimus,
1452 968 1538 988 nunc
1561 959 1677 996 dicam,
1711 960 1787 999 quid
1807 960 1847 990 de
1869 960 1985 990 ritibus
2007 959 2207 1000 Adiaphoris

1234 1000 1437 1030 sentiendum
1455 1001 1508 1038 sit,
1531 1001 1585 1041 qui
1608 1002 1742 1032 remotis
1765 1000 1830 1032 illis
1853 1002 2021 1032 erroribus
2033 1008 2208 1033 servantur

1234 1043 1265 1072 in
1288 1041 1448 1072 Ecclesiis
1472 1043 1664 1074 emendatis.
2148 1053 2150 1060 ’
2197 1059 2205 1065 ν

1319 1084 1427 1115 Tertia
1460 1084 1586 1126 regula.
1632 1085 1667 1115 ln
1690 1084 1852 1116 Ecclesiis
1886 1086 2068 1117 emendatis
2091 1084 2207 1127 reliqui

1234 1132 1309 1157 sunt
1332 1127 1414 1157 ritus
1437 1125 1535 1168 aliqui
1559 1127 1751 1167 Adiaphori,
1786 1129 1862 1168 quia
1881 1127 1977 1159 huius
1999 1129 2087 1159 vitae
2107 1129 2208 1160 actio-

1234 1179 1293 1199 nes
1328 1170 1444 1200 ordine
1476 1169 1586 1210 aliquo
1621 1170 1865 1201 distribuendae
1893 1176 1980 1201 sunt.
2035 1170 2208 1202 Hominum

1234 1217 1351 1242 natura
1369 1210 1522 1252 intelligit
1544 1217 1575 1242 et
1598 1218 1686 1242 amat
1709 1212 1868 1250 ordinem,
1892 1213 1947 1254 qui
1965 1213 2095 1253 quidem
2107 1213 2209 1243 maxi-

1234 1263 1285 1283 me
1309 1254 1404 1283 decet
1432 1253 1616 1284 Ecclesiam
1646 1260 1677 1284 et
1701 1264 1905 1295 congressus
1923 1253 2084 1295 publicos.
2131 1254 2208 1287 Ideo

1235 1294 1358 1326 Paulus
1382 1296 1577 1336 gravissime
1600 1296 1678 1326 dixit
1703 1296 1730 1325 l.
1756 1295 1832 1326 Gor.
1858 1296 1907 1327 14.
1932 1299 1994 1333 [vs.
2017 1296 2083 1334 244
2111 1297 2208 1327 mim

1234 1337 1422 1376 εὐσχημόνως
1444 1340 1495 1367 καὶ
1517 1337 1591 1367 κατὰ
1613 1338 1694 1375 τάξιν
1717 1341 1857 1376 γινέσθω.
1891 1338 1966 1368 Νοη
1980 1339 2126 1369 ordinem
2138 1343 2208 1369 tan·

1234 1386 1312 1416 tum,
1346 1381 1403 1409 sed
1439 1380 1535 1409 etiam
1565 1378 1766 1419 singularem
1790 1390 1902 1410 curam
1925 1380 2062 1410 ornandi
2085 1380 2207 1411 ordinis

1234 1422 1380 1461 requirit,
1405 1431 1506 1461 quare
1527 1420 1650 1451 addidit
1666 1422 1708 1460 ¹⁴)
1743 1421 1945 1460 εὐσχημόνως,
1973 1427 2015 1452 ut*
2029 1421 2208 1458 videamus,

1235 1463 1309 1503 quid
1334 1473 1508 1503 personas,
1533 1462 1619 1500 loca,
1643 1468 1791 1502 tempora
1814 1463 1940 1494 deceat.
1993 1463 2121 1494 Maiore
2139 1473 2209 1494 mo-

1236 1506 1338 1536 destia
1372 1506 1404 1535 in
1438 1504 1568 1545 templis
1602 1505 1837 1542 conveniatur,
1871 1515 1967 1546 quam
1996 1506 2028 1535 in
2061 1502 2209 1539 theatroz

1235 1547 1331 1578 Actio
1365 1554 1396 1577 et
1432 1548 1538 1577 oratio
1567 1547 1752 1578 docentium
1776 1548 1819 1578 sit
1841 1546 2002 1587 placidior
2022 1548 2210 1589 et‘gravior

1235 1591 1267 1620 in
1301 1588 1358 1620 illo
1389 1596 1487 1620 coetu
1521 1590 1674 1620 divinitus
1694 1595 1894 1627 convocatO,
1926 1591 1978 1621 cui
2000 1588 2153 1620 Christus
2174 1595 2208 1620 et

1235 1631 1356 1674 Angeli
1378 1633 1551 1669 intersunt,
1574 1642 1670 1672 quam
1692 1632 1725 1661 in
1747 1641 1859 1663 scena.

1322 1674 1434 1715 Itaque
1457 1675 1529 1705 dico
1552 1674 1633 1704 ritus
1656 1673 1856 1714 adiaphoros
1879 1672 2085 1705 inEcclesiis
2103 1683 2209 1705 emen-

1237 1717 1321 1747 datis
1345 1717 1531 1747 servandos
1555 1725 1642 1753 esse,
1665 1715 1729 1747 hoc
1747 1716 1822 1754 fine,
1845 1714 1972 1747 scilicet
1994 1722 2131 1756 propter
2152 1717 2211 1747 bo·

1237 1770 1313 1790 num
1337 1760 1495 1796 ordinem,
1521 1759 1581 1789 sed
1602 1759 1663 1795 ita,
1686 1768 1728 1789 ne
1747 1759 1908 1789 addantur
1931 1758 2039 1798 opinio
2056 1758 2210 1795 iustitiae,

1238 1800 1345 1832 cultus
1369 1807 1423 1832 aut
1447 1801 1657 1832 necessitatis
1680 1807 1736 1831 aut
1759 1801 1861 1832 ceteri
1884 1809 2028 1838 errores,
2050 1810 2134 1841 quos
2157 1810 2211 1831 su-

1237 1854 1296 1884 pra
1320 1844 1483 1875 recensui.
1528 1843 1569 1874 Et
1589 1843 1759 1873 sciendum
1787 1849 1839 1873 est
1861 1848 1955 1873 extra
1979 1852 2091 1873 casum
2115 1852 2211 1874 scan-

1239 1886 1302 1916 dali
1323 1885 1438 1917 violari
1459 1885 1520 1916 has
1543 1885 1734 1916 traditiones
1757 1886 1827 1915 sine
1845 1891 1994 1925 peccato.
2039 1884 2133 1919 Quae
2155 1895 2210 1916 au·

1239 1935 1302 1959 tem
1326 1927 1482 1959 scandala
1507 1928 1638 1958 vitanda
1662 1928 1737 1964 sint,
1756 1926 1852 1967 paulo
1874 1933 1951 1967 post
1975 1927 2083 1957 dicam

1325 1971 1455 2001 Gerson
1500 1980 1618 2012 magua
1663 1970 1820 2000 varietate
1859 1969 2020 2010 quaesivit
2053 1971 2212 2004 ἐπιεικείας

1239 2014 1460 2044 traditionum.
1488 2012 1568 2044 Cum
1592 2011 1715 2042 w‘deret
1739 2011 1904 2052 ingentem
1922 2021 2076 2041 acervum
2093 2012 2210 2042 rituum

1241 2056 1461 2086 carnificinam
1485 2065 1561 2086 esse
1585 2054 1859 2084 conscientiarum
1882 2054 1915 2084 in
1937 2052 2122 2084 hominibus
2144 2062 2212 2083 mo-

1240 2100 1354 2131 destis.
1378 2098 1520 2128 Ecoutra
1539 2106 1617 2127 vero
1635 2096 1783 2126 homines
1806 2096 1912 2126 minus
1930 2095 2090 2136 patientes
2102 2094 2211 2136 legum

1240 2132 1375 2172 induere
1408 2145 1626 2180 contemptum
1650 2138 1845 2179 Epicureum
1879 2139 2054 2169 universae
2082 2136 2211 2179 religio-

1240 2184 1302 2221 nis,
1333 2184 1386 2224 qui
1415 2188 1482 2213 tam
1514 2180 1633 2212 multas
1657 2181 1850 2211 traditiones
1874 2189 2010 2211 servare
2032 2189 2099 2210 non
2121 2186 2213 2220 pote·

1240 2233 1327 2262 rantj.
1360 2224 1437 2256 fecit
1456 2225 1597 2266 gradus:
1622 2222 1733 2260 Aliae,
1766 2224 1885 2264 inquit,
1920 2228 2056 2254 ornatus
2080 2231 2212 2258 caussa,

1241 2267 1324 2298 aliae
1347 2267 1553 2298 necessitatis
1577 2275 1697 2296 caussa
1721 2266 1886 2296 institutae
1915 2270 2001 2297 sunt.
2047 2263 2113 2295 Sed
2136 2262 2212 2295 illae

1244 2310 1402 2341 Gersonis
1426 2310 1640 2350 mitigationes
1663 2318 1729 2338 non
1752 2307 1863 2338 levant
1881 2307 2112 2338 conscientias.
2145 2306 2211 2336 Au—

1244 2354 1377 2383 ctoritas
1412 2353 1519 2382 divina
1549 2361 1632 2381 voce
1654 2349 1891 2391 Apostolorum
1923 2349 2091 2390 proposita
2113 2347 2212 2386 levat,

1244 2405 1328 2436 quae
1352 2404 1508 2435 expresse
1530 2394 1631 2424 reiicit
1655 2393 1839 2433 opinionem
1857 2392 1998 2423 iustitiae
2020 2398 2051 2422 et
2070 2391 2212 2422 necessi—

1248 2533 1290 2558 m
1311 2531 1415 2561 addidit]
1437 2532 1505 2561 corp.
1528 2533 1598 2553 1-5,
1619 2531 1685 2555 addit

2131 113 2212 147 1⁰24

2326 928 2329 936 t

2318 1038 2329 1047 y.

2318 1082 2323 1089 .

2310 1561 2317 1571 1
2309 1547 2312 1554 ‘
2309 1216 2329 1525 ’ῑῖῆ-Ᾱ-νῑτῑττᾱῖ-
