2358 2933
548 105 572 136 l.
595 104 697 136 LOCI
718 103 992 135 THEOLOGICI:
1014 104 1058 136 D.
1080 104 1241 136 TERTIA
1261 105 1417 137 EORUM
1438 106 1596 137 AETAS.
2015 109 2079 140 810

76 107 142 147 8,(19

77 201 274 241 praecipuas
297 199 483 230 habiturum
506 198 561 235 sit,
580 198 737 228 describit
757 207 826 237 cap.
843 196 892 226 12.
907 199 973 234 [VS.
989 196 1051 235 lO.]
1074 200 1076 246 Ι
1095 207 1137 228 116
1166 199 1354 229 tristissimo
1385 198 1576 240 spectaculo
1595 200 1757 230 ruentium
1779 200 1990 240 imperiorum
2012 200 2078 232 fra-

76 242 371 281 Effundamusuper
394 241 524 271 domum
551 239 661 270 David
685 239 839 279 Spiritum
865 239 991 279 gratiae
1022 245 1054 269 et
1096 241 1139 270 cti
1169 241 1391 272 existimemus
1421 241 1544 272 nullam
1576 251 1652 272 esse
1681 241 1744 272 Dei
1778 241 1982 280 Ecclesiam,
2013 244 2077 274 sed

76 294 221 325 precum.
251 283 327 314 <Hic
350 283 493 313 nominat
509 283 642 322 propria
654 282 735 312 novi
743 280 943 311 Testamenti
954 281 1052 311 bona.
1095 283 1238 312 sciamus
1251 284 1334 313 inter
1347 284 1408 314 has
1422 283 1606 314 horrendas
1627 283 1839 315 confusiones
1852 291 1962 315 tamen
1975 295 2077 325 quae-

75 326 365 367 Spiritusgratiae
388 330 440 355 est
457 324 600 363 Spiritus
623 329 780 359 sanctus,
810 333 877 363 quo
898 323 1054 353 adiuvan-
1074 353 1077 370 Ι
1096 325 1232 355 rendum
1255 331 1287 355 et
1306 326 1511 356 retinendum
1530 336 1605 357 esse
1624 328 1761 357 verbum
1773 326 1847 363 Dei,
1871 333 1903 357 et
1925 337 1995 365 eos,
2020 328 2076 368 qui

75 368 262 405 tuneorda,
284 373 321 397 ut
341 372 528 408 agnoscant
539 366 648 397 audito
661 363 843 404 Evangelio
867 370 900 394 et
919 365 1054 395 credant
1074 371 1076 387 1
1095 376 1133 396 se
1155 366 1231 404 fide,
1255 367 1442 405 voluntate,
1472 369 1678 398 invocatione
1702 375 1732 399 et
1758 368 1970 400 confessione
2002 380 2077 400 cum

75 420 121 447 se,
135 411 239 450 recipi
260 410 299 439 ι111
329 410 486 451 gratiam,
516 413 663 438 statuant
690 416 769 437 vere
790 405 954 446 placatam
977 416 1053 438 esse
1073 392 1076 445 ,Ι
1096 418 1173 439 vera
1196 408 1350 440 Ecclesia
1374 411 1585 451 coniungunt,
1610 420 1686 441 esse
1704 412 1851 442 membra
1873 411 1987 451 populi
1999 412 2075 450 Dei,

74 454 155 482 iram
167 451 253 488 Dei,
266 451 390 485 Postea
409 460 489 481 vero
507 451 618 490 agnita
639 448 865 479 misericordia
887 449 1053 487 invocent,
1073 449 1075 487 l
1095 452 1282 492 ubieunque
1313 459 1404 489 sunt,
1438 454 1563 483 etiamsi
1594 453 1677 482 inter
1707 452 1865 484 tumultus
1896 464 2076 494 regnorum

74 504 115 525 ae
136 495 312 534 praecipue
344 494 491 524 nominat
513 491 761 527 invocationem,
792 491 867 531 quia
895 489 978 522 haec
1002 498 1052 522 est
1096 494 1254 524 servitute
1284 501 1339 524 aut
1369 502 1474 525 morte
1505 496 1741 534 opprimuntur.
1794 495 1889 526 Hanc
1923 495 2075 526 consola-

74 535 178 566 solius
207 535 379 566 Ecclesiae
409 534 535 571 cultus,
568 543 707 574 prorsus
737 534 869 574 ignotus
899 534 1051 564 omnibus
1072 558 1076 583 Ι
1096 537 1215 566 tionem
1246 537 1306 576 piis
1341 537 1564 567 neeessariam
1599 547 1674 567 esse
1714 537 1780 567 hoc
1817 538 1890 578 ipso
1927 544 2076 578 tempore

75 579 306 620 ignorantibus
330 576 556 617 Evangelium.
588 602 590 604 .

159 620 211 651 Ac
234 619 330 651 simul
353 620 501 650 doctrina
520 624 552 648 et
568 616 751 648 consolatio
770 618 919 655 traditur,
941 618 1052 648 admo-

74 673 189 699 nemur
212 669 246 693 ut
268 664 479 698 invocemus,
513 667 545 690 et
567 659 787 701 significatur,
820 658 907 690 hunc
931 659 1053 691 cultum
1072 669 1075 697 Ι

761 702 830 732 Hae
861 703 1051 743 descriptio-
1073 707 1074 718 ¹

74 706 150 740 Deo
167 710 302 745 gratum
330 710 361 734 et
389 713 454 733 non
484 703 610 732 irritum
632 701 714 732 fore.

72 756 133 777 nes
163 753 194 778 et
220 745 348 777 similes
378 746 410 775 in
438 744 614 785 Prophetis
648 743 879 781 utilissimeffl)
914 755 977 775 nos
1012 745 1052 775 de

72 799 160 822 novo
179 788 390 819 Testamento
413 794 443 817 et
467 786 637 817 beneficiis
661 787 737 817 novi
756 785 956 817 Testamenti
980 797 1052 818 eru·
1072 819 1075 833 Ι

1097 587 1211 607 omnes
1234 577 1430 619 intelligunt.
1477 578 1587 619 Saepe
1606 580 1691 609 enim
1714 579 1776 610 hac
1802 581 1981 610 tentatione
2005 581 2077 611 sani

1098 621 1343 658 concutiuntur,
1369 621 1421 651 An
1442 620 1534 652 Deus
1558 631 1697 661 prorsus
1722 622 1878 652 abiecerit
1902 621 1962 652 has
1990 622 2076 653 Gen-

1096 668 1159 698 tes,
1190 663 1244 692 ubi
1274 673 1340 693 non
1370 670 1499 693 manent
1529 662 1790 694 Ecclesiasticae
1818 663 1960 704 politiae.
2014 665 2076 696 Hic

1096 703 1188 734 multi
1206 711 1303 735 ruunt
1327 706 1360 735 in
1379 706 1657 745 desperationem,
1686 707 1781 746 pauci
1806 707 1851 746 pii
1876 707 1931 736 vix
1955 717 2075 747 magno

1098 748 1275 777 certamine
1297 746 1490 778 eluctantur.
1528 747 1598 777 Hos
1613 747 1746 779 dolores
1760 748 1954 778 describens
1968 748 2076 779 Oseas

1098 799 1169 829 cap.
1202 788 1251 819 13.
1283 792 1364 825 [τες.
1396 789 1435 820 13
1458 794 1521 830 sq.]
1552 801 1625 821 cum
1656 792 1750 820 etiam
1781 791 1821 821 de
1850 800 1939 821 novo
1963 790 2077 821 Testa-

73 832 180 868 diunt,
212 841 295 871 quae
325 831 454 871 quidem
481 831 617 869 propius
645 829 859 869 aspiciemus,
894 840 969 860 cum
990 829 1051 860 has
1072 840 1075 862 Ι
1097 837 1204 861 mento
1225 832 1372 862 dicturus
1396 838 1457 870 est,
1479 833 1597 873 inquit:
1622 832 1766 863 Dolores
1789 833 2000 872 parturientis
2021 843 2076 863 ve-

71 871 292 913 amplissimas
316 871 565 903 consolationes
590 872 632 901 ad
656 881 752 902 usum
770 878 920 901 nostrum
944 878 1050 902 trans·
1072 885 1075 918 Ι
1096 874 1185 904 nient
1210 874 1276 911 eis,
1310 875 1369 904 sed
1399 875 1440 905 de
1463 885 1561 905 manu
1584 877 1699 905 mortis
1722 874 1871 905 liberabo
1896 885 1976 911 eos,
2009 875 2076 906 Ero

71 914 216 946 feremus
232 917 275 953 5²)
300 921 334 945 et
356 915 504 955 spiritum
528 914 747 944 invocationis
772 914 1000 944 excitabimus.

112 991 114 993 ,
158 957 200 987 Et
217 956 410 997 plerumque
437 955 623 995 Prophetae
653 956 693 986 de
722 966 809 986 novo
839 955 1051 987 Testamento

73 1001 218 1030 dicentes
240 999 338 1030 simul
361 1000 402 1029 de
424 999 540 1038 poenis
564 999 735 1038 impiorum
763 999 994 1037 praesentibus
1019 1004 1052 1029 et

71 1043 212 1073 aeternis
242 1042 495 1077 concionantur,
525 1046 559 1070 ut
593 1040 709 1070 Amos.
744 1039 773 1070 9.
811 1043 892 1077 [vSS.
915 1040 1049 1079 S—ll.]

70 1083 161 1115 Ecce
178 1082 271 1119 >oculi
283 1083 347 1114 Dei
371 1093 471 1122 super
494 1092 632 1123 regnum
653 1092 809 1122 peccans,
834 1088 865 1112 et
884 1089 1053 1113 conteram

70 1125 168 1162 illud;
207 1126 442 1157 Verumtamen
476 1135 543 1155 non
574 1131 742 1154 conteram
775 1134 912 1165 regnum
941 1124 1052 1155 Iacob.

72 1168 164 1199 Ecce
187 1178 250 1209 ego
273 1168 438 1199 mundabo
462 1174 491 1197 et
512 1167 698 1198 concutiam
727 1167 758 1196 in
789 1168 939 1197 omnibus
965 1166 1052 1196 Gen-

71 1211 158 1241 tibus
171 1211 302 1241 domum
315 1209 430 1246 lsrael,
443 1210 526 1239 sicut
539 1209 722 1239 concutitur
734 1209 875 1238 triticum
887 1209 919 1238 in
932 1210 1051 1246 cribro,

72 1259 105 1283 et
122 1263 190 1283 non
210 1253 306 1283 cadet
324 1262 462 1292 granum
485 1260 585 1290 super
604 1256 733 1280 terram
767 1249 887 1280 Gladio
912 1252 1052 1281 morien-

70 1301 123 1325 tur
146 1304 261 1325 omnes
284 1299 489 1334 peccatores.
537 1293 572 1322 In
596 1292 648 1322 die
671 1290 727 1322 illa
751 1293 920 1323 suscitabo
944 1294 1052 1323 taber-

70 1335 227 1368 naculum
248 1343 310 1367 etc.
335 1336 368 1366 id
387 1342 454 1366 est:
479 1334 561 1366 Cum
585 1333 741 1375 colligam
765 1335 840 1365 mihi
853 1334 1052 1373 Ecclesiam,

71 1377 170 1410 simul
190 1377 402 1409 horribilibus
425 1378 541 1418 poenis
573 1375 750 1407 declarabo
779 1377 862 1407 iram
885 1377 1050 1408 adversus

70 1421 200 1461 impiOS,
223 1420 341 1451 deletis
365 1420 479 1461 regnis
505 1429 679 1458 excerpam
699 1425 731 1449 et
744 1420 887 1450 servabo
900 1421 1051 1461 exiguam

70 1462 324 1500 multitudinem,
358 1468 393 1492 ut
428 1461 534 1492 deleta
568 1460 803 1502 Hierosolyma
832 1468 863 1492 et
891 1462 1051 1502 dissipata

71 1511 168 1547 gente
190 1505 323 1535 Iudaica
342 1510 517 1545 excerptae
530 1510 607 1534 sunt
626 1502 783 1544 reliquiae
805 1505 1050 1544 praedicatione

71 1546 321 1587 Apostolorum,
340 1552 372 1577 et
390 1552 507 1587 postea
530 1545 709 1578 dilacerato
729 1546 864 1586 imperio
888 1546 1050 1584 Romano,

71 1589 224 1621 civilibus
258 1595 291 1620 et
322 1589 502 1619 barbaricis
527 1587 641 1626 bellis,
673 1595 781 1619 tamen
804 1587 959 1619 Ecclesia
983 1588 1050 1619 col-

68 1631 157 1662 lecta
179 1637 242 1670 est,
264 1637 295 1661 et
312 1642 400 1662 nunc
413 1631 591 1661 tristissimi
614 1641 790 1672 regnorum
813 1636 921 1661 motus
946 1637 977 1662 et
997 1641 1050 1661 ex-

71 1675 157 1705 cidia
179 1680 256 1704 sunt
277 1684 404 1714 poenae
433 1672 552 1703 fatales
575 1675 697 1710 mundi,
727 1674 810 1704 inter
833 1684 916 1714 quas
940 1680 1050 1704 tamen

69 1716 163 1747 Deus
180 1717 325 1756 excerpit
343 1715 542 1752 Ecclesiam,
561 1721 604 1753 et,
629 1726 702 1747 cum
727 1715 924 1756 glorificabit
948 1722 1049 1746 totam

69 1757 267 1795 Ecclesiam,
291 1757 387 1789 simul
409 1759 441 1788 in
463 1763 616 1788 aeternas
640 1768 766 1798 poenas
779 1759 908 1789 abiiciet
920 1759 1048 1799 impios.

70 1801 128 1832 Sic
151 1801 308 1831 describit
329 1811 451 1831 novum
477 1799 724 1831 Testamentum
748 1800 872 1831 Iesaias
897 1811 969 1841 cap.
995 1800 1047 1831 65.

69 1844 111 1873 de
133 1842 343 1874 inchoatione
358 1844 402 1879 ⁵3)
427 1848 459 1873 et
481 1843 728 1883 praedicatione
750 1841 892 1883 loquens
907 1847 975 1882 va.¹
988 1843 1047 1881 l.]:

69 1885 159 1917 Ecce
183 1895 245 1926 ego
264 1886 307 1916 ad
331 1885 483 1922 Gentem,
507 1895 590 1925 quae
614 1886 783 1916 nesciebat
812 1895 874 1915 me.
918 1885 1048 1916 Deinde

69 1928 110 1958 de
127 1929 245 1968 poenis
264 1928 436 1968 impiorum
450 1928 496 1968 ⁵⁴)
522 1929 603 1963 [vss.
630 1927 666 1957 ll
688 1930 772 1968 sq.]:
797 1927 884 1965 Vos,
917 1929 971 1968 qui
995 1928 1048 1959 de-

68 1969 247 2011 reliquistis
271 1970 466 2007 Dominum,
502 1970 534 1999 in
562 1970 664 2000 caede
695 1972 867 2000 corruetis.
917 1970 1048 2001 Interim

68 2020 180 2043 tamen
202 2013 315 2053 inquit,
338 2012 481 2052 Excerpi
504 2011 701 2049 Ecclesiam,
726 2018 760 2042 ut
781 2013 807 2042 si
830 2023 896 2043 una
914 2024 979 2043 uva
1001 2013 1048 2043 in-

68 2055 231 2092 veniatur,
254 2064 295 2084 ne
318 2055 516 2094 disperdam,
535 2055 648 2095 inquit,
672 2060 784 2085 totum.
830 2054 869 2085 Et
895 2056 936 2085 de
960 2065 1047 2086 com-

71 2095 215 2137 pletione
238 2097 316 2127 novi
338 2096 538 2127 Testamenti
566 2096 668 2127 addit:
702 2096 792 2128 Ecce
822 2107 898 2128 creo
933 2096 1048 2128 coelos

68 2149 175 2171 novos
194 2145 255 2169 etc.

155 2181 248 2212 Haec
272 2181 359 2211 dicta
377 2179 618 2221 Prophetarum
637 2182 878 2212 consideranda
899 2187 992 2219 sunt,
1015 2188 1050 2212 ut

68 2223 311 2254 inchoationem
346 2229 377 2254 et
406 2221 657 2264 completionem
679 2225 927 2260 discernamus3
956 2224 1048 2261 Item,

69 2344 115 2375 51)
135 2343 280 2375 utilissime]
301 2343 374 2368 Editt.
394 2343 416 2368 2.
434 2342 458 2365 9.
477 2343 628 2368 utilissimae

69 2395 116 2426 52)
136 2394 337 2425 transferemus]
356 2394 429 2418 Editt.
449 2395 471 2418 1.
491 2393 514 2418 3.
532 2394 720 2419 transferamus

70 2445 118 2476 53)
135 2446 307 2476 inchoatione]
330 2446 367 2471 sic
384 2445 458 2470 Editt.
479 2445 569 2470 1-15,
588 2445 642 2473 19.;
662 2446 763 2470 ceterae
781 2445 869 2470 Edita:
892 2445 1050 2470 invocatione

69 2496 115 2527 54)
136 2496 297 2527 impiorumt]
327 2496 400 2520 Editt.
421 2496 460 2519 18.
489 2496 530 2518 20.
557 2496 596 2521 22,
615 2496 656 2519 24.
676 2495 716 2519 25.
735 2495 778 2519 30.
796 2495 846 2525 34.‚
873 2496 945 2526 corp.
967 2496 1050 2526 1—8.,

137 2531 198 2561 opp.
219 2532 241 2554 i.
261 2531 285 2554 2.
305 2530 483 2560 imperiorum:

1096 926 1185 946 mors
1210 922 1275 952 tua,
1300 927 1319 946 o
1343 927 1440 947 mors.
1487 917 1571 952 Quid
1596 924 1693 948 vocet
1706 917 1839 948 dolores
1852 918 2076 957 parturientis,

1097 959 1178 988 satis
1202 957 1389 1000 intelligunt
1411 970 1498 990 nunc
1522 961 1604 990 sani.
1626 962 1679 1001 qui
1691 958 1880 990 afficiuntur
1894 966 2078 999 conspectu

1097 999 1226 1031 Turcici
1249 999 1411 1031 latrocinii
1435 1008 1465 1032 et
1489 1001 1625 1032 aliorum
1649 1001 1843 1032 tumultuum
1860 1013 1899 1033 ac
1913 1001 2077 1033 confusio-

1098 1052 1174 1072 num
1204 1043 1235 1072 in
1269 1042 1379 1074 multis
1414 1043 1510 1074 locis.
1567 1044 1634 1074 Sed
1663 1045 1774 1075 addita
1804 1049 1854 1074 est
1879 1045 2077 1082 consolatio,

1099 1095 1183 1124 quae
1221 1086 1294 1125 pios
1336 1085 1488 1116 hortatur
1527 1085 1706 1128 confugere
1747 1087 1790 1117 ad
1823 1088 2077 1126 promissionem

1098 1128 1174 1157 novi
1198 1127 1414 1158 Testamenti:
1448 1127 1515 1158 Ero
1550 1139 1639 1159 mors
1674 1136 1747 1165 tua,
1783 1140 1801 1159 o
1833 1139 1935 1159 mors.
1980 1129 2075 1160 Item:

1100 1168 1225 1205 Omnis,
1249 1170 1303 1210 qui
1326 1171 1491 1200 invocabit
1515 1180 1635 1201 nomen
1657 1171 1801 1207 Domini,
1821 1170 1934 1201 salvus
1959 1172 2031 1202 erit.

1184 1210 1273 1248 Dixi,
1297 1213 1374 1252 quid
1398 1213 1437 1242 sit
1462 1222 1583 1243 novum
1606 1213 1868 1248 Testamentumj.
1892 1213 1944 1243 Ac
1966 1215 2076 1245 monui

1099 1253 1373 1284 considerandum
1402 1264 1493 1292 esse,
1535 1265 1619 1295 quae
1659 1256 1747 1285 dicta
1782 1256 1822 1286 de
1855 1255 2076 1293 inchoatione,

1098 1305 1182 1336 quae
1217 1296 1256 1326 (le
1286 1296 1473 1337 impletione
1494 1299 1537 1336 ⁵⁵)
1571 1297 1758 1338 loquantur.
1820 1297 1950 1328 Dicitur
1991 1299 2077 1329 enim

1097 1348 1218 1368 novum
1230 1337 1488 1377 Testamentum,
1512 1346 1543 1370 et
1567 1342 1642 1380 quia
1664 1340 1841 1380 promissio
1856 1346 1931 1381 post
1946 1340 2077 1380 lapsum

1096 1381 1215 1410 tradita
1239 1387 1305 1418 est,
1337 1388 1368 1412 et
1395 1382 1471 1422 quia
1504 1381 1679 1413 inchoatur
1708 1393 1794 1413 nova
1817 1389 1849 1413 et
1872 1389 2007 1413 aeterna
2031 1384 2077 1415 iu-

1097 1423 1185 1453 stitia
1207 1428 1239 1453 et
1261 1424 1345 1461 vita,
1379 1434 1463 1464 quae
1486 1426 1575 1456 bona
1597 1426 1726 1466 integre
1755 1431 1831 1465 post
1860 1427 2076 1457 resurrectio-

1095 1474 1169 1495 nem
1193 1464 1442 1497 exhibebuntur.
1486 1467 1583 1498 Nunc
1607 1478 1686 1498 vero
1709 1466 1863 1498 Ecclesia
1886 1469 1919 1498 in
1942 1467 2006 1499 hac
2028 1470 2075 1499 in-

1096 1506 1189 1538 firma
1211 1514 1328 1538 natura
1353 1510 1500 1539 subiecta
1524 1516 1575 1540 est
1599 1511 1706 1545 cruci,
1742 1517 1774 1540 et
1804 1511 1939 1550 imperia
1963 1512 2074 1542 mundi

1095 1551 1203 1580 omnia
1226 1549 1384 1581 fatalibus
1408 1554 1523 1591 poenis
1543 1553 1772 1583 concutientur
1783 1563 1890 1593 usque
1906 1553 1947 1583 ad
1964 1552 2074 1584 finem.

1095 1591 1204 1626 Quare
1238 1593 1364 1623 etiamsi
1399 1593 1506 1625 deleta
1537 1601 1587 1625 est
1616 1594 1730 1635 politia
1754 1594 1857 1626 lsrael
1882 1602 1912 1625 et
1937 1606 2011 1626 cum
2035 1606 2075 1627 ea

1096 1636 1301 1666 ceremoniae
1329 1641 1359 1666 et
1390 1634 1544 1667 forenses
1566 1637 1676 1678 Leges
1705 1638 1872 1668 extinctae
1900 1644 1992 1676 sunt,
2026 1645 2074 1669 ta-

1094 1687 1168 1707 men
1191 1687 1257 1707 vox
1279 1678 1392 1719 LegiS,
1416 1689 1501 1720 quae
1523 1680 1641 1710 iudicat
1656 1682 1897 1720 ⁵⁶)peccatum,
1922 1679 2074 1711 w'delicet

1094 1730 1160 1749 vox
1190 1719 1354 1762 Decalogi
1384 1731 1515 1762 semper
1544 1728 1669 1759 manet,
1705 1729 1835 1753 manent
1870 1729 1901 1752 et
1934 1733 2072 1762 poenae,

1094 1762 1153 1792 sed
1177 1763 1238 1801 piis
1262 1764 1461 1804 mitigantur.

1180 1804 1273 1835 Sicut
1307 1812 1416 1836 autem
1450 1807 1482 1837 in
1511 1805 1625 1847 politia
1647 1806 1751 1837 Israel
1775 1807 1868 1838 Deus
1899 1818 2016 1849 pacem
2040 1815 2072 1839 et

1093 1845 1157 1877 alia
1187 1848 1274 1877 vitae
1303 1850 1475 1879 commoda
1500 1850 1648 1889 promisit
1671 1848 1813 1889 populo,
1843 1851 1872 1880 si
1902 1851 2070 1886 obedirem

1093 1890 1148 1920 Sic
1171 1889 1334 1928 Ecclesia,
1359 1901 1545 1932 quanquam
1568 1892 1738 1931 dispersus
1773 1898 1888 1923 coetus
1912 1899 1979 1930 est,
2008 1903 2072 1924 nec

1091 1931 1191 1962 habet
1215 1938 1339 1963 certum
1362 1934 1531 1974 imperium
1561 1941 1616 1965 aut
1641 1941 1764 1965 certam
1789 1935 1919 1972 sedem,
1949 1941 2072 1973 tamen,

1092 1975 1169 2015 quia
1191 1974 1267 2006 huic
1290 1976 1377 2006 vitae
1400 1986 1483 2016 opus
1508 1983 1558 2007 est
1582 1978 1667 2008 §ictu
1694 1982 1726 2007 et
1748 1976 1909 2017 hospitio,
1932 1978 2071 2018 promis-

1092 2018 1204 2048 siones
1228 2017 1343 2055 habet,
1369 2029 1437 2048 non
1466 2019 1507 2049 de
1531 2025 1622 2049 certa
1645 2020 1742 2057 sede,
1771 2020 1831 2050 sed
1855 2020 1894 2051 de
1917 2019 2070 2060 hospitiis

1092 2066 1124 2090 et
1146 2060 1235 2090 victu
1258 2061 1291 2090 in
1314 2070 1448 2102 genere.

1178 2101 1364 2133 Prudenter
1391 2104 1490 2145 igitur
1518 2103 1667 2144 exempla
1696 2114 1879 2144 poenarum
1905 2111 1938 2135 et
1967 2106 2071 2135 bono-

1092 2155 1164 2175 rum
1186 2144 1290 2175 Israel
1312 2147 1593 2177 accommodanda
1616 2153 1702 2176 sunt.
1747 2146 1791 2177 Ut
1809 2147 1853 2177 ibi
1866 2146 1984 2187 polluti
2002 2149 2071 2178 ido-

1091 2185 1144 2224 lis,
1172 2185 1361 2218 libidinibus
1393 2194 1422 2218 et
1452 2187 1525 2219 aliis
1554 2188 1737 2220 sceleribus
1766 2190 1868 2230 puniti
1899 2196 1993 2227 sunt,
2026 2191 2072 2220 ita

1092 2239 1180 2259 nunc
1213 2236 1378 2271 vagantur
1406 2241 1534 2270 poenae
1567 2241 1627 2271 per
1649 2241 1765 2262 omnes
1787 2230 1951 2271 pollutos:
1987 2231 2072 2266 Quia

1091 2272 1246 2302 iudicium
1276 2272 1340 2303 Dei
1367 2273 1531 2304 adversus
1563 2279 1699 2313 peccata
1727 2274 1812 2304 idem
1840 2280 1893 2304 est
1921 2275 2071 2306 oimiibus

1093 2315 1309 2354 temporibuS,
1333 2321 1364 2345 et
1387 2315 1537 2356 exempla
1560 2314 1617 2346 illa
1639 2316 1810 2357 proposita
1829 2322 1922 2354 sunt,
1956 2322 1991 2347 ut
2014 2328 2071 2347 vo-

1095 2366 1166 2387 cem
1184 2356 1285 2398 Legis
1308 2364 1339 2387 et
1362 2358 1516 2389 iudicium
1527 2357 1591 2388 Dei
1612 2359 1768 2389 universo
1793 2360 1906 2400 generi
1928 2359 2070 2391 humano

1093 2477 1139 2507 55)
1158 2476 1316 2507 impletione]
1334 2476 1407 2501 Editt.
1427 2478 1449 2499 1.
1469 2476 1492 2500 3.
1511 2477 1679 2507 completione

1094 2527 1140 2558 56)
1160 2527 1264 2558 iudicat]
1284 2526 1358 2552 Editt.
1380 2528 1401 2550 1.
1421 2527 1443 2552 3.
1462 2527 1555 2553 indicat
