2358 2933
117 105 181 137 933

118 204 243 229 tantum
265 196 398 237 politica
422 194 605 236 disciplina,
634 195 667 224 id
685 201 747 231 est,
770 194 880 235 Leges
904 191 1038 223 Solonis
1061 199 1092 223 et

117 239 240 270 similes
265 239 502 270 concionantur
520 238 560 268 de
583 242 718 267 externa
742 234 932 276 disciplina3
972 234 1015 264 At
1039 233 1091 264 lex

118 282 180 312 Dei
202 280 347 321 postulat
371 281 525 310 ardentes
550 285 656 309 motus
669 277 868 318 spirituales,
881 278 1092 318 agnitionem,
1115 282 1117 319 j
1138 287 1159 317 q
1178 320 1197 349 d

1114 324 1116 330 ⁸
1139 329 1175 349 se

117 324 277 360 timorem,
312 322 474 359 fiduciam,
504 320 712 352 dilectionem
734 320 816 356 Dei,
851 320 992 359 denique
1015 319 1092 349 obe-

118 366 269 396 dientiam
302 363 494 405 perfectam.
539 363 580 393 Et
613 368 749 393 econtra
781 362 933 392 iudicium
955 360 1018 391 Dei
1042 366 1092 390 est

118 414 149 438 et
182 406 338 437 horribile
367 407 580 436 ministerium
612 406 681 434 irae
715 404 843 434 divinae
878 403 1090 443 opprimentis

117 459 232 479 omnes
254 448 404 479 homines
427 458 493 478 non
518 453 640 477 tantum
662 451 798 486 propter
810 452 945 476 externa
959 444 1088 481 delicta,

117 492 178 521 sed
210 491 304 521 etiam
337 495 472 530 propter
494 489 668 519 interiores
692 489 845 518 tenebras
869 493 901 517 et
923 488 1087 517 immundi—

116 534 203 563 tiem.
249 532 301 563 De
334 532 398 562 hoc
432 531 597 562 horrendo
630 530 748 560 iudicio
782 528 926 570 loquitur
954 528 1089 566 Paulus,

116 585 182 605 non
216 575 257 605 de
280 574 464 615 Origenicis
498 571 668 613 allegoriis
702 578 756 602 aut
780 571 922 602 fabellis
968 570 1090 602 Dolen-

116 618 193 647 dum
226 622 276 646 est
311 616 539 657 gravissimam
563 614 744 645 doctrinam
769 620 800 644 et
822 613 993 644 Ecclesiae
1016 624 1089 654 pro-

115 660 219 699 priam
252 658 293 688 de
326 668 389 687 usu
413 657 529 698 LegiS,
563 657 604 686 de
637 657 816 687 ministerio
838 654 1025 697 Evangelii,
1050 656 1090 686 de

115 700 196 738 fide,
230 701 271 730 de
304 700 479 730 donatione
502 699 642 739 Spiritus
678 700 796 731 sancti.
831 699 871 729 de
904 699 992 729 veris
1015 698 1089 728 fidei

115 742 277 773 exercitiis
311 742 344 771 in
377 742 597 778 invocatione,
633 741 739 781 deque
761 741 903 771 motibus
925 751 944 771 a
967 741 1089 780 Spiritu

114 790 231 814 sancto
265 784 418 814 accensis
454 784 664 814 obscuratam
695 789 726 813 et
750 785 900 814 obrutam
924 792 1000 813 esse
1023 781 1088 812 illis

114 827 250 857 somniis
274 826 426 867 Origenis
459 836 526 855 non
554 832 644 856 recte
677 826 921 866 interpretantis
945 825 1088 855 Literam

113 874 145 899 et
168 868 336 909 Spiritum.

199 910 337 950 Semper
378 911 527 940 omnibus
561 911 764 950 temporibus
799 910 904 940 omnis
938 910 1087 940 doctrina

113 962 174 983 seu
196 952 297 993 Legis
321 962 380 982 seu
404 951 574 993 Evangelii
598 962 664 982 non
687 953 939 982 renascentibus
963 957 1087 981 tantum

113 1001 164 1026 est
187 994 299 1024 Litera
323 1001 353 1024 et
377 993 477 1035 fugax
501 995 627 1031 umbra,
651 994 715 1025 hoc
739 1000 807 1031 est,
844 1004 909 1024 11011
943 993 1085 1024 afferens

111 1038 160 1067 eis
192 1046 312 1067 novam
335 1042 367 1067 et
389 1043 554 1067 aeternam
576 1036 682 1068 lucem
706 1042 737 1066 et
759 1036 868 1066 vitam.
913 1036 957 1066 At
979 1036 1086 1066 Evan-

111 1078 187 1119 gelii
209 1079 384 1119 promissio
408 1079 557 1109 omnibus
581 1079 783 1119 temporibus
802 1077 861 1108 fuit
873 1079 1085 1108 ministerium

111 1122 251 1161 Spiritus
286 1122 494 1151 credentibus
518 1131 575 1151 seu
601 1122 665 1151 fide
688 1121 956 1155 1·enascentibus;
1002 1121 1085 1154 Quia

111 1173 185 1194 cum
208 1164 367 1202 accipitur
390 1164 510 1193 donata
534 1162 757 1194 reconciliatio
776 1169 911 1203 propter
929 1162 1086 1193 Mediato-

110 1215 179 1235 rem
204 1212 235 1236 et
258 1206 450 1236 accenditur
470 1206 563 1242 tides,
587 1206 727 1245 Spiritus
751 1212 887 1235 sanctus
909 1215 1029 1235 novam
1053 1210 1085 1235 et

109 1254 275 1278 aeternam
298 1246 406 1278 lucem
430 1253 459 1276 et
483 1248 582 1277 vitam
605 1248 636 1277 in
660 1247 756 1277 nobis
774 1247 918 1283 inchoat,
942 1253 975 1276 ut
989 1246 1083 1277 Rom.

108 1290 140 1321 S.
163 1290 296 1320 dieitur:
322 1289 450 1319 Sensus
463 1289 597 1328 spiritus
610 1290 677 1319 vita
690 1295 739 1318 est
753 1295 783 1319 et
802 1300 878 1329 pax.
908 1288 1016 1319 Valde
1029 1299 1084 1318 au-

108 1339 172 1362 tem
195 1331 331 1371 prodest
354 1332 386 1361 in
409 1331 474 1361 hoc
497 1332 568 1371 ipso
593 1330 730 1361 articulo
756 1332 968 1362 considerare
994 1331 1085 1360 mini-

108 1374 199 1405 sterii
221 1372 413 1414 Evangelici
438 1374 500 1404 vim
520 1380 550 1404 et
574 1374 773 1414 dignitatem.
821 1372 920 1404 Clare
943 1372 1083 1403 affirmat

109 1416 161 1447 hic
185 1415 280 1446 locus
303 1416 334 1445 2.
359 1415 436 1446 Cor.
461 1415 490 1445 3.
514 1425 574 1456 per
597 1415 812 1457 Evangelium
835 1416 906 1446 dari
931 1416 1083 1455 Spiritum

108 1456 268 1489 sanctum.
315 1458 388 1488 Non
411 1458 510 1499 igitur
533 1457 614 1488 alias
639 1457 858 1489 revelationes
882 1464 938 1489 aut
960 1457 1084 1488 Enthu-

107 1501 249 1531 siasmos
273 1501 345 1530 sine
369 1499 550 1541 Evangelio
575 1510 782 1541 quaeramus,
806 1501 866 1530 sed
889 1501 1083 1541 acquiesca-

108 1553 179 1573 mus
202 1543 233 1573 in
256 1543 329 1583 ipsa
351 1541 522 1583 Evangelii
545 1543 774 1583 promissione,
798 1543 884 1583 quod
908 1554 981 1573 cum
1004 1542 1082 1573 faci-

106 1594 194 1622 mus,
228 1591 352 1615 certum
376 1591 426 1615 est
450 1586 605 1624 Spiritum
630 1591 780 1615 sanctum
804 1584 973 1615 efficacem
996 1595 1082 1615 esse.

193 1627 346 1658 Ceterum
371 1628 411 1657 (le
435 1626 606 1667 disciplina
630 1638 690 1657 suo
714 1627 790 1657 1060
800 1629 844 1659 3⁷)
869 1628 989 1658 dictum
1020 1632 1081 1663 est,

107 1680 220 1700 omnes
244 1669 392 1700 homines
416 1680 481 1700 non
506 1675 637 1699 renatos
661 1676 714 1699 aut
734 1668 912 1699 imbecilles
926 1673 1082 1699 coercen-

107 1713 168 1743 dos
202 1718 233 1742 et
268 1713 308 1742 ad
334 1713 483 1742 virtutem
512 1710 783 1742 assuefaciendos
812 1722 887 1742 esse
910 1710 1081 1751 disciplina

106 1756 195 1785 iuxta
213 1754 320 1796 legem
343 1754 417 1791 Dei,
440 1765 524 1795 quae
547 1754 590 1784 ad
613 1764 674 1784 1105
697 1755 848 1794 pertinet.
878 1754 918 1784 Et
942 1764 1081 1785 caussas

106 1797 184 1828 alibi
194 1799 238 1829 3⁸)
274 1803 415 1837 quatuor
445 1798 709 1833 commemorati,
733 1807 869 1836 quarum
893 1797 996 1837 prima
1019 1803 1080 1833 est,

107 1840 181 1880 quia
213 1849 353 1869 necesse
383 1840 423 1868 sit
448 1838 520 1869 Deo
543 1839 755 1879 praecipienti
779 1838 982 1878 disciplinam
1003 1840 1080 1869 obe-

107 1882 188 1912 dire.
233 1882 387 1912 Secunda
421 1887 483 1917 est,
518 1887 551 1910 ut
570 1881 707 1911 vitemus
731 1891 867 1920 poenaS,
890 1882 964 1922 quia
988 1881 1080 1912 Deus

107 1923 318 1954 violationem
341 1922 532 1964 disciplinae
562 1922 762 1953 horribiliter
784 1925 886 1963 punit,
909 1930 943 1954 ut
967 1933 1080 1954 omnes

106 1967 215 1996 mundi
250 1965 453 1996 calamitates
479 1966 667 1996 vstendunt.
713 1965 820 1996 Tertia
845 1972 906 2001 est,
932 1967 1007 2007 quia
1031 1976 1080 1996 re-

106 2007 202 2048 liquis
226 2008 411 2038 hominibus
435 2018 518 2048 opus
543 2014 593 2038 est
616 2007 870 2048 tranquillitate;
905 2018 971 2039 nou
995 2010 1079 2039 enim

105 2057 230 2081 tantum
253 2051 348 2081 nobis
372 2051 483 2080 vivere
505 2060 566 2080 nos
590 2057 750 2090 putemus.
786 2050 910 2085 Quarta
933 2057 983 2081 est
1007 2061 1080 2091 gra-

106 2093 253 2129 vissima,
279 2092 366 2132 quod
389 2091 541 2122 videlicet
563 2092 632 2122 Lex
651 2098 699 2123 est
714 2093 926 2135 paedagogus
943 2095 973 2124 in
987 2093 1080 2124 Chri-

106 2142 201 2166 stum.
247 2135 307 2166 Est
341 2141 449 2165 autem
483 2135 668 2175 paedagogi
699 2134 860 2171 officium,
882 2146 949 2166 non
972 2135 1080 2167 solum

107 2180 273 2214 coercere,
298 2177 357 2207 sed
382 2177 477 2206 etiam
501 2177 630 2207 docere.
665 2176 879 2209 Commendat
903 2180 1001 2220 igitur
1023 2189 1080 2209 no-

106 2221 156 2250 bis
179 2219 261 2250 haec
291 2220 468 2259 descriptio
504 2219 637 2259 Legem,
672 2219 740 2250 vult
774 2231 846 2252 eam
870 2222 1020 2261 proponi.
1044 2227 1079 2252 ut

106 2263 223 2293 doceat
260 2272 321 2292 nos
356 2262 396 2291 de
419 2262 467 2291 ira
490 2260 570 2297 Dei,
593 2262 634 2291 de
656 2263 751 2293 bonis
775 2264 942 2305 operibus.
965 2274 1079 2294 assue-

105 2304 205 2335 faciat
228 2314 290 2334 nos
313 2304 355 2334 ad
378 2305 484 2334 bonos
509 2314 629 2340 moreS,
654 2305 695 2334 ad
719 2307 861 2337 studium
875 2316 1079 2347 cognoscen-

106 2348 168 2377 dae
191 2347 359 2377 doctrinae
383 2346 423 2377 de
442 2345 528 2383 Deo,
564 2353 716 2377 coerceat
739 2349 833 2379 etiam
857 2355 989 2380 teneros
1012 2350 1079 2379 ani-

105 2473 152 2501 37)
170 2474 229 2498 Scil.
249 2479 326 2503 supra
344 2480 368 2503 p.
387 2473 444 2497 654.

105 2523 151 2554 38)
170 2524 230 2549 Vide
249 2530 325 2553 supra
344 2531 367 2554 p.
388 2525 442 2549 717.

594 103 617 133 1.
640 102 742 133 LOCI
763 99 1042 132 THEOLOGICI:
1070 100 1112 131 D.
1136 99 1295 130 TERTIA
1319 98 1475 130 EORUM
1493 98 1649 129 AETAS.

1114 342 1116 356 1

1113 359 1115 391 A

2051 99 2115 130 934

1139 202 1211 223 mos
1234 199 1318 223 metu
1344 202 1535 232 poenarum,
1559 192 1617 222 sed
1641 190 1695 222 illa
1719 201 1839 232 magna
1858 189 1930 221 laus
1944 197 2005 228 est,
2026 194 2113 232 quod

1138 235 1202 265 hac
1237 234 1409 275 disciplina
1444 235 1487 264 ait
1521 235 1633 265 vocari
1667 243 1729 264 nos
1763 234 1805 264 ad
1828 232 2013 270 Christum,
2048 245 2113 264 non

1161 278 1226 307 uod
1259 282 1423 307 mereatur
1446 276 1618 317 disciplina
1641 277 1865 307 remissionem
1888 281 2112 315 peccatorum,

1232 320 1319 360 quod
1343 319 1494 349 Christus
1530 329 1594 348 non
1619 319 1660 349 sit
1684 317 1804 349 efficax
1826 319 1859 348 in
1883 319 2114 359 contemptori-

1138 362 1198 391 bus
1223 360 1425 401 disciplinae,
1449 362 1503 401 qui
1525 368 1739 400 perseverant
1762 362 1794 391 in
1816 359 1994 391 violatione
2017 361 2114 391 disci-

1136 402 1245 443 plinae
1264 410 1379 434 contra
1403 404 1648 434 conscientiam.
1694 403 1784 434 Haec
1818 413 1918 444 supra
1946 404 2113 444 copiosius

1137 446 1285 486 exposita
1308 452 1394 476 sunt.

1551 571 1699 611 [xvur]

1137 656 1197 686 DE
1232 655 1591 687 CALAMITATIBUS
1615 655 1670 686 ET
1693 655 1753 686 DE
1777 654 1941 693 CRUCE,
1975 655 2030 686 ET
2053 655 2114 686 DE

1333 732 1463 762 VERIS
1487 731 1917 762 CONSOLATIONIBUS.

1223 825 1292 855 Etsi
1328 826 1468 856 omnium
1502 827 1685 866 sapientum
1720 827 1939 868 cogitationes
1975 834 2005 857 et
2047 826 2113 857 elo-

1136 869 1299 908 quentiam
1323 869 1355 898 in
1378 867 1531 898 Ecclesia
1555 875 1584 898 et
1610 869 1696 909 apud
1708 868 1867 899 Ethnicos
1887 876 2113 910 consumptam

1135 920 1211 940 esse
1245 916 1378 950 apparet
1411 910 1443 940 in
1472 909 1696 951 deploratione
1730 911 1943 942 humanarum
1966 912 2112 942 miseria—

1134 963 1215 989 rum,
1238 958 1344 982 tamen
1369 963 1482 983 omnes
1506 952 1651 983 confessi
1682 960 1757 983 sunt
1779 954 2033 995 magnitudinem
2056 953 2113 984 hu-

1133 995 1183 1024 ius
1207 995 1383 1025 tristissimi
1408 996 1528 1031 oneris,
1552 997 1639 1036 quod
1663 997 1818 1026 universa
1835 996 1977 1027 humana
1995 1001 2113 1027 natura

1134 1037 1284 1074 sustinet,
1309 1037 1540 1078 comprehendi
1564 1048 1628 1068 non
1648 1048 1760 1078 posse.

1220 1079 1384 1113 Quantum
1419 1086 1470 1110 est
1502 1079 1705 1111 horribilium
1740 1080 1962 1121 exemplorum
1992 1082 2024 1112 in
2048 1089 2112 1112 tra-

1133 1122 1260 1162 goediis
1283 1128 1314 1152 et
1336 1121 1494 1160 historiis,
1518 1133 1601 1163 quae
1624 1123 1754 1163 quidem
1776 1124 1850 1154 ideo
1864 1125 2054 1161 recitantur,
2079 1131 2111 1154 ut

1132 1164 1287 1194 admoniti
1321 1164 1361 1194 de
1396 1171 1511 1195 nostra
1545 1163 1721 1205 fragilitate
1755 1166 1858 1196 simus
1881 1166 2110 1203 modestiores,

1132 1216 1193 1235 nec
1217 1216 1428 1236 accersamus
1453 1208 1547 1237 nobis
1570 1206 1715 1247 pericula
1739 1214 1770 1237 et
1794 1218 1918 1247 poenas
1934 1207 2042 1239 stultis
2057 1220 2112 1239 cu-

1132 1248 1330 1287 piditatibus.
1375 1249 1446 1279 Nec
1464 1250 1570 1279 minus
1593 1256 1702 1279 tamen
1727 1249 1948 1290 exemplorum
1971 1251 2110 1281 indoctis

1132 1291 1321 1330 quotidiana
1344 1291 1410 1321 vita
1434 1298 1606 1322 monstrat.
1652 1292 1703 1322 Ac
1728 1293 1768 1322 de
1789 1303 1921 1329 caussa,
1946 1303 2004 1323 cur
2028 1293 2110 1324 haec

1131 1333 1295 1363 hominum
1330 1339 1458 1370 natura,
1494 1343 1579 1374 quae
1613 1333 1776 1365 antecellit
1800 1335 1918 1365 ceteris
1942 1336 2110 1366 animanti-

1132 1376 1205 1411 bus,
1239 1376 1338 1405 tantis
1371 1376 1510 1406 miseriis
1535 1377 1684 1407 subiecta
1715 1377 1769 1413 sit,
1793 1379 1959 1417 sapientes
1979 1388 2111 1418 semper

1132 1418 1357 1457 disputarunt,
1381 1419 1467 1448 unde
1489 1429 1580 1449 mors
1604 1419 1664 1456 sit,
1687 1419 1774 1449 unde
1797 1426 1844 1450 tot
1867 1421 1990 1457 morbi,
2023 1421 2109 1451 uude

1132 1470 1308 1499 corporum
1332 1461 1428 1490 exitia
1450 1471 1516 1491 non
1539 1462 1702 1492 accersita
1726 1463 1847 1493 nostris
1871 1462 2030 1500 consiliis,
2052 1474 2109 1493 un-

1132 1503 1172 1532 de
1195 1505 1228 1532 in
1251 1502 1395 1542 imperiis
1419 1509 1530 1533 tantae
1553 1502 1783 1542 confusiones,
1807 1505 2022 1543 mutationes,
2048 1506 2109 1536 rui-

1131 1554 1203 1581 nae,
1228 1543 1448 1584 pestilentiae,
1473 1544 1559 1576 fame
1581 1547 1688 1577 necati
1710 1546 1834 1588 populi,
1857 1558 1987 1578 mersae
2009 1550 2107 1579 urbes

1132 1586 1323 1617 dehiscente
1347 1593 1445 1624 terra,
1472 1587 1600 1618 diluviis
1620 1595 1709 1619 totae
1732 1595 1849 1630 gentes
1873 1591 2022 1629 obrutae,
2042 1602 2107 1621 ma—

1130 1639 1216 1670 gnae
1238 1630 1339 1659 urbes
1362 1631 1478 1660 subitis
1502 1631 1660 1662 incendiis
1683 1642 1822 1672 prorsus
1847 1631 1984 1670 deletae,
2020 1635 2107 1664 deni-

1130 1681 1193 1712 que
1215 1670 1278 1702 alia
1297 1671 1397 1702 multa
1421 1679 1495 1703 sunt
1520 1674 1635 1711 tristia,
1658 1685 1744 1714 quae
1768 1673 1821 1704 vel
1844 1673 1952 1705 multis
1977 1675 2107 1706 1615111-

1130 1713 1216 1756 gulis
1241 1715 1392 1745 accidunt
1417 1716 1486 1745 sine
1509 1718 1655 1756 ipsorum
1680 1716 1831 1746 consilio.

1216 1755 1407 1797 Philosophi
1422 1765 1583 1798 quaerunt
1609 1769 1759 1789 caussam
1784 1760 1813 1789 in
1838 1762 1984 1798 materia,
2008 1771 2106 1801 quam

1128 1799 1217 1829 aiunt
1252 1809 1349 1829 ruere
1372 1806 1506 1830 aeterno
1531 1802 1649 1841 impetu
1673 1802 1712 1831 ad
1733 1800 1814 1831 alias
1837 1800 1962 1833 formas
1986 1813 2026 1834 36
2050 1814 2105 1843 ap-

1130 1847 1243 1881 petere
1265 1842 1369 1872 vices.
1414 1842 1498 1872 Hinc
1521 1844 1663 1873 extruxit
1686 1843 1885 1875 Aristoteles
1909 1855 2004 1876 suum
2025 1845 2105 1876 illud

1128 1884 1246 1924 dogma
1281 1884 1321 1913 de
1353 1884 1536 1924 privatione
1563 1887 1594 1916 in
1618 1887 1762 1916 materia.
1807 1887 1878 1917 Nec
1902 1888 2013 1918 dubito
2037 1899 2105 1918 mo-

1127 1932 1192 1956 tum
1227 1936 1302 1956 esse
1331 1927 1468 1967 primum
1503 1927 1664 1959 humanae
1698 1930 1812 1959 mortis
1847 1936 1878 1960 et
1901 1931 2103 1961 miseriarum

1129 1969 1339 2010 cogitatione,
1364 1968 1493 2000 Deinde
1517 1971 1659 2001 assiduis
1684 1972 1824 2007 vicibus,
1846 1983 1929 2013 quas
1952 1974 2101 2005 videmus

1128 2021 1241 2042 omnes
1276 2012 1521 2052 generationum
1556 2019 1585 2043 et
1620 2014 1883 2054 corruptionum,
1917 2014 2103 2055 plantarum

1128 2059 1158 2083 et
1192 2054 1400 2084 animantium
1442 2056 1593 2086 omnium.
1650 2055 1718 2086 Has
1755 2057 2103 2098 incomprehensibiles

1127 2097 1217 2126 vices
1243 2097 1400 2137 cogitavit
1424 2097 1465 2127 ita
1491 2108 1597 2136 ruere,
1631 2099 1678 2129 ire
1702 2104 1732 2128 et
1756 2100 1862 2129 redire
1884 2106 2021 2141 propter
2043 2112 2102 2132 va-

1127 2149 1188 2180 gas
1210 2139 1242 2169 in
1266 2141 1405 2169 materia
1427 2141 1628 2179 privationes
1652 2151 1711 2172 seu
1734 2143 1962 2181 appetitiones.

1212 2181 1342 2212 Deinde
1375 2190 1589 2214 accesserunt
1613 2190 1644 2214 et
1667 2183 1719 2214 alii
1743 2183 1947 2224 Philosophi,
1971 2187 2023 2227 qui
2047 2187 2102 2217 ad·

1127 2224 1277 2254 diderunt
1302 2233 1441 2254 caussas
1466 2224 1659 2262 efficientes,
1683 2225 1807 2257 scilicet
1830 2227 2001 2259 stellarum
2025 2240 2101 2259 con-

1128 2276 1245 2296 cursus
1279 2276 1319 2296 ac
1353 2268 1489 2306 positus,
1525 2269 1579 2308 qui
1602 2270 1772 2299 materiam
1795 2270 1886 2300 varie
1908 2276 2100 2311 temperant.

1127 2309 1221 2338 [nde
1255 2307 1312 2338 illa
1335 2316 1410 2339 sunt
1446 2311 1532 2350 apud
1555 2310 1725 2342 Manilium
1756 2311 2010 2351 [Astr0n0n1.1,
2042 2314 2099 2344 111

1126 2361 1175 2391 sq.
1196 2352 1246 2381 ed.
1271 2350 1407 2389 Bentl.]:

1280 2435 1464 2486 Omniaque
1499 2438 1538 2466 ad
1573 2447 1692 2469 numen
1728 2438 1809 2469 coeli
1834 2438 2015 2482 faciemque
2035 2453 2101 2472 mo-

1331 2489 1411 2515 veri,

1283 2520 1452 2551 Sideribus
1475 2522 1574 2552 variis
1598 2525 1796 2554 mutantibus
1821 2525 1934 2555 ordine
1957 2523 2034 2555 fata.

1898 2584 1944 2607 59·
