2358 2933
121 140 143 171 9
531 132 552 163 1.
578 130 677 162 LOCI
700 128 980 161 THEOLOGICI:
1004 129 1044 159 A.
1070 128 1209 159 PRIMA
1231 125 1385 158 EORUM
1409 124 1713 156 ADUMBRATIO.
2078 122 2116 153 10

125 231 217 262 nullis
237 233 348 259 tantum
367 227 444 255 locis
465 226 493 254 in
514 225 650 253 inferiore
670 224 801 261 margine
820 223 981 255 habentur3
1001 221 1078 250 adde
1098 222 1178 258 quod
1198 231 1255 249 uno
1275 220 1342 249 loco
1355 218 1645 248 Lucubratiunculae
1662 217 1736 246 haec
1755 217 1907 254 leguntur:
1929 216 2045 244 ..Nota:
2065 216 2115 244 ali-

126 285 186 313 qua
203 271 346 302 notabilia
364 268 502 307 exempla
520 268 651 305 margine
669 269 807 295 annotate
827 269 907 293 etc.·'‘
927 268 957 292 et
975 264 1072 292 scriba
1094 264 1132 291 iis
1152 273 1189 291 ex
1207 263 1338 300 margine
1358 262 1488 299 receptis
1509 262 1536 289 in
1557 261 1687 297 margine
1706 260 1886 297 adscripsit:
1908 269 1967 292 „ex
1986 259 2116 296 margine

126 316 269 353 collegi.‘·'
315 311 345 341 ln
366 311 586 340 Commentario
606 313 704 338 autem
725 307 821 337 semel
841 307 970 345 spatium
990 306 1124 334 relictum
1144 309 1192 333 est
1210 315 1335 333 vacuum
1357 305 1446 342 inque
1466 304 1595 341 margine
1619 303 1819 340 adscriptum:
1846 301 2038 335 „desectus-⁶
2084 299 2114 329 In

126 360 184 388 fine
203 356 365 385 voluminis
385 358 454 384 sunt
474 353 526 382 illa
543 352 668 381 Lutheri
688 352 725 379 de
745 351 829 388 lege,
855 353 978 388 peccato
1002 352 1031 377 et
1050 348 1143 386 gratia
1161 351 1270 385 postea
1288 348 1408 385 scripta.
1430 365 1469 367 —
1490 347 1591 383 Atque
1612 346 1665 379 iis,
1693 355 1770 382 quae
1789 347 1897 382 postea
1916 347 1985 372 sunt
2004 344 2114 376 addita,

124 400 271 438 exceptis.
292 398 366 427 haec
385 397 469 426 tertia
485 395 646 424 voluminis
663 404 733 432 pars
753 403 779 422 a.
804 394 893 422 15‘20.
906 394 1033 420 exeunte
1053 390 1101 418 vel
1118 400 1144 419 a.
1158 391 1248 419 1521.
1270 390 1389 417 ineunte
1409 389 1577 426 conscripta
1590 398 1662 416 esse
1675 387 1807 415 videtur:
1827 390 1856 414 et
1871 385 1922 414 ille
1935 385 2114 424 discipulus,

125 444 212 472 cuius
233 452 319 470 manu
340 440 437 468 omnia
456 442 525 467 sunt
544 438 726 475 conscripta,
746 436 801 464 hac
820 435 905 464 tertia
924 437 1005 472 parte
1026 444 1042 461 e
1061 432 1261 470 diligentioris
1281 431 1480 469 condiscipuli
1508 430 1612 459 libello
1642 431 1767 468 priorem
1795 428 2005 466 negligentiam
2031 429 2115 456 corri-

123 496 193 524 gere
212 484 327 512 videtur
345 482 492 510 voluisse.

210 523 511 555 Lucubratiunculam
527 526 625 552 autem
638 521 805 550 accuratius
821 519 989 557 conscripto
1005 516 1224 546 Commentario
1240 516 1438 555 praemissam
1458 515 1581 543 eandem
1600 525 1673 543 esse
1686 518 1775 551 atque
1795 513 1876 542 illam
1891 523 1907 541 a
1923 512 2116 542 Melanthone

126 572 193 609 ipso
214 569 396 606 indigitntam
416 565 502 594 facile
521 565 674 603 apparebit
692 563 881 592 contentione
901 561 1038 590 eiusdem
1063 564 1093 589 et
1111 560 1253 588 editionis
1272 559 1440 595 Witeberg.
1468 568 1494 585 a.
1527 559 1616 586 1521.
1637 561 1734 585 octon.
1755 556 1934 591 (Edz'tiom‘s
1961 556 2117 594 principis

125 613 243 641 nomine
264 610 436 647 insignitae)
455 608 541 637 sacta.
576 606 725 641 Quocirca
743 615 808 634 eam
834 615 851 633 a
870 604 987 633 Maurit.
1008 603 1179 640 Roedigero
1207 612 1244 630 ex
1263 601 1314 629 illo
1335 599 1411 629 Cod.
1433 599 1523 629 Goth.
1550 600 1727 637 descriptam
1757 602 1786 627 et
1813 609 1878 626 cnm
1907 598 1961 627 hae
1985 599 2115 626 editione

124 653 349 691 Witehergensi
370 654 566 689 comparatam
586 649 615 678 h.
636 649 656 677 l.
676 649 744 679 edo.
764 647 894 677 sublatis
915 651 1012 676 tamen
1032 645 1112 674 MSti
1132 645 1213 673 vitiis
1233 643 1395 682 apertisf),

228 806 254 836 ¹⁸¹)
278 807 370 830 Beatus
394 804 489 829 Maurit.
514 803 669 833 Roedigerus
691 802 756 826 hanc
774 800 1026 826 Lucubratiunruiam
1055 800 1122 823 omni
1149 798 1233 822 critico
1258 798 1380 827 apparatu
1406 797 1552 821 instructam
1578 795 1633 819 Viro
1653 795 1738 819 never.
1759 795 1840 819 Herm.
1862 794 1948 823 Agath.
1968 793 2116 823 Niemeyero

276 839 385 868 tradidit,
404 845 435 863 ex
453 838 524 863 cuius
543 837 660 862 manibus
681 836 734 866 ipse
755 835 847 865 accepi.
