2358 2933
96 96 160 128 817

94 185 314 225 benefaciunt,
348 196 414 217 non
447 185 598 226 polluunt
620 196 657 218 se
674 185 873 222 libidinibus,
907 195 972 215 non
996 192 1070 216 sunt

94 228 345 260 defraudatores
368 229 401 259 in
425 230 667 266 contractibus,
701 234 809 259 tamen
831 233 957 258 mentes
981 228 1070 258 dubi-

95 277 166 304 tant
188 272 229 302 de
249 271 466 314 providentia,
488 281 550 302 nec
572 272 728 302 invocant
740 270 857 307 Deum,
881 269 942 299 sed
960 271 1070 309 potius

94 313 237 348 fremunt
260 315 419 346 adversus
442 313 566 350 Deum,
596 324 669 344 cum
693 313 802 343 vident
824 313 857 342 in
880 316 970 341 tanta
994 321 1070 341 con-

96 359 224 390 fusione
253 357 341 388 vitae
363 365 465 396 saepe
483 354 606 396 negligi
632 356 746 385 bonOS.
791 353 882 384 Haec
907 352 1014 394 caligo
1038 354 1068 383 in

95 400 195 432 corde
217 408 370 440 magnum
392 403 565 438 peccatum
588 402 655 433 est,
678 395 766 435 quod
789 403 897 425 tamen
921 394 1069 425 homines

96 447 316 473 contemnunt.
379 439 460 470 Cum
503 445 611 469 autem
645 437 746 468 corda
787 447 907 467 aversa
939 443 1015 467 sunt
1050 448 1069 467 a

94 485 180 521 Deo,
204 484 341 514 virtutes
365 483 461 512 etiam
482 480 594 512 talium
616 489 681 510 non
705 484 894 509 renatorum
916 477 1069 519 polluun-

95 533 147 557 tur
170 534 232 556 nec
255 531 345 555 recte
368 528 535 565 reguntur.
560 520 731 552 Benesacit
755 521 897 558 AtticuS,
920 521 979 551 sed
1002 531 1068 551 non

94 573 230 608 propter
251 566 368 597 Deum.
413 564 594 595 Alexandri
628 563 784 593 fortitudo
820 572 897 593 vere
920 569 990 593 erat
1013 563 1069 593 do-

93 620 170 640 num
182 608 244 639 Dei
267 614 299 638 et
315 606 483 638 excellens
505 607 621 642 virtus,
645 611 676 635 et
697 614 765 642 reS,
788 614 871 645 quas
894 606 990 645 gerit,
1013 604 1067 635 ad·

93 652 246 681 iuvantur
279 660 299 680 a
320 649 412 684 De0;
445 648 513 678 Sed
545 646 735 678 Alexander
765 647 838 687 ipse
870 657 937 677 non
970 646 1069 676 habet

93 692 181 723 hunc
202 692 298 722 finem
320 690 537 731 propositum,
561 695 596 720 ut
617 688 691 719 Deo
714 690 848 726 serviat,
870 694 906 719 ut
928 698 989 719 sua
1011 698 1069 728 gu-

94 734 284 765 bernatione
317 737 520 773 propagetur
552 741 632 761 vera
662 732 702 761 de
726 730 799 761 Deo
823 731 956 765 notitia3
1001 730 1068 760 Imo

93 785 154 806 nec
187 784 266 806 vere
288 775 392 804 credit
415 784 508 804 suam
531 783 661 803 manum
683 773 717 803 in
740 771 929 813 praeliando
952 782 973 803 a
994 771 1069 802 Deo

92 818 282 858 gubernari,
317 816 377 846 sed
411 815 574 846 existimat
607 825 688 845 casu
722 821 752 845 et
786 825 846 845 sua
873 815 992 845 virtute
1015 823 1069 844 res

92 858 327 890 Macedonicas
351 867 515 888 crescere.
550 857 627 887 Ideo
651 856 826 898 negligens
840 856 959 894 Deum,
981 862 1070 896 post-

91 911 131 932 ea
165 910 240 930 sese
268 901 401 930 nimium
424 899 618 935 admiratur,
643 898 713 929 vult
735 909 773 929 se
797 897 860 928 coli
883 904 918 929 ut
941 908 1070 934 numen,

91 942 244 974 interficit
277 942 420 977 amicos,
454 951 473 970 a
503 941 622 981 quibus
641 941 820 980 arbitratur
843 951 880 971 se
898 950 965 970 non
988 940 1069 971 satis

92 983 292 1026 magnifieri,
327 984 390 1014 ruit
416 984 448 1013 in
470 981 623 1013 libidines
640 982 836 1023 flagitiosas.
881 982 953 1013 Hae
975 982 1069 1013 labes

91 1026 318 1063 ostenderunt,
353 1024 450 1066 quale
472 1024 568 1055 suerit
591 1030 688 1055 antea
712 1034 770 1054 cor
792 1025 999 1056 immundum.
1026 1026 1069 1058 67)

92 1069 182 1109 Ergo
216 1068 417 1098 immunditia
452 1068 563 1098 cordis
598 1072 630 1097 et
662 1067 801 1097 virtutes
836 1065 1014 1107 polluebat,
1037 1072 1069 1096 et

92 1116 211 1152 postea
233 1111 344 1151 genuit
367 1108 541 1140 manifesta
564 1107 704 1140 scelera.

177 1152 371 1192 Quanquam
393 1158 502 1182 autem
512 1152 602 1182 Nero
626 1158 657 1182 et
670 1151 831 1191 Epicurus
854 1149 957 1182 multo
980 1156 1068 1180 atro—

91 1195 161 1225 cius
195 1199 336 1234 peccant
369 1204 467 1234 quam
491 1193 593 1230 Cato,
628 1200 736 1223 tamen
758 1193 887 1233 utrique
911 1198 988 1222 sunt
1012 1202 1068 1231 op-

90 1237 198 1276 pressi
221 1236 365 1277 peccatis
387 1235 582 1265 mortalibus
604 1234 779 1265 horrendis
803 1241 834 1264 et
858 1235 906 1264 ira
928 1234 992 1264 Dei
1014 1243 1069 1264 ae-

91 1285 194 1310 terna.
239 1278 309 1308 Nec
345 1286 486 1307 necesse
520 1282 572 1307 est
604 1277 637 1306 in
671 1286 738 1306 non
761 1276 883 1306 renatis
907 1285 1068 1316 quaerere

90 1321 266 1352 discrimen
287 1319 415 1359 peccati
433 1317 580 1349 mortalis
599 1324 630 1348 et
644 1316 782 1349 venialis
796 1317 903 1355 [Rom.
921 1318 969 1355 14,
982 1317 1067 1356 23.]:

91 1363 175 1398 Quia
208 1372 322 1397 omne,
357 1361 446 1402 quod
478 1370 545 1391 non
574 1366 626 1391 est
648 1370 689 1391 ex
712 1360 788 1397 fide,
810 1366 983 1400 peccatum
1005 1366 1067 1390 est.

90 1405 172 1436 Cato
207 1410 257 1434 est
287 1404 357 1434 sine
391 1403 466 1433 luce
499 1412 578 1432 vere
617 1403 793 1433 invocante
826 1402 951 1440 Deum,
984 1400 1068 1443 fugit

90 1447 208 1483 Deum,
232 1445 341 1476 fremit
363 1445 525 1475 adversus
550 1446 634 1481 eum,
658 1454 732 1474 cum
755 1444 843 1474 videt
866 1454 904 1475 se
926 1445 1067 1475 incaus-

91 1499 129 1519 sa
170 1494 220 1524 (ut
251 1488 394 1523 videtur)
434 1487 571 1517 iustiore
605 1485 746 1527 negligi,
779 1485 833 1516 hic
866 1496 1003 1526 prorsus
1038 1486 1067 1516 ei

91 1530 197 1561 omnis
231 1530 272 1560 de
294 1529 368 1559 Deo
403 1529 575 1569 persuasio
609 1527 760 1559 elabitur.
812 1527 925 1562 Quare
954 1538 1067 1559 omnes

90 1572 239 1603 actiones
275 1572 344 1602 eius
378 1577 453 1602 sunt
487 1571 667 1601 damnatae.
713 1569 781 1601 Sed
803 1570 844 1601 de
866 1571 989 1602 renatis
1012 1580 1066 1601 ne-

91 1624 189 1645 cesse
212 1620 264 1644 est
288 1614 419 1654 quaeri,
443 1614 497 1653 qui
519 1612 661 1643 habeant
682 1618 822 1653 peccata
845 1612 1000 1651 venialia,
1035 1619 1067 1644 et

90 1657 145 1697 qui
169 1666 283 1686 eorum
305 1654 419 1696 lapsus
443 1656 591 1686 dicantur
613 1654 762 1686 mortalia
783 1661 931 1695 peccata.

176 1697 372 1738 Quanquam
395 1698 489 1736 igitur
511 1698 627 1733 renati,
650 1698 682 1728 in
706 1699 825 1738 quibus
848 1708 992 1729 aceensa
1015 1704 1066 1729 est

89 1740 212 1781 agnitio
238 1739 372 1777 Christi,
396 1739 478 1770 fides
502 1746 533 1770 et
556 1750 635 1770 vera
657 1741 840 1777 invocatio,
863 1746 895 1770 et
913 1740 1067 1771 inchoata

90 1788 141 1812 est
176 1781 373 1819 obedientia,
407 1788 483 1812 sunt
511 1783 604 1819 iusti,
638 1781 768 1822 placent
793 1782 866 1812 Deo
890 1788 922 1812 et
944 1782 1066 1813 habent

90 1823 245 1863 Spiritum
275 1829 437 1861 sanctum,
469 1830 575 1855 tamen
608 1826 641 1854 in
664 1825 710 1854 eis
733 1824 841 1854 adhuc
859 1825 891 1854 in
914 1824 976 1855 hac
999 1825 1066 1855 vita

89 1872 197 1896 manet
231 1866 348 1906 ingens
370 1866 559 1903 infirmitas,
594 1865 745 1897 videlicet
771 1865 877 1907 caligo
901 1867 934 1896 in
957 1872 1066 1897 mente

90 1907 131 1938 de
153 1907 240 1944 Deo,
263 1913 295 1937 et
318 1907 496 1939 voluntatis
521 1918 560 1938 30
584 1909 693 1939 cordis
716 1919 819 1949 prava
841 1907 1008 1939 inclinatio
1032 1914 1065 1939 et

89 1948 181 1980 multi
203 1949 312 1979 vitiosi
335 1949 481 1981 affectus
528 1950 699 1981 Incurrunt.
722 1953 754 1980 in
779 1951 919 1981 animum
942 1961 1065 1991 pravae

91 1991 310 2021 dubitationes
334 1992 374 2022 de
393 1991 477 2029 Deo,
502 1993 630 2029 fiducia,
654 1993 760 2029 timor,
783 1991 914 2023 dilectio
939 2000 971 2024 et
983 1992 1066 2023 aliae

90 2033 229 2063 virtutes
253 2043 368 2064 omnes
391 2033 494 2064 multo
516 2033 743 2075 languidiores
763 2041 849 2072 sunt,
873 2046 970 2075 quam
989 2045 1065 2066 esse

92 2075 267 2111 debebant,
300 2075 427 2105 interim
450 2086 511 2105 nos
534 2077 628 2116 ipsos
650 2075 754 2116 pluris
777 2075 934 2114 facimus,
968 2088 1066 2118 quam

92 2117 247 2156 oportuit,
278 2122 310 2147 et
331 2116 448 2147 alimus
476 2118 508 2147 in
531 2118 627 2148 nobis
650 2120 836 2159 superbiam
860 2125 891 2149 et
915 2119 1066 2150 fiduciam

91 2159 206 2195 nostri,
241 2164 271 2188 et
306 2158 367 2189 1130
401 2160 555 2199 superbia
573 2167 604 2189 et
626 2160 747 2191 fiducia
768 2162 873 2191 nostri
896 2171 1064 2192 movemus

91 2200 253 2230 interdum
275 2201 405 2231 incaute
428 2211 494 2231 non
516 2203 693 2238 movenda3
737 2202 781 2233 Ut
803 2203 919 2240 iosias,
936 2205 1010 2244 pius
1034 2210 1065 2234 et

92 2248 227 2272 sanctus
261 2253 333 2279 rex,
367 2241 489 2273 bellum
521 2242 625 2273 intulit
645 2244 808 2286 Aegyptio
832 2245 980 2276 offerenti
1010 2257 1065 2285 pa-

91 2293 180 2319 cem,
215 2290 245 2314 et
280 2285 497 2315 incenduntur
532 2286 638 2315 saneti
672 2297 770 2327 saepe
804 2288 933 2318 iniustis
968 2289 1063 2325 odiis,

91 2325 230 2355 flammis
264 2326 453 2357 iracundiae
475 2332 509 2356 et
530 2326 707 2365 libidinum,
743 2329 860 2369 quibus
884 2336 992 2361 tamen
1016 2340 1065 2360 re—

92 2372 249 2407 pugnant.
296 2367 377 2398 Sunt
400 2369 476 2398 item
495 2369 700 2409 ignorantiae
723 2376 754 2401 et
777 2372 965 2401 omissionis
988 2382 1064 2412 pec-

93 2414 166 2438 cata
220 2407 357 2448 plurima
401 2411 433 2440 in
467 2411 604 2447 sanctiS,
648 2412 731 2442 sicut
778 2412 921 2444 clamitat
955 2414 1063 2446 David

92 2500 138 2529 67)
157 2501 337 2532 immundum]
355 2502 428 2527 Editt.
449 2504 470 2527 1.
489 2503 512 2525 3.
533 2504 662 2529 mundum.

243 2559 386 2578 MELANTE.
402 2560 481 2578 ori-21³.
496 2560 558 2579 vor,
573 2560 626 2579 xxi.

562 94 585 124 1.
609 93 710 124 LOCI
733 86 1007 122 THEOLOGICI:
1042 86 1084 117 D.
1108 86 1268 120 TERTIA
1290 85 1446 118 EORUM
1469 86 1625 120 AETAS.

2026 88 2090 122 818

1119 184 1255 224 [Psalm.
1282 184 1332 221 18,
1359 184 1438 222 13.]:
1462 182 1592 214 Delicta
1615 183 1687 223 quis
1709 180 1878 222 intelligit?
1918 180 2017 212 Nulla
2040 188 2089 212 est

1118 229 1202 258 enim
1236 226 1359 258 functio
1393 225 1449 256 vel
1470 224 1708 255 Ecclesiastica
1730 223 1783 255 vel
1805 223 1938 263 politica
1960 221 2013 253 vel
2036 232 2089 253 oe-

1117 270 1299 306 conomica,
1317 269 1369 298 cui
1380 267 1463 298 haec
1475 267 1617 298 humana
1629 266 1799 297 infirmitas
1816 276 1877 306 par
1889 274 1963 295 esse
1975 264 2088 303 possit*

1203 311 1294 341 Haec
1327 309 1414 340 mala
1443 310 1476 339 in
1506 309 1628 339 renatis
1651 314 1727 338 sunt
1747 312 1861 337 contra
1883 305 1991 347 legem
2013 304 2089 342 Dei,

1116 359 1150 383 ut
1162 351 1285 383 Paulus
1309 358 1448 382 testatur
1461 350 1552 381 Rom.
1571 351 1599 381 7,
1625 356 1656 380 et
1679 356 1801 390 quanta
1824 350 1865 379 sit
1888 347 2090 383 deformitas,

1116 401 1239 436 quanta
1257 393 1448 434 magnitudo
1472 392 1587 423 horum
1611 391 1782 428 malorum,
1807 391 1850 430 pii
1868 391 1901 420 in
1923 389 2011 420 veris
2034 388 2091 418 do-

1115 437 1242 467 loribus
1264 435 1375 476 aliquo
1398 435 1496 465 modo
1519 440 1716 474 agnoscunt.
1762 432 1829 463 Sed
1851 432 1927 472 quia
1948 439 2091 471 persona

1115 485 1256 518 accepta
1284 483 1351 514 est,
1386 486 1532 507 accensa
1561 476 1727 516 agnitione
1756 473 1878 505 Christi
1907 479 1938 502 et
1968 472 2033 502 fide
2059 472 2091 500 in

1116 521 1217 552 corde
1237 526 1270 550 et
1288 520 1409 550 donato
1433 518 1553 558 Spiritu
1567 522 1684 547 sancto
1698 522 1728 546 et
1750 515 1861 555 aliquo
1885 514 1981 544 modo
2005 512 2092 543 infir-

1115 564 1258 593 mitatem
1281 561 1433 601 agnoscit
1455 566 1487 590 et
1510 558 1672 599 deplorat,
1695 563 1727 588 et
1746 556 1936 596 expavescit
1954 554 2092 602 agnitio-

1115 614 1157 635 ne
1179 605 1247 634 irae
1258 603 1321 634 Dei
1343 603 1504 633 adversus
1516 607 1701 641 peccatum,
1726 605 1758 630 et
1780 599 1861 638 petit
1880 597 2091 627 condonatio-

1115 656 1190 677 nem
1213 652 1243 676 et
1268 651 1429 685 repugnat
1452 644 1564 684 primis
1588 642 1759 678 incendiis,
1782 640 1862 671 fiunt
1884 639 1960 669 huic
1978 645 2092 677 perso-

1116 698 1178 719 nae
1200 687 1283 719 haec
1306 687 1392 718 mala
1415 685 1557 717 venialia
1581 689 1729 725 peecata,
1752 684 1784 714 id
1808 688 1869 720 est,
1894 680 2093 714 condonata,

1116 732 1160 760 ita
1182 736 1216 760 ut
1238 740 1305 760 non
1329 730 1496 760 excutiant
1519 727 1675 767 Spiritum
1697 732 1848 757 sanctum
1871 732 1902 756 et
1924 724 2031 760 fidem,
2053 730 2093 752 ac

1116 778 1249 802 maneat
1291 781 1439 812 persona
1478 770 1510 800 in
1557 770 1674 811 gratia.
1741 769 1831 800 Haec
1876 766 1964 798 clare
1997 765 2095 813 docet

1116 813 1240 845 Paulus
1266 813 1362 844 Rom.
1385 813 1416 844 S.
1442 815 1504 848 [vs.
1532 813 1588 850 l.:1
1635 810 1734 842 Nulla
1756 822 1844 842 nunc
1868 810 2095 854 condemnatio

1117 862 1166 887 est
1190 855 1253 893 his,
1278 856 1333 896 qui
1356 856 1389 886 in
1412 853 1545 885 Christo
1569 854 1644 885 lesu
1667 853 1850 891 ambulant,
1880 853 1911 882 id
1935 856 2002 887 est,
2037 853 2097 878 0181

1117 904 1193 928 sunt
1217 899 1249 928 in
1273 899 1321 928 eis
1344 902 1497 938 peccata,
1532 897 1704 927 infirmitas
1727 895 1799 934 illa,
1834 905 1932 937 quam
1955 892 2038 929 dixi,
2067 893 2097 921 et

1117 941 1225 971 vitiosi
1247 939 1405 977 affectus,
1435 945 1543 970 tamen
1567 949 1711 979 persona
1733 944 1872 981 accepta
1892 949 1960 981 est,
1985 950 2017 975 et
2040 946 2096 976 da-

1116 983 1238 1013 mnatio
1266 987 1393 1013 remota
1422 987 1488 1018 est,
1516 982 1603 1012 sicut
1626 987 1657 1011 et
1681 992 1783 1023 supra
1806 984 1909 1025 inquit
1933 985 2038 1022 [Rom.
2062 987 2094 1025 6,

1119 1025 1197 1062 144:
1219 1024 1295 1055 Non
1318 1025 1397 1055 estis
1421 1025 1483 1054 sub
1502 1022 1588 1065 lege,
1607 1024 1667 1054 sed
1687 1026 1749 1055 sub
1772 1027 1887 1066 gratia.

1202 1066 1299 1101 Quod
1312 1076 1392 1097 vero
1406 1066 1533 1103 dicitur,
1546 1065 1625 1096 nihil
1637 1076 1712 1096 esse
1720 1074 1903 1106 peccatum,
1915 1069 1978 1099 nisi
1987 1071 2028 1100 sit
2036 1080 2092 1100 vo-

1117 1108 1307 1146 luntarium,
1332 1107 1515 1149 caliginem,
1539 1109 1784 1146 dubitationem,
1807 1111 2016 1148 omissiones,
2039 1121 2092 1142 su-

1115 1152 1202 1181 bitos
1226 1150 1377 1186 affectus,
1402 1156 1652 1191 praecurrentes
1664 1151 1784 1181 iudicio
1798 1158 1829 1181 et
1840 1153 2003 1189 assensui,
2026 1163 2092 1184 non

1115 1202 1191 1223 esse
1213 1191 1418 1223 voluntaria:
1448 1192 1538 1222 Haec
1561 1191 1725 1222 cavillatio
1754 1191 1852 1223 facile
1876 1192 2010 1224 refutari
2032 1206 2089 1234 po-

1114 1241 1190 1265 test.
1234 1234 1320 1264 Nam
1343 1234 1464 1264 dictum
1486 1232 1584 1271 illud,
1607 1233 1695 1264 Nihil
1717 1244 1793 1264 esse
1816 1241 2006 1274 peccatum,
2029 1237 2092 1267 nisi

1114 1278 1156 1307 sit
1179 1275 1419 1313 voluntarium,
1444 1277 1484 1307 de
1514 1277 1631 1307 iudicio
1662 1275 1748 1307 civili
1770 1275 1931 1317 loquitur,
1959 1288 2026 1308 non
2050 1279 2091 1309 de

1114 1319 1232 1349 iudicio
1255 1317 1340 1359 legis
1364 1319 1503 1349 divinae.
1548 1318 1616 1349 lmo
1639 1317 1745 1359 caligo
1768 1319 1800 1348 in
1823 1325 1941 1356 mente,
1965 1320 2089 1350 dubita-

1113 1362 1233 1399 tiones,
1246 1361 1442 1391 omissiones
1455 1370 1594 1401 magnae
1607 1367 1639 1391 et
1661 1359 1794 1398 multae,
1816 1371 1881 1391 non
1905 1360 2089 1398 affectatae,

1114 1409 1146 1434 et
1158 1402 1279 1434 multae
1292 1403 1420 1433 subitae
1438 1402 1587 1433 flammae
1611 1409 1688 1434 sunt
1710 1411 1857 1442 peecata,
1881 1403 2005 1433 etiamsi
2024 1412 2089 1433 non

1113 1451 1189 1476 sunt
1212 1444 1408 1476 voluntaria.
1439 1444 1530 1476 Sicut
1552 1445 1675 1476 Paulus
1698 1446 1800 1486 inquit
1824 1445 1929 1483 [Rom.
1955 1445 1985 1483 7,
2007 1444 2088 1482 19.]:

1114 1487 1211 1522 Quod
1223 1486 1300 1518 nolo
1313 1486 1443 1524 malum,
1466 1487 1531 1518 hoc
1554 1486 1650 1519 facio.
1684 1487 1726 1518 Et
1750 1489 1790 1518 de
1812 1488 1928 1518 iisdem
1946 1486 2089 1528 loquitur

1113 1530 1253 1560 loannes
1276 1530 1426 1570 inquiens
1451 1529 1493 1566 [l.
1513 1540 1564 1570 ep.
1586 1530 1615 1567 l,
1635 1530 1695 1568 S.]:
1721 1530 1756 1561 Si
1779 1530 1915 1560 dicimus
1937 1539 1999 1560 nos
2022 1538 2088 1559 11011

1111 1571 1237 1603 habere
1258 1577 1442 1613 peccatum,
1465 1572 1643 1603 mendaces
1668 1582 1793 1603 sumus.
1825 1572 1987 1613 Loquitur
2005 1572 2090 1602 enim

1112 1615 1154 1646 de
1176 1614 1363 1645 infirmitate
1387 1620 1419 1644 et
1441 1614 1567 1645 vitiosis
1591 1615 1731 1645 motibus
1755 1616 1787 1645 in
1810 1615 1946 1652 renatis,
1963 1624 2030 1644 non
2049 1614 2090 1644 de

1112 1657 1261 1697 lapsibus
1295 1667 1420 1693 eorum,
1454 1657 1509 1697 qui
1545 1663 1659 1688 contra
1695 1657 1940 1694 conscientiam,
1973 1657 2005 1686 id
2028 1661 2090 1693 est,

1112 1699 1262 1731 volentes
1285 1697 1456 1740 indulgent
1478 1700 1590 1738 pravis
1614 1699 1802 1730 affectibus.

1199 1742 1255 1772 Sic
1290 1748 1321 1772 et
1354 1739 1479 1771 Paulus
1513 1741 1671 1772 discernit
1704 1747 1840 1781 peccata
1872 1752 2001 1778 eorum,
2034 1741 2089 1781 qui

1111 1790 1243 1815 manent
1266 1784 1299 1814 in
1322 1784 1438 1824 gratia,
1462 1789 1494 1813 et
1517 1781 1666 1822 aliorum,
1687 1784 1740 1823 qui
1760 1783 1927 1815 effundunt
1939 1784 2088 1826 gratiam.

1110 1825 1204 1857 Rom.
1235 1826 1266 1857 8.
1296 1828 1359 1864 [vs.
1386 1824 1447 1862 13.1
1494 1826 1528 1856 Si
1558 1826 1740 1856 secundum
1771 1837 1903 1857 carnem
1933 1827 2089 1865 vixeritis,

1110 1869 1305 1904 moriemini;
1339 1868 1406 1899 Sed
1423 1867 1450 1897 si
1474 1868 1590 1908 spiritu
1613 1869 1762 1898 actiones
1785 1869 1935 1908 corporis
1957 1868 2088 1900 mortifi-

1110 1911 1244 1948 cabitis,
1279 1911 1416 1946 vivetis,
1450 1910 1483 1940 id
1506 1917 1567 1947 est,
1590 1911 1618 1941 si
1641 1911 1753 1950 pravis
1777 1911 2008 1950 cupiditatibus
2032 1913 2088 1943 ob-

1109 1953 1338 1992 temperaverit
1361 1951 1515 1982 voluntas·
1540 1959 1694 1983 avertens
1717 1962 1754 1982 se
1777 1963 1795 1983 a
1819 1953 1904 1991 Deo,
1929 1965 2002 1985 eum
2025 1955 2087 1984 sci-

1110 2004 1170 2025 ens
1194 2001 1226 2025 et
1249 1994 1367 2025 volens
1379 1994 1442 2025 ruit
1463 2000 1579 2025 contra
1598 1994 1784 2025 mandatum
1801 1994 1876 2032 Dei,
1889 1996 1998 2026 abiicit
2009 2006 2087 2036 poe—

1110 2038 1294 2074 nitentiam,
1328 2037 1477 2067 timorem
1500 2036 1564 2067 Dei
1599 2042 1630 2067 et
1652 2037 1738 2066 113110
1762 2036 1874 2073 fidem,
1908 2038 1996 2078 quod
2018 2038 2086 2078 pla-

1111 2085 1184 2109 ceat
1205 2078 1292 2116 Deo,
1316 2080 1444 2109 sauciat
1461 2079 1618 2116 animum,
1648 2089 1689 2109 ne
1713 2080 1818 2119 possit
1840 2080 1999 2110 invocare
2020 2079 2086 2111 De-

1109 2132 1182 2157 um,
1215 2122 1338 2151 amissa
1361 2120 1468 2163 gratia
1491 2127 1523 2151 et
1546 2122 1667 2161 Spiritu
1691 2127 1807 2151 sancto
1830 2122 1944 2152 iterum
1968 2122 2031 2152 ruit
2052 2123 2086 2152 in

1110 2169 1257 2200 mortem,
1280 2162 1345 2194 hoc
1368 2169 1435 2200 est,
1469 2164 1610 2194 accersit
1633 2164 1695 2193 sibi
1718 2164 1798 2193 iram
1819 2162 1882 2193 Dei
1906 2169 1938 2194 et
1959 2174 2086 2203 poenas

1110 2212 1276 2242 aeternas,
1296 2212 1331 2235 ut
1342 2205 1449 2236 Adam
1474 2211 1505 2235 et
1515 2205 1586 2236 Eva
1609 2216 1669 2235 suo
1693 2203 1791 2244 lapsu
1813 2206 1991 2236 amiserunt
2014 2215 2086 2246 gra-

1109 2249 1187 2278 tiam
1227 2253 1258 2277 et
1293 2248 1354 2278 sibi
1387 2247 1578 2279 horribilem
1617 2248 1697 2277 iram
1732 2247 1795 2277 Dei
1828 2248 2084 2278 accersiverunt.

1110 2289 1176 2320 Sed
1211 2290 1239 2319 si
1263 2290 1387 2330 Spiritu
1420 2291 1568 2321 actiones
1594 2290 1742 2329 corporis
1767 2290 2016 2327 mortificabitis,
2040 2291 2085 2320 vi-

1109 2333 1208 2362 vetis:
1249 2331 1358 2362 Voeat
1393 2332 1543 2372 corporis
1577 2332 1742 2367 actiones,
1776 2331 1916 2361 vitiosae
1949 2336 2084 2362 naturae

1108 2383 1231 2413 pravos
1264 2380 1372 2404 motus
1397 2380 1427 2404 et
1450 2373 1683 2415 negligentias.
1728 2372 1819 2403 Tunc
1841 2379 1949 2403 autem
1971 2373 2083 2413 inquit,

1108 2425 1170 2446 nos
1193 2417 1340 2446 victuros
1364 2426 1456 2446 esse.
1481 2416 1513 2446 id
1537 2422 1606 2453 est,
1628 2418 1769 2446 retinere
1793 2416 1934 2456 gratiam
1958 2421 1990 2445 et
2013 2415 2084 2454 Spi-

1107 2458 1204 2488 ritum
1227 2464 1389 2494 sanctum,
1408 2459 1435 2487 si
1458 2458 1586 2488 vitiosis
1605 2457 1668 2487 illis
1694 2458 1834 2487 motibus
1854 2467 2084 2497 repugnemus,

1109 2506 1139 2529 et
1171 2498 1223 2530 hic
1254 2500 1378 2540 gradus
1408 2501 1513 2540 magis
1542 2500 1717 2540 perspicue
1749 2498 1934 2529 declaratur
1958 2499 1989 2528 in
2012 2497 2084 2528 aliis

1883 2558 1914 2580 52
