2358 2933
206 142 224 171 7
842 137 948 167 ΡΗΙΙ..
975 136 1074 167 Mlti..
1097 131 1279 168 SCRIPTA
1302 135 1575 167 DOGMA'rlCA.
2175 137 2198 169 8

215 232 355 263 l'm-rvde
374 241 407 261 :n
426 231 530 260 seium·
551 230 698 269 Ans-‹mbe
717 239 774 259 con
799 231 870 258 1521
899 229 995 259 selhst
1013 228 1175 269 gyedeukel.
1200 229 1360 266 Hamburg.
1385 231 1473 258 1752.
1493 230 1541 257 bei
1560 229 1627 257 Nic.
1648 227 1841 257 C.Wiirmer.
1862 229 1921 266 9¹l4
1940 228 2040 267 plagg.
2061 232 2090 258 8.
2102 231 2134 267 ι*)
2154 249 2193 255 -

207 275 252 304 Ex
272 275 328 303 hoc
346 273 421 301 libro
441 273 564 301 eandem
585 272 732 301 hocorum
750 272 1002 300 adiuullmtionem
1021 281 1048 299 a.
1073 273 1162 300 1794.
1182 272 1298 309 repetiit
1317 271 1487 299 Strohelius
1508 272 1535 299 in
1556 271 1575 299 l.
1596 270 1686 301 Neue
1699 270 1860 310 Requirt'iye
1878 280 1934 300 zm·
1960 271 2034 302 Litt.
2053 272 2116 304 bes.
2135 273 2192 304 des

209 315 294 346 xri.
313 315 427 346 Jahrb.
448 314 487 343 V.
510 316 535 343 2.
557 325 584 353 p.
597 316 655 342 :323
695 333 715 335 Ἀ
737 316 806 341 3-14.
828 314 872 341 sic
892 314 1079 351 inscriptam:
1103 313 1214 344 Erster
1233 312 1382 352 Entumrf
1400 323 1461 343 con.
1480 313 1723 343 Meluncmltous
1742 313 1853 341 hocist'
1879 312 2087 352 „Theologica
2110 316 2194 345 inst-‚ie

207 360 280 388 tutio
301 357 431 396 Philippi
446 357 688 385 Melani-hilionis
710 357 737 384 in
758 356 916 393 epistolam
930 355 1016 384 Pauli
1036 356 1072 384 ad
1089 355 1336 393 Romanum—”y
1358 356 1437 384 unde
1455 357 1554 385 denuo
1578 356 1671 384 edidit
1690 359 1718 383 et
1738 355 1889 393 praefatus
1910 360 1956 384 est
1970 356 2070 385 Fried.
2083 357 2192 396 Traug.

208 401 400 429 Frietlemann
426 401 453 427 in
475 399 566 428 hocce
586 398 705 427 libr-llo:
731 397 808 427 Phil.
830 398 1045 429 ‚lleltmtllom‘s
1061 399 1168 438 primu
1186 399 1389 429 ndnntbrate‘o
1406 399 1545 428 locorum
1564 398 1816 437 theoloyesscormn.
1836 397 2078 435 Wittenbergae.
2102 402 2193 429 1823.

210 442 249 472 ΙΧ
270 447 298 471 et
318 445 351 471 17
370 451 457 481 pagg.
474 448 512 470 ὃ..
532 443 600 469 item
621 441 726 469 eodem
746 450 821 468 antio
841 444 870 469 et
888 440 955 469 loco
975 442 1002 470 in
1016 440 1225 470 Miscellaneis
1245 442 1400 470 maximam
1420 445 1530 479 partem
1550 439 1681 469 Criticis.
1702 450 1762 468 cur.
1783 439 1978 468 Friedemann
1998 445 2027 469 et
2039 442 2193 471 Seehode.

210 484 280 512 Vol.
302 483 335 512 ΙΙ.
358 483 391 512 Ρ.
414 487 440 512 ·.‘.
463 494 490 522 p.
513 486 569 511 354
595 503 627 504 W
653 485 724 512 370.
2144 509 2146 511 ,

294 527 331 555 Et
343 527 499 563 genuinam
513 526 632 563 quidem
646 536 718 553 esst·
732 525 805 554 hanc
815 524 1039 556 Insti'wtr'mtmn
1053 536 1109 554 non
1120 527 1223 555 dubito
1281 529 1293 564 )
1306 530 1410 564 utpote
1424 527 1489 563 ipsa
1499 524 1630 563 Philippi
1645 535 1732 553 manu
1745 526 1902 563 scriptam:
1914 525 1969 553 sed
1984 525 2109 554 eandem
2122 536 2196 556 esse.

208 579 241 597 ac
265 569 582 599 Lucubratiunr-ulam
602 578 677 596 eam.
698 569 784 596 cuius
803 569 950 607 ecnlynri
973 573 1103 607 coeptae
1121 572 1149 598 et
1167 568 1393 608 propemodum
1409 568 1531 607 qmbcici
1546 569 1627 598 iuris
1641 566 1754 606 factae
1772 567 1946 596 Melanthea
1967 569 2033 606 ipse
2056 568 2084 596 in
2101 570 2197 607 prima

209 611 354 639 Locorum
375 611 506 639 editione
526 621 552 639 a.
579 612 665 638 1521.
687 611 865 639 intentionem
886 611 954 639 facit
967 633 974 644 ,
995 620 1118 649 prorsus
1139 620 1225 647 nego.
1272 609 1333 639 {sta
1359 611 1437 639 enim
1458 611 1603 639 institutio
1628 614 1686 638 tam
1707 610 1868 638 dissimilis
1888 614 1937 638 est
1956 610 2031 639 libro
2051 620 2078 638 a.
2101 613 2193 641 1521.

209 653 415 691 editotamque
428 663 527 691 parum
548 653 664 685 idonea,
685 662 811 690 quacum
831 652 1034 681 Melanthonis
1055 654 1216 690 descriptio
1236 654 1372 691 componi
1393 657 1480 691 queat
1496 652 1582 681 hisce
1601 652 1834 690 comprehensa:
1861 652 2103 686 „Desidet-abant
2132 653 2195 692 plo-

209 705 298 733 raque
315 696 523 724 accuratiorem
540 695 787 733 disputationem,
802 695 944 732 pleraque
952 696 1038 724 etiam
1053 695 1186 725 limam,·‘
1212 698 1243 723 ut
1263 700 1342 724 recte
1362 696 1432 724 mihi
1446 695 1547 723 videar
1560 696 1682 727 sentire,
1697 695 1778 724 illam
1791 705 1864 723 esse
1879 694 2078 725 Obelt‘scosin
2095 705 2196 729 suum,

209 748 264 765 non
284 737 462 766 auditorum.
484 747 571 765 usum
591 738 817 775 conscriptos-f)
837 741 865 765 et
885 737 922 765 ad
942 736 1081 766 loannem
1101 737 1235 765 Hessum
1266 747 1333 766 cum
1360 737 1412 766 illo
1438 737 1588 775 epistolae
1614 738 1651 767 ad
1670 737 1825 766 Romanos
1845 738 1984 776 exemplo
2006 738 2101 776 lquod
2127 739 2196 776 ipse

208 779 381 817 descripsit}
402 781 516 808 missos
525 782 592 817 ᾗ),
613 790 736 817 quorum
762 789 839 817 opus
865 780 936 807 mire
962 789 1097 808 crescere
1123 780 1226 807 scribit
1246 779 1419 808 Melantlion
1447 780 1544 808 eidem
1564 782 1653 818 †††);
1683 780 1720 808 ad
1739 780 1926 818 eandemque.
1945 785 2084 818 spectare
2102 782 2197 809 verba

209 831 298 859 supr-a
317 826 358 860 (p.
375 824 464 859 5sq.)
485 821 619 850 laudata:
639 822 789 859 ..Scripta
809 821 989 858 quondam:-

293 862 489 892 Desideratnr
508 864 595 901 igitur
613 873 680 891 vera
703 862 993 893 Lumbratfuncnla
1005 886 1016 899 ,
1046 873 1133 901 qnam
1154 863 1327 891 Melanthon
1346 873 1363 891 a
1382 872 1418 891 se
1436 864 1615 900 recognitam
1635 873 1669 892 ac
1695 865 1752 893 sub
1777 865 1914 893 incudem
1934 869 2100 894 revocatam
2120 874 2195 894 esse

208 905 288 933 dicit.
336 907 374 934 At
399 905 476 933 felici
505 910 585 933 sorte
610 905 734 933 eandem
762 905 836 934 hanc
860 915 957 933 veram
978 905 1095 933 Maurit.
1117 905 1308 943 Roedigerus
1334 906 1441 943 reperit
1468 906 1495 933 in
1522 905 1731 933 Bibliothecae
1755 905 1882 934 Ducalis
1906 907 2062 936 Gothanae
2087 907 2192 936 codiee

208 946 298 976 chart.
320 958 398 976 num.
421 950 490 976 1173.
512 951 620 976 octon..
643 948 692 985 qui
712 947 831 975 Dresda
851 946 980 976 Gotham
1001 948 1135 985 migravit
1154 947 1210 976 hoc
1230 947 1335 975 seculo
1356 948 1486 975 ineunte.
1532 947 1601 975 Tria
1619 948 1805 976 continentur
1822 947 1880 976 hoc
1899 948 2065 977 volumine}
2084 952 2118 986 α)
2129 949 2192 978 Me-

208 989 358 1018 lanthonis
378 991 596 1018 Annotationes
621 991 649 1018 iu
670 989 830 1027 epistolam
849 989 884 1018 ad
904 989 1059 1018 Romanos
1079 991 1116 1018 iis
1137 989 1266 1021 similes,
1290 998 1366 1027 quas
1386 988 1538 1018 Lutherus
1563 999 1590 1018 a.
1614 991 1703 1018 1522.
1723 989 1827 1023 edidit,
1847 990 1905 1019 sed
1923 990 1960 1019 ad
1978 988 2060 1019 XIII.
2079 994 2193 1026 mutiam

207 1033 314 1069 capitis
336 1033 421 1060 tinem
434 1033 471 1061 ab
485 1032 618 1061 auditore
632 1031 761 1070 quodam
773 1031 820 1069 *†)
840 1032 1053 1069 negligentius.
1075 1036 1106 1061 ut
1124 1032 1250 1063 videtur,
1271 1042 1304 1060 ac
1323 1032 1448 1060 liberius
1468 1033 1608 1070 scriptae.
1629 1036 1658 1060 et
1677 1033 1716 1060 ita
1736 1032 1868 1069 quidem,
1888 1036 1920 1061 ut
1938 1031 1984 1060 IV
2000 1034 2130 1071 priorum
2149 1042 2196 1062 ca-

208 1075 300 1111 pitum
319 1078 431 1102 textum
451 1078 537 1103 antea
561 1078 723 1102 atramento
743 1075 829 1103 rubro
856 1075 994 1112 pinxisse
1013 1079 1042 1103 et
1061 1085 1158 1103 coram
1178 1074 1372 1103 Melanthone
1391 1075 1600 1103 annotationes
1621 1074 1849 1107 interseruisse,
1874 1074 1989 1112 reliqua
2008 1084 2078 1103 vero
2097 1076 2196 1104 omnia

1231 526 1279 540 *fl*

208 1117 347 1145 recitante
366 1116 559 1145 Melanthone
579 1116 692 1145 calamo
711 1117 873 1154 excepisse
892 1117 1034 1145 videatur.
1050 1135 1089 1138 ἢ
1102 1117 1196 1145 Hisce
1215 1117 1294 1145 haud
1314 1116 1406 1145 multo
1426 1120 1496 1154 post
1514 1117 1694 1154 antescripta
1713 1120 1761 1145 est
1772 1125 1841 1154 pars
1854 1117 2047 1154 praefationis
2058 1116 2194 1151 Lutheri,

207 1168 294 1196 quam
314 1159 341 1186 in
362 1158 444 1187 soliis
464 1159 664 1197 sequentihus
685 1158 763 1187 albis
783 1158 942 1187 absolvere
961 1158 1100 1187 voluisse
1119 1159 1236 1188 videtur
1255 1160 1390 1197 scriptor.
1434 1160 1467 1197 ρ’)
1485 1158 1634 1187 Locorum
1654 1159 1853 1187 communium
1873 1159 1965 1188 editio
1985 1159 2142 1197 Viteberg.
2167 1169 2194 1188 a.

209 1202 298 1229 15-21.
319 1205 416 1229 octon.
464 1199 493 1229 ln
514 1201 644 1237 margine
662 1202 777 1239 passim
798 1201 902 1229 eadem
922 1211 1020 1230 manu.
1042 1205 1072 1229 ut
1090 1201 1216 1234 videtur,
1237 1202 1292 1230 sed
1312 1205 1419 1239 postea
1438 1201 1558 1235 (eodem
1578 1201 1640 1229 sere
1658 1205 1801 1239 tempore,
1822 1211 1881 1238 quo
1901 1201 1953 1230 illa
1970 1200 2096 1230 Lutheri
2113 1210 2195 1239 prae-

204 1241 325 1271 fationis
341 1246 423 1281 pars)
435 1243 603 1281 adscriptae
619 1248 688 1271 sunt
701 1243 959 1273 annotatiunculae
973 1243 1118 1281 quaedam
1133 1243 1224 1272 latina
1236 1243 1284 1272 vel
1297 1244 1417 1272 brevius
1430 1247 1600 1281 repetentes
1615 1243 1663 1271 vel
1677 1244 1844 1281 germanice
1863 1244 2024 1272 reddentes
2043 1243 2093 1272 vel
2105 1242 2194 1277 etiam

205 1283 402 1314 illustrantes.
423 1288 452 1322 γ)
472 1285 814 1314 Lucubratiuncula
846 1285 913 1314 illa
943 1287 1275 1314 communissimos
1303 1295 1420 1314 rerum
1448 1285 1748 1322 theologicarum
1776 1285 1884 1313 locos
1914 1286 2194 1324 complectens,

205 1336 291 1364 quam
310 1329 447 1365 sequitur
455 1327 660 1356 'Melanthonis
670 1326 910 1356 Commentarius
931 1329 958 1356 in
979 1328 1139 1365 epistolam
1158 1328 1195 1356 ad
1215 1328 1370 1356 Romanos
1389 1337 1425 1355 as
1441 1329 1530 1356 1522.
1550 1327 1711 1356 aLuthero
1732 1328 1910 1366 editus”†).
1931 1328 2014 1357 Haec
2032 1327 2195 1357 voluminis

204 1378 272 1406 pars
292 1370 494 1407 apographum
515 1374 561 1397 est
583 1371 754 1407 scriptionis
777 1371 917 1398 recitante
938 1370 1131 1398 Melanthone
1151 1370 1264 1399 calamo
1285 1374 1438 1407 exceptae.
1460 1371 1500 1397 uti
1521 1374 1581 1398 tota
1603 1370 1685 1398 illius
1707 1371 1778 1398 ratio
1799 1371 1904 1405 docet3
1936 1375 1966 1399 et
1985 1381 2061 1409 quae
2081 1370 2194 1399 Melan-

204 1410 274 1439 thon
294 1414 323 1440 ἐι·
346 1412 468 1453 παρόδῳ
482 1436 490 1445 ,
520 1422 575 1440 non
597 1412 745 1440 dictando.
766 1412 924 1440 addidisse
945 1413 1125 1440 videturxea
1146 1412 1321 1450 plerumque
1342 1413 1416 1440 inter
1436 1412 1558 1440 dictata.
1580 1422 1667 1440 cruce
1686 1413 1813 1450 adpicta,
1834 1417 1906 1441 sunt
1924 1417 2044 1451 recepta
2064 1422 2195 1442 ata-nnn-

307 1589 331 1610 ‘›
358 1589 401 1612 llic
419 1589 482 1612 liber
501 1588 655 1614 rarissimus.
675 1589 716 1618 qui
734 1589 758 1612 in
769 1588 860 1613 Kranii
878 1589 941 1613 libro
953 1594 1028 1618 supra
1041 1589 1142 1613 laudato
1160 1589 1213 1613 Vol.
1228 1588 1285 1613 vm.
1304 1594 1326 1618 p.
1336 1589 1385 1613 *239
1398 1589 1494 1612 -245,
1513 1591 1663 1613 recensetur
1680 1589 1819 1618 (invenitur
1836 1589 1861 1613 in
1872 1588 1986 1613 Biblioth.
2005 1590 2085 1613 senat.
2105 1588 2194 1613 llamh.

357 1625 381 1646 et
391 1622 498 1646 Norimb.
507 1622 613 1652 atquem
624 1622 685 1646 Bibl.
693 1622 763 1651 regia
772 1623 894 1649 Berolin.)
904 1623 987 1652 incipit
995 1621 1174 1652 apraet'atione
1182 1622 1219 1651 (p.
1229 1624 1243 1647 3
1250 1635 1283 1639 —
1291 1623 1352 1651 36),
1360 1623 1385 1646 in
1392 1627 1441 1652 qua
1447 1622 1552 1646 Kohlius
1560 1623 1633 1647 huius
1643 1622 1822 1652 disquisitionis
1830 1622 1962 1647 historiam
1970 1622 2050 1647 refert:
2056 1623 2083 1646 et
2089 1627 2192 1646 senten-

356 1657 416 1680 tiam
432 1661 578 1681 suam.ante
589 1656 667 1680 Locos
675 1656 760 1680 theoll.
771 1657 803 1681 ab
813 1657 867 1686 ipso
875 1656 1035 1681 Melanthone
1048 1663 1070 1680 a.
1082 1657 1152 1681 1521.
1165 1657 1275 1686 primum
1283 1656 1364 1680 editos
1377 1656 1487 1680 similem
1501 1655 1614 1680 libellum
1623 1656 1772 1685 breviorem.
1786 1662 1861 1687 quem
1873 1653 2191 1681 auctorLucubr-att‘un-

358 1688 456 1713 culam
477 1690 602 1719 appellet.
622 1689 699 1714 inscio
724 1692 799 1720 atque
826 1691 900 1715 imita
924 1693 1025 1714 auctore
1044 1691 1108 1720 typis
1127 1691 1280 1719 exscriptum
1299 1695 1358 1713 esse
1377 1691 1585 1719 argumentatum
1603 1689 1669 1714 hanc
1677 1690 1792 1720 sequitur
1809 1690 1845 1719 (p.
1864 1691 1896 1714 36
1910 1689 2006 1718 ——54.)
2024 1689 2191 1719 „Theologlca

357 1724 479 1747 institutio
489 1723 592 1753 Philippi
602 1724 783 1748 §lelanchtonis
797 1725 821 1748 in
840 1725 973 1754 epistolam
993 1724 1062 1748 Pauli
1081 1724 1113 1748 ad
1121 1724 1272 1748 Romanos*
1289 1729 1321 1747 ex
1338 1723 1503 1748 Melanthonis
1522 1723 1693 1752 autographo,
1712 1723 1778 1754 quod
1797 1723 1902 1748 Kohlius
1920 1722 1989 1748 illam
2006 1721 2190 1748 Lucubratiun-

357 1757 439 1781 culam
454 1758 518 1787 typis
532 1758 683 1787 exscriptam
701 1758 746 1781 sed
760 1758 894 1782 confestim
909 1763 1073 1787 suppressam
1093 1758 1193 1786 iudicat,
1221 1757 1300 1787 edita;
1327 1757 1384 1782 huic
1396 1757 1514 1782 adiuncta
1538 1759 1598 1781 sunt
1616 1757 1722 1781 haecce:
1743 1757 1762 1781 1.
1778 1756 1885 1781 Editoris
1915 1756 2024 1786 epistola
2044 1756 2076 1781 ad
2095 1757 2193 1781 Balma-

357 1796 443 1815 sarum
463 1791 728 1821 Gryphiswaldensem
747 1792 783 1821 (p.
803 1792 982 1821 55-60.),·2.
1001 1792 1144 1816 Balthasari
1163 1791 1270 1820 litterae,
1295 1791 1386 1820 quibus
1405 1790 1438 1815 ad
1455 1791 1524 1814 illam
1543 1790 1711 1819 respondetur
1729 1792 1766 1820 (p.
1785 1791 1860 1814 61-
1872 1791 1933 1820 64),
1952 1792 1974 1815 3.
1993 1790 2099 1815 Editoris
2119 1792 2191 1821 epist.

357 1824 388 1849 ad
408 1826 559 1854 Goeringum
579 1825 737 1850 {lundensem
755 1826 791 1855 (p.
809 1826 955 1855 65-69.),
973 1826 996 1850 4.
1016 1825 1132 1854 Goeringi
1150 1825 1195 1849 litt.
1219 1824 1252 1848 ad
1270 1825 1429 1849 Feuerlinum
1449 1824 1642 1853 Gottingensem
1659 1824 1696 1853 (p.
1715 1824 1869 1853 70—86.),
1895 1825 1917 1849 5.
1936 1825 2048 1854 Epitome
2069 1824 2192 1854 epistolae

358 1859 480 1883 Feuerlini
491 1859 522 1883 ad
533 1858 656 1884 editorem
675 1861 710 1889 (p.
725 1860 757 1883 87
777 1873 809 1876 -
827 1860 889 1889 89.),
907 1860 929 1883 6.
948 1859 1066 1888 Goeringi
1084 1859 1156 1888 epist.
1174 1858 1208 1882 ad
1225 1858 1349 1882 editorem
1368 1859 1403 1887 (p.
1422 1858 1569 1887 90-96.),
1588 1858 1610 1882 7.
1627 1857 1734 1883 Editoris
1752 1863 1903 1888 responsum
1915 1858 1948 1883 ad
1958 1858 2120 1888 Goerlngium
2132 1859 2193 1883 scri-

357 1894 426 1922 ptum
446 1894 482 1922 (p.
500 1894 532 1917 97
544 1894 664 1921 —116.).
684 1893 706 1917 8.
725 1893 891 1922 Hambergeri
910 1893 1081 1921 Gottmgensis
1091 1892 1199 1922 epistola
1216 1891 1415 1916 adreuerlinum
1434 1894 1471 1921 (p.
1483 1892 1573 1916 117—
1588 1892 1663 1921 123),
1686 1891 1797 1916 9.Huius
1815 1892 1872 1916 libri
1891 1892 2008 1917 indicium
2028 1893 2053 1916 in
2072 1892 2087 1917 l.
2099 1891 2191 1916 Ham-

357 1924 515 1959 burqische
528 1924 670 1950 Ber-echte
680 1927 716 1956 (p.
729 1928 775 1951 124
787 1928 906 1954 —133.),
928 1928 964 1951 10.
983 1926 1107 1951 Nonnulla
1125 1926 1221 1950 inedita
1239 1926 1455 1950 Melanchtonlana
1472 1925 1511 1955 (p.
1531 1926 1707 1955 134—138.),
1728 1927 1765 1950 11.
1783 1925 1863 1950 Iudex
1879 1927 1926 1956 (10
1943 1932 2019 1956 pagg.
2036 1932 2087 1950 non
2099 1928 2188 1956 num.).

299 1976 365 2002 “l.
368 1977 507 2006 Theologi
505 1977 729 2001 wa—Romanos
747 1977 784 2001 sic
802 1977 855 2006 ipse
874 1976 1017 2001 Melanthon
1035 1977 1060 2001 in
1080 1976 1237 2006 autographo
1255 1977 1321 2000 hunc
1345 1976 1458 2000 libellum
1478 1976 1612 2005 inscripsit,
1630 1976 1654 2000 id
1673 1976 1740 2006 quod
1757 1976 1861 2002 Kohlius
1880 1976 1896 2001 l.
1915 1977 1930 2001 1.
1948 1982 1971 2007 p
1990 1977 2030 2002 36.
2056 1976 2191 2003 adnotavit

290 2026 346 2055 ⁸‘)
358 2027 463 2084 ixionii-ills
465 2028 538 2084 ,hqui
549 2027 602 2085 hloc
611 2027 799 2086 lautograpfftgm
818 2027 985 2052 Melanthonis
1002 2027 1123 2058 possedit.
1141 2027 1166 2051 id
1184 2027 1291 2057 primum
1310 2027 1452 2051 accuratius
1471 2026 1602 2056 descripsit
1620 2026 1646 2051 in
1663 2027 1678 2051 l.
1697 2025 1805 2051 Hamb.
1817 2024 1968 2061 yelelzrten
1981 2024 2198 2058 Briefwechsel

381 2067 411 2084 es
450 2068 467 2083 a
490 2067 538 2084 res
576 2069 605 2086 to
649 2067 699 2091 pag
726 2069 740 2085 a
794 2067 847 2092 sqq.

308 2113 336 2141 τ)
366 2112 489 2136 Firmatm·
501 2111 524 2135 id
538 2111 592 2140 ipsa
600 2111 767 2137 Melanthnnis
778 2111 945 2136 praefatione.
965 2117 1028 2142 quae
1041 2112 1066 2135 in
1079 2111 1394 2136 tertiaeaetatisLocorum
1403 2111 1525 2141 exemplis
1533 2113 1627 2135 exstat:
1649 2110 1851 2140 „Prodesttirma
1870 2112 2036 2142 etpersplcua
2044 2112 2188 2137 testimonia

358 2145 390 2169 de
408 2145 514 2174 singulis
532 2145 644 2169 articulis
663 2146 791 2170 doetrinae
811 2145 967 2170 Christianae
987 2145 1074 2170 ordine
1093 2145 1227 2170 distributa
1244 2146 1314 2169 velut
1332 2145 1357 2170 in
1375 2145 1470 2169 tabella
1489 2145 1584 2169 habere
1603 2145 1743 2175 proposita,
1767 2148 1808 2173 ut,
1833 2151 1889 2170 cum
1908 2145 2037 2176 disputant
2054 2146 2131 2170 animi
2149 2152 2189 2170 se-

357 2185 413 2203 cum
433 2182 475 2203 aut
494 2179 634 2207 anguntur,
654 2180 796 2204 sententiae
815 2183 899 2204 certae
919 2180 942 2204 in
961 2181 1096 2209 conspectu
1115 2179 1175 2208 sint.
1198 2185 1262 2209 quae
1284 2179 1441 2209 trepidantes
1468 2178 1597 2207 erudiant,
1616 2179 1723 2208 erigant,
1741 2179 1897 2205 confirment.
1916 2180 2078 2205 consolentur
2096 2193 2127 2196 fl
2146 2178 2191 2203 Ad

359 2211 437 2236 huuc
449 2219 535 2236 uxum
547 2212 789 2237 domesticum
808 2213 920 2237 initio
940 2211 1016 2237 mila·
1029 2211 1081 2237 lto-³
1095 2212 1176 2237 locos
1188 2213 1306 2237 institui
1319 2226 1350 2229 —
1364 2226 1395 2230 —-—
1405 2213 1563 2244 primum
1576 2215 1607 2237 ut
1620 2219 1666 2237 me
1678 2213 1777 2245 ipsum
1789 2211 1956 2238 erudirem-²
1970 2215 2016 2238 etc.
2030 2213 2098 2237 conf.
2109 2214 2184 2238 etiam

359 2246 486 2271 secundae
506 2247 597 2271 aetatis
617 2248 788 2277 exemplorum
808 2247 943 2272 Praefatio.

293 2297 340 2327 ᾖ)
359 2297 418 2321 Vide
438 2302 514 2326 supra
533 2303 555 2326 p.
569 2298 583 2322 3
603 2303 638 2327 sq.
657 2300 743 2322 notam
751 2297 786 2327 *).

276 2347 339 2377 -;-;-“)
352 2347 378 2372 111
397 2347 504 2377 epistola
523 2347 545 2372 d
567 2348 604 2371 17.
614 2348 690 2377 April.
711 2349 781 2373 1520.
799 2349 902 2378 (recusa
919 2348 945 2372 in
962 2348 1036 2373 huius
1056 2348 1127 2378 Corp.
1145 2347 1197 2373 net.
1217 2347 1266 2372 Vol.
1281 2348 1297 2373 1.
1315 2347 1523 2378 p.156-—161.‚)
1541 2347 1584 2372 nbi
1602 2354 1623 2377 p.
1637 2348 1682 2371 158
1702 2353 1737 2378 sq
1755 2348 1822 2372 haec
1839 2347 1993 2377 leguntur:‚
1996 2346 2055 2377 lam
2075 2347 2107 2371 ad
2129 2348 2190 2373 obe-

358 2381 433 2406 liscos
452 2387 482 2404 ac
500 2381 569 2405 Pauli
587 2381 712 2406 Romanos
731 2383 854 2411 accingor.
890 2382 1061 2407 Obeliscorum
1080 2388 1142 2412 opus
1161 2382 1251 2406 crescit
1268 2381 1338 2406 mire.
1374 2382 1435 2407 Nam
1455 2387 1512 2410 non
1531 2385 1557 2406 ut
1576 2387 1717 2411 coeperam
1738 2381 1920 2407 annotationes
1939 2380 1985 2405 sed
1995 2380 2063 2405 locos
2074 2387 2186 2407 commu-

359 2421 405 2439 nes
424 2415 562 2444 scripturus
580 2421 637 2440 sum
657 2415 688 2440 de
706 2416 824 2446 Legibus,
842 2416 873 2441 de
891 2416 1004 2443 Peccato
1024 2416 1054 2440 de
1074 2416 1167 2445 Gratia,
1185 2416 1216 2440 de
1236 2416 1413 2446 sacramenns,
1432 2415 1513 2446 deque
1532 2415 1587 2440 aliis
1607 2416 1738 2465 mysteriis
1774 2416 1880 2440 Secutus
1898 2420 1954 2439 sum
1973 2414 2109 2440 Rhetorum
2128 2421 2187 2441 con·

362 2448 453 2478 silium,
472 2449 513 2479 qui
532 2449 594 2473 locis
613 2450 788 2475 communibus
807 2450 1021 2481 comprehendere
1041 2452 1110 2475 artes
1129 2449 1240 2475 iubentf‘

277 2498 320 2528 *ἢῆ
360 2498 452 2528 Capitis
473 2499 508 2523 lx.
526 2500 635 2524 ineuntis
654 2500 761 2530 margini
780 2500 932 2531 adscriptum
951 2503 1004 2526 est:
1023 2501 1091 2526 Hans
1101 2501 1181 2526 llesse
1199 2505 1231 2530 yn
1250 2500 1272 2525 d.
1285 2500 1385 2526 Nicklas
1404 2500 1612 2526 flasse—Haud
1632 2500 1706 2525 dubie
1725 2499 1885 2528 witebergae
1904 2499 1989 2524 omnia
2007 2502 2067 2524 sunt
2085 2500 2189 2530 scripta.

277 2547 335 2578 ’Ἣ
354 2549 461 2607 Εμίεὶιξὲα
481 2549 732 2608 αᾱῖὓέῧωῃῑῑιοῃεω,
760 2557 835 2583 quam
854 2551 979 2577 Lutherus
997 2552 1054 2577 huic
1072 2551 1175 2578 editioni
1192 2552 1335 2581 praemisit,
1361 2556 1451 2576 recusa
1476 2554 1514 2575 est
1537 2551 1561 2575 in
1586 2551 1687 2576 Lutheri
1706 2549 1818 2581 epistolis
1846 2549 1884 2573 ed.
1913 2549 1944 2574 de
1970 2549 2052 2574 Wette
2079 2550 2128 2575 vol.
2154 2551 2184 2575 ll.

361 2588 382 2611 p.
402 2587 424 2603 ·.
470 2595 502 2600 —-
539 2595 541 2597 ·
572 2602 578 2608 .
