2358 2933
208 125 270 155 339

211 227 278 246 rum
310 215 452 244 somnia.
488 215 575 243 miris
610 213 755 243 artificiis
787 214 976 250 incendant.
1011 212 1181 253 plurimum

210 268 280 288 mea
302 256 422 287 rci'crre
442 257 561 294 putaxi.
587 263 616 284 ιιι
638 255 693 284 tibi
710 265 822 295 regum
835 256 975 285 mimium
990 256 1180 286 doctissimo

211 300 398 330 exhiberem
432 298 494 327 hoc
525 297 697 335 scriptum,
732 305 761 326 ut
796 296 954 327 Maiestas
989 304 1042 328 tua
1075 299 1181 338 potius

211 352 250 371 cx
275 341 337 370 11111·
362 341 500 378 scripto.
536 349 631 377 quam
655 348 694 368 ex
719 338 855 368 aliorum
881 339 1070 377 calumniis,
1102 341 1181 371 iudi-

211 384 293 413 cium
308 383 346 411 111·
361 393 409 411 1111·
419 389 447 410 ct
462 389 528 409 toto
539 380 601 409 hoc
613 381 920 422 doctrinacgcncrc,
934 382 963 411 in
977 393 1041 422 quo
1054 393 1182 421 versor,

211 423 342 454 faceret.
391 423 577 462 Accipimus
604 430 635 451 11·
664 433 734 452 cnm
766 424 797 452 in
826 424 929 453 sacris
958 423 1059 454 literis
1090 435 1182 464 prac-

211 465 300 495 clarc
325 466 455 494 doctum
477 475 568 494 essc-
594 471 659 494 tnm
683 465 712 494 in
738 465 863 505 reliqna
888 465 1111 505 philosophia,
1143 478 1182 498 ac

210 507 383 547 praecipuo
418 508 447 535 in
483 506 536 536 illa
572 506 789 546 pulcherrima
821 514 930 547 parte,
965 508 1116 539 videlicet
1151 510 1181 539 in

211 549 472 579 consideratione
514 555 655 578 motmnn
696 556 724 579 et
767 549 941 580 effectuum
981 550 1182 588 coelestium,

210 602 272 631 qna
298 599 325 620 ct
354 599 485 629 propter
509 591 698 631 dignitatem
723 601 846 628 rerum,
871 600 899 621 et
925 601 1060 632 propter
1084 594 1181 623 maxi-

209 644 279 662 mas
304 631 459 662 utilitates
485 633 514 662 in
546 634 644 663 rebus
669 634 840 673 gertndis.
868 645 1012 665 sunnnos
1035 645 1074 665 ac
1097 636 1181 674 sapi-

209 676 396 704 entissimos
420 674 529 714 Reges
561 675 710 705 omnibus
737 676 898 705 aetatibus
929 677 1065 707 maxime
1094 676 1181 707 (lelc-

210 725 314 747 ctatos
350 727 424 746 csse
454 715 608 757 legimus.
643 718 804 747 acerrimo
832 719 955 755 studio,
991 726 1020 748 ct
1057 729 1182 749 summa

210 770 282 789 cum
306 759 476 798 prudentia
502 760 637 789 versari.
685 759 853 789 Accedunt
880 761 920 790 ad
944 766 1064 790 tantam
1089 771 1181 801 prac-

209 802 481 831 stantissimarum
505 803 621 831 artium
646 801 843 839 doctrinam,
874 808 903 831 ct
929 809 1060 832 veterae
1082 805 1181 833 virtu-

209 851 258 873 tes
278 844 396 883 dignae
415 853 533 883 magno
554 844 709 883 principe.
730 843 851 873 lustitia
872 845 901 873 in
921 845 1067 884 imperio,
1090 846 1181 885 pacis

209 885 348 915 tuendae
373 895 461 921 cura,
487 886 675 925 magnitudo
700 886 807 916 animi.
832 886 948 925 pictas,
972 887 1112 917 studium
1136 887 1182 917 iu-

209 928 336 957 vandae
360 934 386 956 υι
415 928 581 957 ornandae
606 926 772 967 religionis
797 927 1018 965 christianae,
1042 928 1182 960 clemen-

209 970 252 999 tia
276 980 314 999 ac.
340 970 467 998 bonitas
498 970 625 999 eximia.
662 980 745 1009 quae
776 980 849 1000 cum
880 971 910 1000 in
939 969 1012 1001 aliis
1043 972 1183 1012 negotiis

210 1012 366 1047 cernitur,
401 1018 466 1041 tom
496 1013 590 1041 ctiam
622 1013 653 1041 in
683 1011 746 1042 hac
770 1011 930 1049 relucet,
961 1014 1048 1053 quod
1072 1014 1103 1043 in
1128 1020 1182 1044 tuo

209 1064 311 1095 regno
336 1052 424 1083 nulla
449 1054 585 1084 saevitia
609 1054 639 1083 in
663 1053 810 1084 homines
834 1056 958 1092 bonos,
981 1056 1183 1093 moderatos,

209 1104 237 1127 et
263 1096 431 1126 studiosos
456 1096 595 1135 purioris
619 1096 788 1126 doctrinae
812 1095 1069 1128 Ecclesiasticae
1092 1108 1183 1128 exer-

210 1139 275 1171 ceri
301 1139 428 1174 dicitur,
454 1148 525 1168 cum
550 1139 581 1168 in
605 1137 676 1168 aliis
702 1139 796 1168 terris
815 1140 996 1180 principum
1015 1141 1183 1170 iracundia

210 1182 279 1211 sine
304 1181 400 1210 modo
429 1182 606 1217 exarserit,
630 1181 670 1210 de
694 1191 830 1221 quorum
857 1180 994 1211 consilio
1017 1181 1097 1212 nihil
1119 1181 1183 1212 hoc

210 1222 283 1253 loco
314 1224 499 1262 disputabo.
549 1222 687 1253 Tantum
722 1222 801 1253 illud
831 1224 953 1261 dicam,
988 1224 1075 1264 quod
1108 1223 1183 1254 mihi

209 1266 353 1296 videtur.
390 1264 505 1305 Neque
528 1266 620 1295 dccet
644 1263 827 1295 Ecclesiam
850 1267 970 1296 iniusta
995 1265 1183 1303 crudelitas,

210 1318 315 1349 neque
346 1306 515 1346 profutura
547 1314 596 1337 est
633 1308 674 1337 ad
710 1308 944 1338 restituendam
969 1307 1184 1348 tranquillita-

210 1358 285 1380 18111.
327 1349 439 1389 ltaque
462 1350 643 1379 moderatio
668 1356 721 1379 tua
746 1350 844 1390 digna
867 1351 954 1380 bono
974 1360 1013 1380 ac
1037 1351 1184 1389 sapiente

210 1392 380 1431 Principe,
414 1390 500 1421 hand
532 1392 628 1421 dubie
651 1391 723 1421 Deo
756 1398 849 1433 grata
874 1398 933 1421 est.
978 1391 1022 1422 Ut
1046 1393 1129 1423 enim
1152 1393 1184 1422 vi

211 1445 341 1475 quoque
365 1432 533 1464 coherceri
553 1432 714 1464 fanaticos
735 1440 765 1464 et
784 1435 901 1474 impios
920 1434 1069 1464 homines
1092 1434 1184 1464 Deus

211 1477 380 1517 praecipit,
405 1477 449 1505 ita
466 1475 590 1506 nullum
603 1475 767 1506 crudelius
787 1482 837 1506 est
849 1477 1068 1516 parricidium,
1088 1486 1184 1516 quam

212 1518 307 1549 simul
331 1519 420 1558 pios,
449 1528 486 1548 ac
511 1519 655 1548 membra
679 1518 801 1549 Christi
825 1518 1006 1556 trucidare,
1036 1518 1184 1549 lacerare

210 1571 322 1592 veram
346 1559 546 1597 Ecclesiam,
571 1567 600 1589 et
626 1559 735 1591 delere
760 1571 812 1590 res
835 1562 942 1590 bonas
966 1567 1063 1601 atque
1086 1559 1184 1591 utiles

210 1603 395 1634 Ecclesiae.
446 1603 562 1642 Neque
589 1603 672 1632 enim
703 1603 816 1643 negari
846 1609 955 1642 potest
985 1613 1003 1632 a
1030 1603 1124 1633 bonis
1153 1608 1183 1632 et

213 1646 319 1675 doctis
346 1646 424 1675 viris
452 1644 554 1675 multa
577 1646 617 1674 ad
640 1646 793 1684 pietatem
818 1644 921 1679 utilia,
956 1645 1071 1675 iterum
1096 1650 1184 1685 pate-

212 1686 298 1718 facta
323 1696 406 1717 esse.
454 1685 616 1726 Propheta
642 1686 774 1724 Esaias,
799 1697 871 1717 cum
894 1688 1089 1717 vaticinatur
1112 1688 1185 1726 pios

211 1730 333 1769 Reges,
352 1728 525 1758 Ecclesiae
537 1729 715 1766 Nutricios,
737 1735 769 1759 ut
789 1735 921 1766 vocant,
940 1728 1021 1766 fore,
1039 1728 1186 1769 postulat

212 1779 245 1802 ut
269 1771 379 1811 Reges
403 1778 515 1811 tegant
538 1772 610 1810 pios
637 1772 798 1801 adversus
828 1771 979 1801 iniustam
1003 1771 1184 1808 saevitiam,

212 1821 246 1845 ut
273 1821 394 1843 rectam
425 1814 605 1843 doctrinam
636 1814 811 1853 propagari
836 1819 959 1843 curent.
1007 1813 1069 1847 Qui
1092 1811 1184 1849 tituli,

214 1866 297 1896 quae
321 1856 477 1895 trophaea
506 1856 610 1895 magis
641 1856 783 1895 optanda
811 1863 885 1885 sunt
914 1855 1041 1896 magnis
1073 1861 1103 1885 et
1133 1864 1185 1884 sa-

213 1899 375 1938 pientibus
402 1898 549 1937 regibus,
580 1908 675 1937 quam
700 1904 731 1927 ut
758 1897 893 1928 coelesti
918 1908 1001 1928 voce
1025 1898 1185 1928 tribuatur

214 1941 262 1970 eis
284 1939 366 1969 haec
391 1940 585 1970 suavissima
609 1939 797 1980 appellatio7
821 1945 853 1970 ut
875 1940 1106 1981 praedicentur
1123 1938 1185 1968 Ec-

215 1982 336 2012 clesiae
356 1981 476 2011 Christi
496 1982 642 2012 Nutricii.
680 1982 801 2022 Magna
822 1987 897 2012 sunt
917 1988 945 2012 et
966 1981 1062 2021 plena
1083 1981 1184 2022 digni-

213 2025 290 2055 tatis
314 2025 504 2064 praeconia,
534 2024 595 2053 dici
620 2022 826 2061 Africamun,
854 2023 1120 2060 Macedonicum,
1154 2028 1184 2053 et

213 2066 279 2096 hoc
303 2077 407 2107 genus
431 2065 505 2095 alia.
552 2066 616 2096 Sed
641 2066 742 2096 multo
768 2065 944 2106 gloriosius
970 2072 1019 2096 est
1044 2067 1106 2095 dici
1129 2075 1185 2105 pa-

214 2106 456 2148 triae‘patrem.
508 2108 597 2137 Vera
627 2115 734 2138 autem
763 2109 857 2138 nobis
889 2114 918 2139 et
951 2114 1107 2148 perpetua
1135 2112 1184 2137 est

216 2150 336 2190 patria,
368 2150 488 2180 Christi
511 2149 673 2180 Ecclesia.
720 2150 822 2181 Huius
853 2161 952 2181 verae
978 2151 1101 2190 patriae
1129 2160 1185 2189 pa-

216 2199 315 2229 trem,
344 2199 374 2221 ct
398 2200 430 2222 ut
457 2192 635 2232 prophetae
658 2194 760 2222 verbo
783 2198 873 2229 utar,
904 2194 1072 2223 nutricium
1098 2201 1184 2228 esse,

215 2234 298 2264 haec
329 2244 407 2263 vero
438 2242 485 2263 est
515 2236 630 2274 ingens
657 2234 777 2275 gloria,
805 2236 977 2275 praecipue
1002 2235 1185 2274 expetenda

216 2276 372 2317 Regibus.
419 2276 508 2306 ilaec
533 2276 639 2307 osticia
666 2277 775 2317 Reges
794 2276 866 2307 Deo
894 2276 1078 2313 conciliant,
1101 2275 1185 2306 haec

218 2317 322 2348 officia
348 2325 421 2348 sunt
444 2318 571 2348 hostiae
594 2319 667 2348 Deo
688 2320 901 2360 gratissimae.
935 2320 1009 2349 Non
1033 2324 1108 2349 sunt
1130 2328 1184 2348 au-

217 2367 280 2390 tem
305 2359 474 2390 Ecclesiae
499 2362 636 2390 nutricii.
661 2363 712 2401 qui
733 2362 880 2401 quamvis
904 2360 1085 2391 crudelitati
1105 2369 1185 2390 suae

217 2409 409 2441 praetexunt
434 2402 603 2432 Ecclesiae
630 2414 757 2439 nomen.
781 2410 888 2433 tamen
913 2413 992 2433 vera
1014 2401 1186 2433 Ecclesiae

219 2446 372 2481 membra,
396 2444 459 2475 hoc
483 2451 543 2482 est,
566 2444 713 2476 homines
736 2446 807 2485 pios
827 2452 858 2476 et
877 2446 993 2476 doctos
1018 2445 1186 2476 iniustissi-

837 121 945 151 Ptin..
970 120 1072 151 MEL.
1096 121 1280 153 SCRIPTA
1304 122 1578 154 DoGMATmA.

2144 126 2207 158 340

1234 225 1284 245 mc
1308 215 1514 248 interficiunt.
1538 222 1570 246 ct
1589 216 1780 254 doctrinam,
1799 218 1830 247 in
1850 228 1914 258 qua
1933 218 2001 248 veri
2026 217 2132 248 cultus
2145 219 2208 250 Dei

1235 264 1471 295 monstrantur,
1501 257 1620 288 dolent.
1666 258 1778 299 ltaque
1804 270 1869 289 non
1894 259 1998 290 solum
2026 261 2208 291 moderatio

1235 306 1307 336 tua,
1342 307 1370 331 ct
1397 300 1569 331 clementia
1590 301 1661 340 ipsa
1685 300 1848 331 laudanda
1872 308 1938 339 est,
1973 302 2032 332 sed
2055 302 2207 334 iudicium

1235 343 1341 382 potius
1361 354 1399 373 ac
1419 343 1591 383 sapientia,
1615 344 1701 383 quod
1721 343 1877 373 Maiestas
1895 343 1932 373 Τ.
1953 344 1997 374 ita
2020 350 2127 374 tuetur
2145 344 2207 375 Ec-

1235 384 1356 415 clesiae
1380 384 1661 425 tranquillitatem,
1688 390 1722 415 ut
1746 391 1851 415 tamen
1875 384 1984 416 faveat
2003 387 2118 416 studiis
2141 387 2207 426 pie-

1236 428 1328 463 tatis,
1369 433 1400 457 et
1435 427 1594 467 intelligat.
1634 427 1793 468 quosdam
1827 428 1949 458 abusus
1980 429 2207 459 emendatione

1235 480 1317 509 opus
1342 469 1474 500 habere.
1510 469 1591 499 Cum
1611 470 1708 509 igttur
1728 475 1757 499 et
1784 469 1932 499 doctrina
1955 468 2120 500 excellere
2138 470 2207 501 Ma-

1235 511 1383 541 iestatem
1407 511 1462 548 T„
1490 512 1625 547 scirem,
1660 517 1692 541 et
1720 509 1954 551 intelligerem,
1985 517 2016 541 te
2049 511 2207 552 singulari

1234 553 1456 583 moderatione
1475 558 1507 582 et
1531 552 1721 590 clementia,
1752 563 1835 593 quae
1857 553 1995 583 maxime
2018 553 2113 584 decet
2135 564 2207 585 eru-

1235 595 1399 630 ditionem,
1422 596 1453 625 in
1475 594 1525 624 his
1549 595 1810 625 dissensionibus
1834 596 1891 632 uti,
1913 596 2116 635 potissimum
2139 596 2208 627 Ma-

1235 638 1340 667 iestati
1360 642 1434 667 tuae
1454 637 1528 667 duxi
1548 638 1737 667 mittendum
1758 648 1832 667 esse
1850 637 1915 667 hoc
1934 638 2100 678 scriptum,
2119 638 2206 679 quod

1235 680 1295 709 etsi
1321 685 1421 709 totum
1443 679 1593 719 permitto
1618 680 1734 710 iudicio
1758 679 1939 710 Maiestatis
1967 685 2059 717 tuae,
2089 685 2206 718 tamen,

1233 726 1268 752 ut
1286 731 1394 761 spero,
1418 721 1568 751 ostendet
1588 721 1705 752 iniuste
1725 727 1838 752 contra
1858 732 1919 751 nos
1938 723 2073 752 accendi
2093 732 2207 762 regum

1234 763 1443 794 iracundiam.
1496 763 1569 793 Non
1605 763 1716 793 dubito
1751 765 1826 804 quin
1858 763 2015 794 Maiestas
2044 763 2081 793 Τ.
2112 763 2207 795 simul

1235 812 1266 836 et
1289 804 1413 846 gloriae
1437 804 1568 842 Christi,
1593 810 1625 835 et
1642 806 1716 844 paci
1738 805 1908 836 Ecclesiae
1934 807 2053 844 optime
2075 805 2207 837 eonsul-

1235 853 1301 878 tum
1333 847 1458 887 cupiat,
1492 857 1531 877 ac
1562 847 1601 876 de
1635 847 1785 878 remediis
1819 847 1914 877 huius
1949 848 2074 877 dissidii
2107 857 2207 887 saepe

1234 888 1434 929 multumque
1458 888 1633 926 deliberet,
1668 900 1765 929 quam
1793 890 1834 920 ad
1863 899 1931 919 rem
1961 899 2042 919 sane
2072 890 2208 929 prodest

1235 942 1299 962 non
1324 937 1446 961 tantum
1465 930 1595 961 illorum
1614 931 1727 961 videre
1751 932 1884 971 scripta,
1908 931 1962 971 qui
1981 940 2132 962 caussam
2150 942 2208 962 no·

1235 980 1336 1004 stram
1360 973 1581 1003 iniustissimis
1606 972 1774 1003 calumniis
1800 971 1997 1010 deformant,
2025 974 2113 1013 quod
2140 983 2207 1004 non

1235 1015 1343 1046 solum
1366 1015 1570 1055 impudentes
1594 1016 1734 1056 quidam,
1760 1021 1791 1045 et.
1815 1015 1914 1045 infimi
1937 1014 2083 1046 subsellii
2105 1015 2208 1046 homi-

1235 1068 1294 1088 nes
1323 1056 1462 1095 faciunt,
1496 1058 1555 1087 sed
1589 1058 1683 1088 etiam
1718 1056 1864 1087 nonnulli
1897 1057 1969 1094 alii,
2003 1058 2056 1098 qui
2082 1058 2116 1088 in
2142 1057 2208 1088 hoc

1235 1099 1397 1130 theatrum
1426 1100 1588 1139 prodeunt
1621 1105 1749 1140 sumpta
1784 1098 1942 1139 singulari
1975 1100 2144 1140 gravitatis
2175 1104 2209 1131 et

1236 1142 1416 1182 sapientiae
1439 1151 1597 1181 persona,
1628 1151 1711 1182 quos
1740 1142 1847 1172 decuit
1875 1142 2081 1172 autoritatem
2104 1151 2207 1179 suam,

1235 1195 1300 1214 non
1331 1185 1372 1214 ad
1402 1185 1564 1214 bonorum
1591 1184 1782 1223 perniciem,
1816 1188 1848 1213 et
1875 1183 1917 1213 ad
1945 1183 2208 1215 inflammandam

1236 1226 1461 1257 crudelitatem
1484 1226 1721 1266 imperitorum,
1750 1226 1809 1256 sed
1832 1225 1940 1264 potius
1963 1226 2005 1255 ad
2028 1226 2208 1256 ornandam

1236 1268 1356 1299 Christi
1381 1268 1535 1309 gloriam,
1563 1268 1604 1298 ad
1626 1269 1760 1297 morbos
1782 1266 1955 1297 Ecclesiae
1977 1272 2067 1298 recte
2091 1278 2208 1299 curan-

1236 1312 1312 1347 dos,
1342 1310 1383 1341 ad
1408 1309 1589 1340 flectendos
1617 1310 1659 1339 ad
1682 1308 1900 1339 Christianam
1927 1308 2093 1339 lenitatem
2120 1311 2208 1349 prin-

1237 1353 1343 1392 cipum
1377 1353 1514 1389 animos,
1556 1350 1717 1382 conferre.
1773 1351 2010 1391 Turpissimum
2039 1356 2090 1380 est
2123 1351 2209 1382 enim

1235 1395 1364 1435 magnis
1393 1394 1471 1424 viris
1500 1393 1705 1424 simulatione
1735 1393 1904 1434 gravitatis
1928 1392 2208 1433 Sycophanticam

1236 1446 1403 1473 exercere,
1427 1436 1514 1477 quod
1536 1434 1669 1472 faciunt,
1698 1436 1763 1475 qui,
1791 1439 1896 1465 astute
1924 1434 2130 1465 dissimulant
2158 1444 2209 1465 re-

1237 1485 1352 1519 ceptos
1375 1480 1516 1514 abusus,
1551 1483 1583 1508 et
1611 1483 1681 1508 arte
1705 1478 1886 1517 depravant
1909 1486 1963 1513 ea,
1997 1486 2082 1516 quae
2104 1476 2208 1507 nostri

1234 1522 1288 1562 pie
1311 1526 1408 1560 atque
1426 1519 1548 1551 utiliter
1569 1524 1774 1550 monuerunt.
1818 1518 1890 1559 Ego
1915 1528 1956 1548 ex
1979 1519 2087 1549 animo
2110 1528 2208 1549 vene-

1235 1573 1291 1593 ror
1313 1561 1497 1592 Ecclesiam
1527 1561 1648 1592 Christi
1678 1560 1885 1597 catholicam,
1912 1561 2048 1601 eiusque
2077 1566 2208 1592 senten-

1236 1606 1313 1635 tiam
1336 1605 1422 1634 omni
1445 1604 1553 1634 studio
1578 1602 1766 1643 amplector.
1811 1603 1882 1633 Nec
1905 1602 2001 1633 velim
2025 1612 2167 1643 unquam
2188 1612 2209 1633 a

1236 1646 1362 1677 iudiciis
1392 1648 1553 1677 bonorum
1583 1652 1615 1676 et
1644 1646 1814 1675 doctorum
1842 1645 1874 1674 in
1901 1644 2055 1675 Ecclesia
2084 1645 2208 1675 dissen-

1236 1689 1307 1719 tire.
1353 1688 1495 1718 Proinde
1522 1687 1609 1718 hunc
1637 1697 1744 1718 meum
1775 1687 2039 1717 commentarium
2067 1686 2207 1717 exhibeo

1236 1731 1400 1762 Maiestati
1425 1730 1461 1760 Τ.
1486 1740 1552 1759 11011
1579 1734 1614 1760 111
1642 1735 1815 1769 patronum
1842 1728 1936 1765 mihi,
1970 1729 1997 1758 si
2021 1729 2098 1769 quid
2121 1738 2207 1769 erro,

1237 1773 1296 1802 sed
1319 1778 1353 1803 ut
1375 1773 1406 1801 in
1431 1772 1634 1813 gravissimis
1659 1771 1892 1801 controversiis
1917 1780 2088 1801 censorem
2112 1774 2208 1811 quae-

1237 1825 1317 1844 ram.
1343 1815 1433 1845 cuius
1453 1814 1602 1844 iudicium
1621 1819 1753 1853 propter
1772 1813 1952 1842 doctrinam
1976 1818 2110 1849 rectum,
2133 1822 2208 1852 pro-

1236 1859 1361 1896 pterffi‘)
1391 1855 1553 1896 fastigium
1575 1854 1700 1896 ‘Regiae
1722 1854 1917 1890 MaiestatiS,
1940 1853 2077 1884 liberum
2101 1860 2133 1885 et
2154 1863 2207 1884 ae-

1238 1908 1336 1939 quum
1363 1896 1434 1928 sore
1465 1898 1657 1928 statuebam.
1704 1897 1771 1927 Oro
1800 1897 1907 1936 itaque
1929 1895 2136 1927 Maiestatem·
2158 1895 2207 1934 T„

1236 1947 1269 1971 ut
1299 1939 1364 1970 hoc
1388 1940 1516 1970 nomine
1539 1949 1604 1969 non
1628 1939 1787 1980 gravatim
1810 1939 1967 1977 scriptum
1992 1948 2099 1969 meum
2122 1939 2207 1968 acci-

1236 1983 1314 2022 piat,
1338 1982 1369 2011 in
1389 1992 1464 2022 quo,
1486 1987 1521 2011 ut
1540 1991 1649 2021 spero,
1668 1980 1788 2011 videbit
1805 1990 1856 2010 me
1875 1985 1906 2010 81
1923 1989 1977 2010 res
1996 1981 2037 2010 ad
2055 1981 2208 2020 pietatem

1236 2023 1330 2056 utiles
1356 2023 1560 2063 complexum
1584 2033 1671 2060 esse,
1695 2028 1725 2053 et
1748 2024 1839 2062 pacis
1864 2023 2124 2063 concordiaeque
2145 2022 2207 2053 Ec-

1239 2065 1443 2096 clesiasticae
1473 2065 1714 2104 cupidissimum
1744 2075 1831 2095 esse.
1878 2064 2028 2095 Christus
2055 2064 2208 2095 Maiesta-

1236 2114 1300 2139 tem
1323 2107 1359 2137 T.
1384 2113 1495 2138 servet
1518 2106 1709 2138 incolumem
1728 2117 1767 2137 ac
1787 2107 1969 2145 florentem,
1994 2112 2025 2137 et
2049 2108 2209 2148 gubernet

1237 2151 1278 2180 ad
1312 2149 1488 2183 Christi¹⁷)
1523 2148 1659 2191 gloriam
1694 2150 1888 2187 ornandam,
1930 2155 1962 2179 et
1995 2150 2036 2180 ad
2071 2148 2208 2180 salutem

1236 2191 1417 2223 Ecclesiae.
1463 2191 1559 2223 Anno
1584 2191 1809 2223 MDXXXV.
1826 2195 1865 2226 Η5)

1240 2354 1283 2381 16)
1310 2353 1421 2383 propter]
1442 2353 1486 2377 Ed.
1507 2354 1529 2375 Β.
1550 2355 1573 2377 et
1591 2354 1693 2382 propter

1242 2404 1284 2431 17)
1311 2403 1410 2433 Christi]
1432 2404 1473 2428 Ed.
1493 2405 1514 2426 5.
1536 2404 1573 2427 sui

1243 2454 1285 2483 18)
1313 2454 1473 2485 M.D.XXXV.]
1495 2454 1537 2478 Ed.
1558 2455 1580 2478 9.
1600 2457 1646 2478 etc.
