2358 2933
80 143 144 175 257

179 420 200 438 a.

84 920 137 939 Deus
152 920 229 944 spiritu-

84 945 122 965 alis
136 945 229 989 5311151110-

181 1555 205 1577 b.

140 1646 194 1666 Unus

536 141 559 170 1.
582 140 684 171 LOCI
707 139 983 170 THEOLOGICI:
1008 139 1046 171 C.
1072 139 1283 171 SECUNDA
1301 138 1458 170 EORUM
1477 138 1633 169 AETAS.

237 236 352 268 (1111115)
372 233 523 263 fiduciam
543 233 803 269 misericordiae,
828 232 873 262 lbi
897 233 1002 273 magis
1026 237 1059 262 et
1080 236 1081 240 ’

838 275 928 305 Haec
952 275 1057 315 magis
1080 306 1081 317 ¹

239 276 358 307 clarius
382 276 557 306 innotescit
577 277 674 306 nobis
698 276 790 305 deus.

238 320 278 349 de
303 319 411 349 causis
435 319 615 349 existimavi
638 318 823 348 necessaria
843 327 920 347 esse
939 317 978 347 de
992 318 1058 357 qui-

237 363 299 392 bus
323 361 411 391 initio
434 360 592 391 lectorem
614 361 834 390 admonerem.

237 404 380 434 infinitae
404 403 677 433 scholasticorum
702 403 939 442 disputationes
964 402 968 418 ¹
993 412 1058 432 non

239 444 403 485 explic-ant
425 456 557 476 arcana.
582 445 641 475 sed
664 446 768 485 magis
801 446 958 481 obruunt,
993 454 1059 474 non

239 489 334 519 etiam
358 487 768 519 601150100160115616111115,
792 486 946 517 fortassis
966 487 1060 517 etiam

238 530 357 561 multas
408 531 625 561 conscientias
666 528 740 560 illae
774 530 865 560 rixae
900 534 1060 560 evertunt.

240 573 289 604 Sit
312 573 410 614 igitur
432 574 526 603 nobis
553 573 633 603 satis
653 573 812 613 quaedam
826 571 938 602 harum
952 572 1061 611 dispu-

238 617 406 652 tationum,
453 625 537 656 quae
581 616 773 645 necessaria
806 620 882 644 sunt
923 615 1062 644 recitare

239 657 440 698 simpliciter,
479 662 511 687 et
545 663 632 687 certa
664 658 898 696 scripturarum
916 657 1061 687 testimo-

238 701 291 730 nia
321 706 353 730 et
379 705 525 730 veterum
554 706 704 730 autorum
735 700 914 730 sententias
952 704 1062 728 osten-

239 743 328 773 dere.

360 829 503 879 Quod
541 844 664 868 unus
705 830 769 868 sit
808 830 938 868 deus.

282 912 534 951 Descriptiones
559 911 610 941 dei
628 912 754 951 passim
785 916 896 941 extant
925 912 957 940 in
981 911 1062 941 scri-

238 956 355 996 pturis,
375 964 458 995 quae
482 952 642 984 collectae
666 953 887 984 definitionem
906 952 1062 984 efficiunt.

239 998 393 1028 Testatur
428 997 512 1027 enim
547 996 710 1035 scriptura
745 997 840 1027 deum
875 1006 952 1026 esse
986 997 1062 1026 sub-

239 1041 391 1070 stantiam
416 1037 626 1078 spiritualem,
650 1044 685 1068 ut
708 1039 766 1068 ibi:
812 1038 904 1068 Deus
924 1044 976 1068 est
998 1039 1063 1077 spi-

238 1083 330 1113 rituS.
366 1081 490 1111 Tribuit
513 1090 540 1111 e1
563 1081 801 1117 aeternitatem,
826 1080 983 1110 infinitam
1006 1091 1063 1120 po-

238 1125 389 1161 tentiam,
408 1123 564 1153 infinitam
584 1124 794 1163 sapientiam,
826 1122 983 1153 infinitam
1006 1124 1063 1153 bo-

238 1168 388 1203 nitatem,
418 1165 574 1196 infinitam
597 1166 761 1201 iustitiam,
786 1164 944 1196 infinitam
967 1166 1063 1195 mise-

239 1209 425 1240 ricordiam.
493 1208 598 1239 Porro
638 1209 823 1239 substantia
863 1205 1064 1249 intelligatur

239 1251 304 1289 hic,
329 1261 395 1281 non
415 1252 501 1291 quod
525 1251 685 1281 sustineat
708 1251 902 1288 accidentia,
924 1250 1008 1280 Nam
1031 1250 1064 1279 in

241 1295 303 1324 deo
327 1292 406 1323 nihil
430 1298 482 1324 est
506 1293 674 1323 caducum.
721 1293 787 1323 Sed
813 1292 998 1324 substantia
1022 1293 1064 1322 si-

241 1335 375 1378 gnificat
408 1334 461 1365 hic
483 1336 710 1375 propriissime
741 1336 918 1366 essentiam
949 1344 1007 1374 per
1027 1344 1064 1365 se

241 1379 487 1415 subsistentem,
524 1378 707 1418 Sapientia,
747 1378 890 1414 bonitas,
930 1378 1062 1414 iustitia,

239 1421 474 1458 misericordia,
510 1431 575 1451 non
609 1426 685 1451 sunt
718 1421 901 1451 accidentia
933 1421 965 1450 in
989 1420 1063 1455 deo,

242 1465 301 1494 sed
325 1464 410 1495 sicut
430 1464 610 1503 potentiam
632 1473 699 1493 non
725 1462 908 1494 divellimus
937 1473 957 1492 a
989 1463 1064 1493 sub-

241 1507 372 1543 stantia,
398 1507 447 1536 sic
470 1517 532 1538 1166
556 1506 747 1546 sapientiam
767 1516 828 1536 nec
848 1505 1027 1535 bonitatem
1045 1515 1065 1534 a

243 1549 427 1579 substantia
450 1559 652 1588 separamus.
707 1548 791 1578 Nam
811 1548 815 1565 ¹
840 1547 987 1588 potentia
1014 1552 1065 1577 est

241 1593 313 1631 ipsa
332 1591 502 1630 sapientia,
526 1592 667 1627 bonitas,
693 1596 756 1621 etc.

286 1633 383 1663 Nunc
396 1643 590 1673 quaeremus
603 1633 788 1663 testimonia
806 1633 846 1663 de
863 1633 986 1663 unitate
1002 1632 1064 1662 dei.

242 1675 341 1707 Deut.
361 1675 416 1705 VI.
435 1678 499 1713 [vs.
516 1676 562 1713 4.]
576 1675 661 1706 Αο(11
680 1673 793 1705 lsrael.
813 1675 963 1705 dominus
983 1675 1065 1704 deus

243 1724 318 1749 tuus
338 1718 486 1748 dominus
496 1729 581 1748 unus
602 1724 664 1748 est.
692 1717 771 1747 Esa.
788 1717 914 1747 XLllll.
941 1721 1003 1754 [vs.
1020 1716 1064 1754 6.]

244 1761 335 1791 Haec
353 1761 429 1791 dicit
453 1761 602 1791 dominus
621 1770 679 1790 rex
699 1759 802 1789 lsrael
826 1765 857 1789 et
880 1760 1066 1798 redemptor

244 1804 313 1834 eius
327 1803 476 1833 dominus
491 1804 702 1833 exercituum.
726 1801 800 1843 Ego
815 1812 886 1832 sum
900 1803 1022 1842 primus
1036 1806 1067 1831 et

243 1845 443 1876 novissimus
463 1851 495 1875 et
513 1851 644 1886 praeter
661 1855 712 1874 me
730 1855 795 1874 non
814 1851 862 1875 est
882 1845 973 1875 deus.
987 1844 1066 1874 Esa.

243 1887 348 1918 XLV.
360 1892 440 1925 lvss.
450 1888 470 1917 5
479 1891 566 1928 sqq]
585 1887 657 1929 Ego
671 1898 742 1918 sum
752 1888 833 1917 deus
842 1893 874 1917 et
885 1897 948 1917 non
959 1892 1010 1917 est
1021 1885 1068 1917 ul-

244 1930 294 1961 lus
309 1936 491 1970 praeterea.
509 1937 642 1970 praeter
659 1940 710 1961 1116
728 1940 795 1960 non
809 1936 860 1960 est
873 1931 965 1960 deus.
994 1929 1067 1970 Ego

245 1983 317 2005 sum
346 1973 426 2003 deus
456 1978 487 2003 et
514 1983 581 2003 non
609 1979 660 2005 est
684 1971 765 2004 alius
791 1971 938 2003 formans
961 1971 1068 2003 lucem

245 2025 278 2052 et
301 2028 418 2051 creans
441 2020 607 2050 tenebras.
653 2018 730 2049 116111
754 2018 828 2047 Non
854 2022 904 2047 est
926 2021 1070 2056 praeter-

246 2073 283 2093 ea
308 2064 388 2094 deus
412 2068 542 2102 praeter
564 2072 626 2095 me.
652 2062 732 2091 deus
757 2061 861 2091 iustus
876 2065 907 2089 et
921 2058 1068 2095 salvans,

246 2116 312 2136 11011
338 2111 389 2135 651
412 2110 542 2145 praeter
564 2114 627 2139 me,
641 2103 876 2134 Convertimini
899 2102 941 2131 ad
964 2112 1015 2131 me
1039 2107 1070 2131 et

249 2147 332 2178 salvi
352 2148 440 2177 eritis
462 2157 574 2177 01111165
593 2147 675 2177 fines
689 2152 796 2176 terrae
807 2168 814 2175 .
830 2146 902 2186 quia
919 2155 982 2185 ego
999 2154 1070 2175 sum

247 2192 328 2222 (16115
354 2196 384 2219 61
405 2200 472 2219 non
493 2195 542 2219 est
561 2189 653 2219 alius.
681 2189 704 2218 Ι.
732 2187 808 2218 Cor.
827 2187 912 2218 Vlll.
937 2190 1001 2225 [vs.
1025 2187 1068 2223 alh]

248 2233 378 2264 Scimus
402 2232 489 2273 qnod
513 2231 589 2262 nihil
613 2237 663 2261 est
685 2229 805 2261 idolum
830 2232 861 2261 in
880 2230 1011 2261 mundo.
1039 2234 1072 2259 et

248 2275 335 2317 quod
346 2274 453 2305 nullus
467 2280 516 2304 651
530 2273 611 2305 alius
628 2275 707 2304 deus
720 2274 782 2303 nisi
801 2284 897 2303 unus.
917 2273 999 2303 Nam
1010 2273 1070 2302 etsi

249 2323 324 2349 50111
349 2323 410 2348 616.
435 2316 538 2356 Ephe.
564 2317 629 2346 1111.
651 2316 773 2354 [ν5.6.’Ῑ
797 2316 890 2347 Unus
914 2316 1070 2345 densete.

249 2361 344 2391 Hunc
368 2359 551 2396 articulum,
575 2365 610 2389 ut
632 2357 715 2388 alios
728 2360 883 2393 omittam.
904 2357 1071 2388 Maniche-

250 2414 288 2434 us
314 2404 525 2443 oppugnavit.
549 2403 621 2442 quia
646 2411 712 2431 non
735 2402 906 2432 videbatur
930 2402 957 2430 ei
995 2411 1072 2430 6011-

251 2451 441 2476 sentaneum
472 2445 608 2475 eundem
638 2453 713 2474 esse
741 2450 888 2474 autorem
910 2444 1072 2474 bonorum

115 2582 143 2611 8)
162 2580 221 2606 Mc.
242 2582 419 2606 exercendum.

250 2639 367 2658 MELANTH.
383 2639 449 2659 OPER.
463 2639 513 2658 VUL.
528 2639 578 2658 XXI.

880 359 963 389 Nam
986 358 1060 389 illae
1080 355 1082 383 ἶ

1104 238 1135 262 61
1159 232 1328 270 malorum,
1364 233 1436 262 ideo
1460 232 1551 263 finxit
1577 232 1641 262 duo
1664 233 1821 272 principia
1845 233 1927 272 pari-

1104 280 1153 305 ter
1177 281 1369 311 coaeterna,
1405 274 1469 305 hoc
1498 280 1566 311 est,
1598 275 1681 305 duos
1705 276 1802 311 deos,
1849 274 1927 304 alte-

1080 348 1081 351 ,
1104 328 1174 348 rum
1199 319 1318 348 bonum
1346 324 1492 348 autorem
1517 319 1687 354 bonorum,
1713 316 1850 347 alterum
1862 326 1928 346 ina-

1104 358 1369 394 111111,ε101.01·6111
1405 359 1574 390 malorum.
1635 360 1808 390 Adversus
1843 358 1928 388 hanc

1105 402 1297 443 impietatem
1323 407 1435 433 tenere
1459 408 1587 442 oportet
1611 403 1789 432 sententias
1805 401 1844 431 de
1860 401 1928 431 uni-

1105 450 1172 476 tate
1206 447 1266 476 dei.
1325 445 1408 480 Quid
1443 451 1550 475 autem
1586 445 1850 484 respondendum
1886 443 1928 472 sit

1106 489 1146 518 de
1180 489 1307 530 origine
1337 487 1427 524 mali,
1454 487 1597 517 dicemus
1621 486 1704 517 infra
1728 489 1768 519 de
1793 488 1928 517 creatio-

1107 540 1158 568 ne,
1183 530 1422 571 Excogitarunt
1458 536 1490 560 et
1520 529 1741 560 Valentiniani
1763 529 1928 570 prodigio-

1107 583 1178 604 sam
1202 572 1434 604 multitudinem
1459 573 1604 602 deorum.

1188 704 1266 743 De
1311 703 1507 741 tribus
1553 703 1844 755 personis.

1149 827 1281 858 Dictum
1316 832 1365 857 est
1394 837 1493 857 11110111
1528 836 1604 856 esse
1633 826 1727 856 demn
1757 832 1788 856 et
1818 831 1926 856 tamen

1108 871 1270 910 scriptura
1295 870 1396 900 tribus
1420 870 1571 908 personis
1596 870 1705 899 tribuit
1728 869 1867 899 divinam
1881 878 1931 898 es-

1108 914 1257 943 sentiam.
1304 912 1385 942 Cum
1409 912 1504 953 igitur
1527 912 1568 941 sit
1592 922 1653 942 una
1674 917 1797 941 tamum
1822 921 1931 941 essen-

1084 988 1086 990 ,
1108 956 1151 986 tia
1176 955 1299 992 divina,
1330 964 1472 984 necesse
1496 959 1545 984 est
1569 953 1629 983 has
1656 963 1817 993 personas
1846 964 1932 984 com-

1108 1008 1239 1028 munem
1263 1002 1295 1027 et
1318 997 1454 1027 eandem
1478 997 1654 1026 essentiam
1678 996 1811 1032 habere,
1836 996 1933 1036 idque

1110 1039 1275 1081 significat
1301 1049 1365 1070 vox
1391 1038 1552 1076 «ῑμοούσιον.
1577 1038 1708 1068 Vocant
1730 1044 1838 1068 autem
1861 1048 1933 1078 per-

1110 1093 1225 1113 sonam
1249 1083 1281 1111 in
1304 1080 1367 1111 hac
1391 1081 1626 1121 disputatione,
1650 1091 1716 1111 11011
1741 1082 1827 1121 quod
1851 1079 1933 1110 alias

1109 1127 1141 1155 in
1174 1124 1275 1155 latina
1310 1122 1422 1165 lingua
1458 1128 1514 1153 aut
1542 1124 1574 1153 in
1604 1123 1739 1154 theatris
1769 1122 1936 1164 significat

1110 1168 1191 1197 certi
1225 1166 1355 1197 habitus
1386 1176 1446 1196 seu
1470 1165 1571 1196 officii
1595 1166 1779 1196 discrimen.
1804 1172 1839 1196 ut
1862 1176 1935 1196 cum

1110 1211 1226 1240 dicitur
1249 1207 1345 1239 alium
1358 1207 1453 1238 aliam
1470 1209 1634 1238 sustinere
1648 1219 1841 1248 personam:
1867 1208 1934 1238 Sed

1111 1250 1309 1283 vocabulum
1332 1261 1495 1291 personae
1519 1257 1696 1290 usurpatur
1709 1262 1769 1291 pro
1784 1252 1935 1281 substan-

1110 1296 1152 1325 tia
1175 1295 1340 1324 individua
1355 1292 1567 1334 intelligente,
1580 1294 1808 1324 Nazianzenus
1822 1294 1936 1323 scribit

1109 1337 1228 1368 latinos
1269 1347 1330 1377 pro
1370 1335 1544 1377 hypostasi
1588 1337 1712 1366 dixisse
1745 1346 1933 1376 personam,

1110 1381 1185 1420 quia
1209 1390 1273 1409 non
1297 1379 1470 1409 habuerint
1483 1377 1572 1408 aliud
1592 1380 1793 1410 6011111101105
1807 1389 1933 1410 nomen.

1111 1423 1195 1453 Sunt
1223 1423 1332 1462 itaque
1360 1426 1429 1451 tres
1458 1431 1622 1461 personae
1645 1428 1758 1461 pater,
1794 1421 1880 1452 filius
1904 1427 1936 1452 et

1111 1465 1244 1505 spiritus
1275 1469 1423 1494 sanctus.
1469 1462 1569 1494 Filius
1600 1470 1737 1494 vocatur
1766 1476 1786 1495 a
1813 1464 1935 1495 Ioanne

1110 1508 1247 1538 verbum
1261 1507 1354 1544 λόγος.
1378 1506 1412 1535 111
1427 1505 1565 1545 epistola
1578 1507 1620 1536 ad
1634 1506 1715 1537 Heb.
1732 1507 1775 1545 [l.
1790 1506 1833 1544 3.]
1848 1505 1934 1537 filius

1111 1554 1250 1581 vocatur
1285 1548 1456 1578 character
1479 1550 1682 1579 substantiae
1704 1550 1817 1589 patris.
1843 1551 1848 1568 ¹
1892 1549 1935 1580 Et

1087 1591 1201 1633 'quod
1234 1590 1387 1632 loquatur
1421 1591 1462 1620 de
1489 1597 1606 1621 natura
1635 1592 1741 1622 divina
1776 1590 1831 1622 filii
1858 1591 1936 1621 hinc

1111 1633 1308 1675 mtelligitur.
1334 1634 1407 1673 quia
1432 1633 1506 1664 dicit
1534 1644 1594 1673 per
1616 1632 1704 1664 illum
1729 1636 1834 1664 omnia
1860 1645 1936 1664 con-

1113 1678 1177 1707 dita
1202 1686 1290 1713 esse,
1314 1675 1397 1705 Hinc
1415 1676 1665 1715 interpretemur
1678 1677 1785 1709 etiam.
1802 1677 1878 1717 quid
1890 1677 1935 1706 in-

1112 1718 1235 1760 telligat
1250 1718 1390 1748 loannes
1405 1718 1499 1756 λόγος.
1524 1718 1624 1748 Pater
1638 1718 1824 1760 intelligens
1845 1720 1885 1749 de
1898 1729 1935 1749 56

1114 1763 1217 1803 gignit
1239 1761 1470 1801 cogitationem
1489 1762 1652 1801 quandam
1675 1767 1706 1791 et
1722 1763 1885 1803 maginem
1896 1764 1936 1799 ⁹),

1113 1805 1196 1834 sicut
1220 1809 1355 1833 nostrae
1379 1804 1596 1843 cogitationes
1609 1810 1684 1834 sunt
1704 1814 1811 1833 rerum
1825 1804 1936 1845 imagi—

1114 1857 1185 1884 nes,
1206 1847 1265 1876 sed
1285 1856 1346 1875 nos
1366 1855 1432 1875 non
1455 1844 1712 1876 transfundimus
1726 1852 1872 1877 nostram
1885 1856 1935 1876 es-

1090 1904 1092 1916 1
1115 1889 1291 1919 sentiamin
1305 1893 1437 1918 nostras
1450 1888 1620 1929 imagines.
1646 1888 1745 1918 Pater
1762 1895 1869 1919 autem
1882 1889 1935 1919 (16-

1113 1943 1152 1964 us
1168 1930 1365 1962 transfundit
1379 1932 1557 1960 essentiam
1574 1941 1666 1961 suam
1680 1932 1710 1961 in
1724 1930 1810 1961 illam
1826 1932 1936 1972 imagi-

1114 1985 1206 2011 nem,
1251 1973 1342 2003 Haec
1383 1974 1536 2014 cogitatio
1572 1972 1624 2003 vel
1657 1974 1765 2015 imago
1800 1980 1937 2004 vocatur

1114 2018 1260 2049 verbum.
1317 2016 1425 2045 Tertia
1459 2026 1603 2055 persona
1636 2022 1773 2046 vocatur
1803 2017 1935 2056 spiritus

1116 2066 1262 2091 sanctus.
1321 2058 1381 2088 Hic
1408 2069 1474 2088 non
1497 2064 1630 2088 utuntur
1653 2059 1755 2089 verbo
1779 2059 1938 2088 nascendi

1092 2109 1094 2144 ζ
1115 2105 1175 2134 sed
1194 2101 1411 2143 procedendi,
1444 2106 1475 2130 61
1499 2102 1660 2141 scriptura
1684 2107 1822 2131 testaur
1846 2101 1938 2140 spiri-

1114 2153 1182 2177 tum
1217 2150 1366 2175 sanctum
1400 2144 1581 2183 procedere
1615 2154 1633 2173 a
1667 2149 1759 2183 patre
1794 2150 1825 2174 et
1859 2142 1935 2174 filio.

1092 2190 1240 2224 jNomen
1272 2188 1404 2226 spiritus
1435 2186 1552 2216 indicat
1578 2185 1686 2226 aliquo
1710 2187 1822 2220 modo.
1859 2196 1937 2226 quo-

1115 2232 1213 2262 modo
1247 2229 1329 2260 haec
1362 2239 1507 2269 persona
1542 2229 1749 2259 discernatur
1783 2229 1823 2258 ab
1853 2227 1936 2258 aliis.

1116 2274 1256 2315 Spiritus
1302 2273 1385 2302 enim
1430 2272 1596 2313 significat
1633 2272 1843 2311 agitationem
1879 2281 1939 2301 seu

1092 2311 1094 2345 ἶ
1115 2319 1178 2348 vim
1203 2317 1379 2357 agitantem
1403 2320 1435 2344 et
1452 2319 1637 2344 moventem
1664 2320 1695 2343 et
1710 2314 1937 2344 vivificantem.

1115 2359 1215 2389 Pilius
1250 2358 1427 2397 assumpsit
1462 2356 1634 2386 humanam
1658 2362 1817 2386 naturam.
1863 2355 1936 2385 Est-

1093 2398 1095 2434 i
1117 2412 1179 2443 que
1194 2400 1344 2430 Christus
1370 2410 1431 2429 nna
1457 2409 1599 2439 persona
1624 2404 1782 2433 constans
1802 2408 1842 2428 ex
1863 2399 1938 2428 dua-

1094 2542 1096 2575 <f
1134 2548 1163 2574 9)
1185 2547 1209 2570 et
1240 2545 1376 2573 imaginem
1396 2542 1453 2567 Ms.
1481 2544 1512 2566 1'n
1545 2550 1640 2576 mary.
1673 2541 1760 2566 hahet
1793 2542 1942 2566 contemtis

1189 2579 1287 2603 reuda.

1910 2627 1938 2649 17

2020 138 2084 171 258

2006 373 2029 391 a.

1966 827 2041 847 Trinus.

1987 1558 2010 1587 6,

1970 1724 2048 1756 λογος

1963 2028 2050 2052 spiritns.

1972 2542 2091 2566 interse-
