2358 2933
107 138 171 171 213

176 366 209 385 20

138 576 200 604 124,
220 576 242 599 b.

179 957 205 975 10

171 1167 198 1186 15

167 1429 198 1447 20

128 1632 191 1662 125,
211 1638 234 1657 a.
264 1628 470 1668 baptismum
498 1628 531 1657 in
568 1627 798 1658 remissionem
830 1631 834 1648 ¹
859 1634 1084 1668 peccatorum.
1107 1642 1108 1645 ¹

599 139 623 168 I.
647 136 749 168 LOCI
770 135 1047 168 THEOLOGICI:
1068 136 1108 168 B.
1131 136 1272 169 PRIMA
1293 137 1449 170 EORUM
1470 138 1628 170 AETAS.

266 229 422 270 baptizati
455 236 549 267 sunt,
586 229 618 259 in
654 235 792 260 mortem
827 229 898 260 eius
936 228 1091 268 baptizati

267 278 353 303 sunt.
380 271 445 302 hoc
465 277 533 308 851,
561 278 598 302 ut
615 272 870 309 mortificentur,
893 271 979 301 sicut
997 269 1091 301 Chri-

267 321 340 345 stus
362 313 580 345 mortificatus
601 321 669 351 est,
693 321 724 345 et
747 320 783 345 ut
805 314 911 344 sciant
928 311 1090 343 monente*

266 357 430 397 baptismo
461 366 533 387 eam
560 355 846 387 mortificationem
870 364 948 386 esse
971 355 1089 385 transi·

265 406 334 430 tum
361 399 405 430 ad
433 400 543 430 vitam.
592 399 677 429 Nam
710 400 799 439 quod
828 398 939 429 adiicit
966 396 1090 428 Paulus

267 444 332 481 [VS.
350 442 415 480 4.]‚
439 440 624 482 consepulti
652 450 766 471 sumus
793 451 854 481 per
881 440 1090 480 baptismum,

266 485 376 522 docet,
394 494 462 515 non
484 489 610 514 tantum
631 483 822 514 mortificari
850 488 1003 518 sanctOS‚
1029 482 1089 512 sed

266 533 299 557 et
321 527 355 557 in
373 526 627 557 mortificatione
644 526 829 565 quiescere,
853 530 884 556 et
897 534 998 565 agere
1014 525 1090 554 sab-

267 570 380 600 batum
392 568 584 609 sepulturae
596 566 728 598 Christi.
737 570 740 580 '
748 567 840 608 Impii
853 566 1091 598 mortificantur

265 612 408 652 quidem,
433 611 493 642 sed
515 611 591 651 quia
612 620 681 640 non
698 610 836 640 credunt
850 620 910 650 per
922 609 1090 640 Christum

266 663 341 684 eum
365 663 441 684 esse
463 653 636 683 transitum
658 653 699 683 ad
717 653 836 689 vitam,
855 653 1034 692 desperant
1058 657 1090 681 et

265 704 405 736 prorsus
427 700 579 735 pereunt.
623 694 673 724 Pii
687 694 937 725 mortificantur.
961 694 1022 724 sed
1044 694 1091 724 ita

264 743 300 768 ut
323 738 497 768 sabbatum
516 742 617 777 agant
639 736 838 777 sepulturae
861 736 1000 773 Christi,
1023 735 1089 766 hoc

264 786 334 817 851,
365 780 503 810 credant
532 789 605 810 eum
624 789 701 809 esse
725 780 897 810 transitum
915 780 958 810 ad
977 779 1089 815 w‘tam,

263 827 505 862 expectentque
532 820 793 852 consolationem
824 832 885 862 per
911 821 1087 853 Christum.

262 864 342 896 Eius
366 863 603 895 consolationis
626 865 754 895 interim
776 865 896 905 pignus
910 867 961 894 καὶ
978 864 1089 901 μνημό-

265 919 349 938 συνον
368 907 550 947 baptismus
575 912 636 937 est.
660 914 696 937 ut
719 906 843 937 Paulus
862 908 976 947 inquit.

265 1032 538 1064 consolationem.

261 1085 381 1116 nempe
400 1075 529 1116 signum
549 1075 679 1105 divinae
697 1075 834 1116 gratiae.
858 1075 920 1106 Hic
932 1075 1087 1114 baptismi

261 1127 345 1149 usus
373 1128 470 1158 quam
498 1115 650 1158 locuples
678 1117 832 1148 adflictae
862 1118 1087 1148 conscientiae

267 1204 427 1243 consequi
454 1208 564 1243 queat.

304 1244 357 1276 De
374 1245 580 1275 institutione
599 1245 752 1285 baptismi
774 1243 946 1275 laboratur
970 1255 1010 1275 ac
1022 1245 1087 1275 dis-

260 1289 396 1320 crimine
424 1287 662 1328 baptismorum
693 1286 849 1317 Iohannis
884 1292 916 1317 et
951 1286 1085 1317 Christi.

260 1330 334 1366 Qua
357 1330 399 1360 de
422 1340 459 1360 re
483 1330 538 1370 qui
560 1329 746 1360 rectissime
765 1335 961 1367 senserunt,
979 1330 1024 1360 ita
1039 1330 1086 1360 iu·
1109 1366 1110 1370 Ἰ

260 1373 421 1404 dicarunt.
430 1373 477 1413 ⁷⁵)
497 1372 653 1403 Iohannis
672 1373 870 1414 baptismum
894 1371 1088 1413 simpliciter
1108 1388 1110 1412 g

259 1415 487 1456 esse¹signum
508 1414 788 1453 mortificationis,
813 1414 934 1446 Christi
963 1415 1086 1455 baptis·
1108 1435 1109 1439 ,

259 1468 346 1489 mum
356 1467 433 1488 esse
442 1457 575 1499 signum
581 1457 824 1495 vivificationis,
841 1458 930 1499 quod
938 1458 967 1488 ei
975 1458 1086 1489 addita
1108 1464 1109 1491 ἶ

259 1501 300 1531 511
321 1500 428 1541 gratia
435 1501 624 1541 promissio,
640 1510 699 1531 seu
714 1500 914 1531 condonatio
928 1506 1085 1540 peccato·
1108 1519 1109 1530 1

258 1553 340 1573 rum.
359 1542 504 1584 Ideoque
515 1542 672 1573 Iohannis
684 1541 879 1573 lavachrum
897 1544 1009 1574 vocari
1028 1544 1085 1574 ba·
1107 1545 1109 1559 '¹

1108 1593 1109 1596 ’
1131 1590 1167 1616 ut
1175 1586 1366 1616 cre'derent.
1372 1585 1436 1616 hoc
1444 1593 1506 1624 est,
1513 1587 1554 1618 'in
1562 1586 1679 1618 lesmn.
1687 1587 1728 1618 Et
1734 1587 1851 1619 Matth.
1858 1587 1910 1618 ΠΙ.
1917 1589 1960 1625 ⁷⁷)

258 1585 413 1625 ptismum
441 1586 683 1626 poenitentiae,
720 1585 843 1616 Christi
876 1585 1086 1626 baptismum,

121 1665 183 1697 (65,
204 1666 240 1695 ὃ)
260 1669 357 1705 Quod
380 1669 544 1700 Iohannes
558 1668 669 1711 legem
680 1670 890 1710 praedicans,
908 1677 1085 1711 praeparet,

177 1810 191 1829 5

168 2014 195 2032 10

172 2235 198 2253 15

258 1713 301 1743 ad
320 1711 488 1743 Christum
512 1713 735 1743 conscientias
764 1718 988 1753 agnoscentes
1007 1723 1084 1754 pec-

259 1756 332 1785 cati.
386 1754 539 1786 Christus
567 1764 626 1785 eos
650 1754 821 1793 w'w‘ficet,
838 1765 977 1796 quorum
1008 1766 1084 1786 con-

257 1797 416 1828 scientiae
431 1796 508 1838 lege
520 1802 552 1828 et
565 1795 824 1838 prae'dicatione
836 1797 992 1828 Iohannis
1008 1808 1085 1829 con-

257 1841 392 1871 territae
416 1839 491 1869 sint.
537 1839 597 1870 Est
621 1840 707 1870 enim
735 1839 977 1871 iustificationis
996 1842 1084 1881 prin-

257 1883 377 1924 cipium
410 1883 540 1922 peccati
574 1883 736 1923 cognitio,
774 1888 805 1913 et
840 1883 950 1914 iudicii
985 1884 1084 1914 divini

259 1931 378 1956 metus.
399 1924 649 1956 Consummatio
674 1925 810 1962 fides,et
832 1936 899 1966 pax
913 1927 1085 1957 conscien-

257 1968 333 2005 tiae,
357 1978 454 2009 quam
479 1968 572 1998 cordi
590 1969 727 2008 spiritus
746 1974 882 2000 sanctus
905 1969 1031 2007 inserit,
1048 1974 1085 1999 ut

256 2011 297 2041 de
315 2009 394 2053 lege
414 2016 446 2041 et
468 2010 654 2041 Evauwelio
673 2020 775 2051 supra
804 2011 962 2043 dixi'mus.
1003 2011 1084 2043 Mihi

256 2053 409 2084 Videntur
428 2054 493 2085 duo
504 2052 562 2083 illa
587 2053 732 2084 avachra
746 2053 927 2093 simplicius
939 2055 1083 2085 discerni

255 2105 367 2137 posse.
418 2095 454 2126 Si
478 2095 633 2126 Iohannis
663 2097 861 2137 baptismum
890 2108 952 2138 pro
986 2099 1083 2139 signo

256 2139 383 2181 gratiae
405 2149 465 2180 per
490 2137 656 2169 Christum
679 2137 779 2180 paulo
802 2145 878 2180 post
889 2141 1083 2181 praedican-
1104 2136 1105 2176 ]

256 2182 328 2212 dae.
345 2180 467 2212 Christi
491 2182 699 2223 baptismum,
718 2193 778 2224 pro
793 2184 889 2224 signo
902 2184 967 2214 iam
982 2184 1084 2214 dona-
1103 2179 1105 2219 ἶ

1103 2228 1105 2234 ’
1129 2233 1218 2256 esset
1243 2224 1458 2267 glorificat-us.
1482 2226 1523 2257 Et
1547 2227 1689 2266 oportuit
1712 2226 1828 2256 iterum
1839 2226 1952 2265 bapti·-

257 2230 311 2255 tae
337 2225 462 2266 gratiae
486 2226 641 2265 accipias,
664 2232 699 2257 ut
712 2226 860 2257 eiusdem
883 2226 1083 2269 rei'signum

256 2273 395 2308 uterque
424 2268 607 2307 baptismus
630 2268 688 2306 sit,
715 2269 777 2299 sed
794 2268 859 2300 hoc
883 2270 1082 2308 discrimine,
1104 2295 1105 2299 ,

1022 905 1088 936 Ρ81·
1110 918 1111 941 1

263 950 462 990 baptismum
485 948 673 989 consepulti
707 959 832 980 sumus,
860 949 976 979 =Fides
1009 947 1088 979 facit
1110 965 1111 990 t

262 998 297 1022 ut
333 992 596 1028 sabbatizemus,
626 992 853 1031 quiescamus,
873 996 1087 1032 expectemus
1110 1000 1111 1031 ς

598 1033 788 1073 Baptismus
823 1033 920 1063 fidem
955 1033 1111 1069 excitae*

1110 1076 1238 1106 ³maius
1268 1076 1329 1105 erit
1358 1075 1598 1115 Apostolorum
1626 1077 1778 1109 officium.
1823 1078 1961 1119 Et·quia

1110 1139 1111 1142 η
1133 1118 1230 1148 185115
1254 1124 1304 1148 851
1328 1117 1501 1159 Evangelii
1523 1119 1705 1157 10113111185,
1733 1131 1794 1161 per
1816 1130 1890 1152 eum
1912 1122 1958 1151 in-

264 1159 450 1192 consolatio
479 1161 538 1197 sit,
563 1169 660 1190 nemo
692 1161 809 1201 opinor
837 1158 936 1191 facile
964 1160 1087 1190 vcrlbis
1109 1171 1110 1176 ¹

1107 1210 1111 1224 ἐ
1134 1201 1208 1243 gelii
1241 1212 1300 1233 sen
1328 1203 1470 1233 donatae
1498 1205 1624 1245 gratiae
1658 1206 1780 1246 pignus
1802 1204 1958 1237 futurum.

1139 230 1235 260 cahat
1258 237 1395 272 uterque
1413 232 1596 270 baptismus
1616 230 1824 262 mortificatio
1836 242 1909 263 nem
1930 239 1961 265 et

1137 272 1402 303 virificationem.
1434 273 1539 304 Nemo
1563 275 1649 305 enim
1677 273 1873 305 iustificatur
1898 276 1962 307 nisi

1138 314 1192 353 qui
1215 321 1291 345 ante
1313 315 1530 346 mortificatus
1555 317 1606 347 sit.
1652 316 1762 357 Atque
1774 323 1808 348 ut
1819 317 1864 347 ita
1886 327 1961 348 sen-

1137 357 1225 393 tiam,
1247 358 1387 397 primum
1410 357 1474 388 1108
1495 358 1585 398 iacit,
1605 359 1692 399 quod
1710 358 1865 390 Iohannis
1889 358 1961 391 offi-

1138 398 1221 428 cium
1244 410 1311 430 non
1329 399 1394 430 hoc
1405 406 1530 431 tantum
1545 406 1608 438 est,
1631 400 1738 442 legem
1756 402 1961 442 praedicare,

1138 441 1197 470 sed
1219 441 1274 472 vel
1296 442 1504 482 potissimum
1528 443 1750 474 testimonium
1774 444 1814 474 de
1826 443 1960 475 Christo

1138 483 1271 521 (118818,
1303 484 1408 524 deque
1441 483 1642 525 Evangelio,
1681 495 1740 516 seu
1764 487 1959 517 remissione

1136 527 1274 565 peceati.
1298 525 1433 556 Iohann.
1457 526 1481 555 1.
1507 529 1590 563 [vss.
1618 527 1637 556 7
1652 528 1904 568 sq.:JHicvenit
1927 530 1960 559 in

1137 568 1369 605 testimonium,
1393 574 1427 598 ut
1450 568 1672 599 testimonium
1701 570 1887 609 perhiberet
1919 572 1961 602 (18

1136 608 1268 647 lumine,
1291 616 1326 640 ut
1355 620 1469 641 omnes
1494 611 1668 641 crederent
1696 622 1754 652 per
1784 611 1885 643 illum.
1918 613 1960 644 Et

1135 651 1253 682 Matth.
1276 652 1332 682 XI.
1359 655 1422 689 [vs.
1449 653 1529 690 ll.:]
1553 653 1642 683 Inter
1665 661 1770 685 natos
1787 655 1961 686 mulierum

1136 704 1201 725 non
1225 695 1367 725 surrexit
1394 695 1498 725 maior
1520 694 1666 726 Iohanne
1696 697 1849 736 baptista.
1896 698 1960 732 Qui

1135 742 1245 767 autem
1267 738 1372 768 minor
1395 742 1445 768 est
1468 738 1500 767 in
1524 747 1628 778 regno
1657 737 1825 770 80810111111
1855 740 1960 770 maior

1135 784 1187 809 est
1209 778 1277 809 1110.
1301 779 1336 809 Id
1359 785 1422 817 est,
1444 780 1533 810 Ante
1555 780 1790 812 revelationem
1808 781 1959 824 Evange-

1134 820 1168 851 lii
1178 820 1300 852 nullius
1316 821 1473 859 officium,
1496 821 1651 854 Iohannis
1672 822 1782 854 officio
1798 831 1959 865 praestat,

1134 870 1169 895 ut
1203 865 1258 904 qui
1288 874 1354 894 non
1384 864 1493 905 legem
1511 866 1622 903 modo,
1652 872 1686 896 ut
1708 866 1879 897 Moses-et
1904 866 1957 898 alii

1134 905 1316 946 prophetae
1337 907 1524 947 praedicat,
1548 909 1607 938 sed
1630 914 1661 938 et
1685 914 1826 940 testatur
1849 909 1958 940 Evan-

1135 947 1255 989 gelium
1278 959 1354 979 mox
1377 959 1436 988 per
1460 948 1627 981 Christum
1642 950 1854 982 revelandum
1869 962 1957 983 esse.

1134 990 1392 1021 Porrolohanne
1401 990 1556 1022 Christus
1570 994 1674 1023 maior
1690 1000 1753 1031 est,
1772 1004 1959 1034 quanquam

1134 1034 1285 1063 minimus
1313 1034 1365 1064 sit.
1411 1034 1573 1075 Adeoque
1601 1041 1633 1065 et
1660 1034 1816 1066 Iohannis
1836 1036 1960 1074 officio,

1134 1161 1282 1191 stitutum
1291 1167 1341 1191 est
1365 1161 1508 1202 signum,
1531 1163 1618 1202 quod
1636 1168 1755 1202 postea
1773 1169 1842 1194 erat
1850 1163 1959 1194 Evan-

1133 1245 1262 1275 Deinde
1285 1244 1396 1275 Lucae
1420 1245 1471 1276 111.
1499 1249 1561 1283 [vs.
1585 1247 1628 1284 3.1
1654 1247 1810 1278 Iohannis
1834 1249 1957 1287 baptis-

1110 1309 1111 1312 .
1133 1297 1217 1323 mus,
1242 1287 1360 1318 (11811111
1383 1288 1567 1327 baptismus
1596 1290 1818 1329 poenitentiae
1846 1291 1879 1320 in
1907 1300 1958 1320 18-

1132 1330 1324 1359 missionem
1331 1332 1561 1369 pecca²torum.
1574 1331 1614 1361 Et
1625 1330 1834 1372 apertissime
1844 1331 1956 1363 lohan.

1132 1371 1156 1401 1..
1181 1374 1245 1408 [vs.
1268 1371 1350 1409 31.:]
1376 1372 1420 1403 Ut
1444 1372 1674 1406 manifestetur
1697 1375 1730 1405 in
1752 1374 1858 1406 lsrael
1881 1385 1957 1415 pro-

1131 1420 1246 1454 pterea
1271 1415 1347 1445 veni
1375 1425 1438 1457 ego
1460 1416 1494 1446 in
1517 1426 1603 1457 aqua
1630 1418 1813 1456 baptizans.
1858 1417 1899 1448 Et
1912 1418 1958 1458 76)

1132 1456 1207 1487 Act.
1230 1456 1318 1488 Xlx.
1345 1461 1408 1495 [vs.
1420 1459 1462 1496 4.]
1488 1457 1612 1490 Paulus
1635 1460 1689 1490 ait.
1714 1459 1881 1491 Iohannes
1900 1460 1958 1490 ba-

1131 1500 1266 1539 ptizavit
1294 1501 1457 1540 baptismo
1485 1502 1705 1541 poenitentiae
1732 1502 1890 1542 populum
1912 1502 1958 1532 di-

1134 1552 1225 1580 cens,
1248 1543 1281 1572 in
1305 1552 1378 1574 eum
1402 1544 1456 1584 qui
1470 1550 1629 1575 venturus
1645 1551 1735 1575 esset
1748 1551 1826 1585 post
1839 1546 1960 1585 ipsum,

1132 1630 1193 1665 [vs
1221 1628 1287 1666 11.]
1311 1628 1475 1660 lohannes
1499 1635 1641 1661 testatur
1652 1640 1748 1661 suum
1759 1631 1959 1671 baptismum

1132 1680 1209 1701 esse
1240 1671 1372 1712 signum
1399 1670 1497 1703 futuri
1526 1673 1681 1712 baptismi
1714 1682 1774 1712 per
1808 1673 1958 1713 spiritum

1132 1718 1294 1751 sanctum,
1319 1724 1394 1744 cum
1415 1715 1528 1755 inquit.
1573 1714 1647 1757 Ego
1677 1716 1809 1755 baptizo
1839 1726 1902 1747 vos
1925 1716 1960 1746 111

1131 1765 1228 1796 aqua,
1252 1757 1306 1795 qui
1328 1762 1406 1796 post
1427 1767 1479 1787 me
1501 1763 1668 1788 ven=turus
1697 1763 1749 1788 est
1779 1758 1960 1797 baptizabit

1130 1807 1193 1828 vos
1218 1799 1335 1837 spiritu
1357 1806 1485 1830 sancto.
1530 1799 1616 1830 Nam
1638 1799 1704 1830 hoc
1726 1801 1807 1841 agit,
1831 1810 1868 1830 se
1890 1810 1958 1830 non

1131 1849 1208 1871 esse
1219 1839 1397 1878 Christum,
1422 1843 1483 1872 sed
1500 1848 1618 1872 testem
1643 1843 1683 1873 de
1693 1841 1839 1873 Christo.
1863 1842 1956 1874 Sicut

1130 1882 1244 1913 Iohan.
1268 1883 1321 1914 111.
1357 1887 1419 1921 [vs.
1444 1884 1510 1921 ‘284
1545 1885 1657 1925 inquit.
1692 1885 1771 1916 Non
1796 1895 1868 1916 sum
1891 1895 1954 1926 ego

1106 1962 1107 1965 Ἰ
1131 1925 1296 1957 Christus.
1320 1926 1483 1967 Adeoque
1505 1927 1590 1958 idem
1615 1928 1798 1968 baptismus
1818 1934 1956 1968 uterque

1131 1968 1309 2010 significat,
1330 1970 1390 2000 sed
1412 1968 1477 2000 1108
1501 1970 1706 2007 discrimine,
1734 1971 1823 2011 quod
1847 1969 1955 2002 adhuc

1129 2012 1380 2052 praedicandae
1398 2013 1525 2054 gratiae
1538 2011 1692 2043 Iohannis
1708 2013 1890 2052 baptismus
1908 2019 1954 2043 te-

1130 2055 1318 2085 stimonium
1342 2061 1423 2091 erat,
1447 2054 1571 2086 Christi
1591 2056 1774 2095 baptismus
1797 2056 1863 2085 iam
1886 2055 1954 2086 col-

1128 2096 1226 2127 latae.
1289 2097 1405 2138 Neque
1437 2096 1532 2128 aliter
1561 2098 1678 2138 opinor
1706 2098 1956 2138 baptizaverunt

1130 2139 1253 2171 Christi
1289 2138 1441 2180 discipuli
1476 2140 1589 2171 lohan.
1625 2140 1692 2171 1111.
1727 2142 1811 2178 [vss.
1848 2140 1864 2170 l
1885 2143 1952 2181 sq.]

1130 2193 1227 2224 quam
1250 2182 1427 2221 lohannes,
1451 2193 1490 2214 eo
1514 2183 1604 2224 quod
1627 2182 1780 2214 Christus
1808 2183 1954 2214 nondum

1128 2270 1209 2306 zari,
1232 2269 1285 2309 qui
1309 2267 1463 2300 Iohannis
1488 2270 1651 2309 baptismo
1675 2267 1734 2299 loti
1757 2274 1861 2305 erant,
1884 2278 1949 2309 quo

254 2316 290 2342 ut
308 2309 464 2341 Iohannis
488 2311 669 2350 baptismus
693 2311 867 2343 adfuturae
885 2311 986 2353 paulo
1005 2319 1083 2353 post
1103 2313 1105 2350 ἐ
1129 2313 1211 2342 certi
1234 2318 1348 2342 essent
1372 2322 1410 2342 se
1432 2312 1496 2342 iam
1508 2317 1711 2342 consecutos
1736 2320 1813 2342 esse
1837 2311 1952 2341 remis-

256 2354 395 2395 grafiae,
419 2352 542 2384 Clu-isti
566 2354 748 2393 baptismus
771 2356 836 2386 iam
853 2354 996 2386 collatae
1007 2366 1082 2397 gra·
1103 2358 1105 2396 l
1130 2356 1256 2386 sionem
1279 2360 1502 2395 peccatorum,
1527 2365 1624 2394 quam
1644 2354 1863 2385 obventuram
1874 2352 1953 2384 hac-

254 2397 321 2427 tiae
343 2397 462 2437 pignus
487 2397 527 2427 sit
547 2399 597 2426 καὶ
615 2401 753 2438 σφραγίς.
778 2397 826 2429 113
847 2398 935 2429 1(18111
957 2399 1083 2441 signifi-

1129 2404 1224 2429 tenus
1249 2397 1466 2428 crediderant.
1525 2397 1611 2427 Nam
1633 2397 1666 2426 in
1688 2395 1754 2427 hoc
1777 2397 1873 2438 signa
1897 2396 1952 2426 ad-

102 2541 148 2571 75)
170 2540 240 2599 (53⁰3
259 2541 415 2601 Lfitherissq
432 2543 587 2573 spalatinum
608 2543 680 2573 epist.
700 2541 782 2573 (15ζ29,
803 2543 872 2569 Maii.
900 2544 972 2569 1522.
991 2550 1032 2574 ap.
1053 2544 1084 2568 tle
1132 2535 1177 2562 75)
1196 2535 1235 2564 Et]
1254 2534 1297 2559 Ed·
1318 2534 1341 2557 2·
1361 2534 1454 2564 onth.
1474 2539 1574 2558 errore:
1594 2533 1628 2558 Ei·

207 2582 219 2599 1·
243 2582 256 2599 e
299 2594 304 2599 .
325 2582 347 2605 p.
367 2581 372 2586 ·
402 2582 424 2601 ¹..

1104 2565 1108 2591 ¹
1132 2579 1178 2606 77)
1197 2577 1247 2607 lII.]
1267 2577 1303 2601 sic
1322 2577 1425 2606 scripsi:
1446 2576 1517 2601 Editt.
1539 2578 1560 2601 1.
1580 2577 1604 2601 2.
1624 2577 1646 2600 7.
1665 2577 1747 2600 male:
1766 2575 1826 2600 xm.

1862 2626 1903 2650 14*

2052 142 2116 174 214

2025 237 2055 255 20

1987 490 2047 519 125,
2066 489 2090 514 b.

2030 879 2056 897 10

2031 1090 2057 1108 15

2026 1334 2056 1352 ‘20

1986 1589 2047 1617 126,
2065 1594 2088 1613 a.

1978 1622 2037 1653 (65,
2055 1622 2096 1652 b.)

2027 1761 2040 1778 ⁴

2026 2015 2052 2034 10

2021 2270 2047 2289 15
