2358 2933
225 121 287 151 313

852 116 961 146 PlllL.
982 115 1083 147 MEL.
1107 114 1291 147 SCRIPTA
1310 115 1584 148 DOGMATlCA.

2157 123 2219 155 344

226 220 338 242 rueret
360 219 470 240 contra
496 210 689 239 niandatum.
715 210 756 237 ita
782 214 895 246 postea
921 217 1050 247 semper
1074 209 1202 238 insidia·
1225 218 1227 244 !
1247 218 1306 248 per
1327 208 1457 245 accidit,
1481 215 1513 239 ut
1539 219 1610 239 cum
1636 220 1690 239 res
1715 211 1821 241 bonae
1838 210 2024 250 patefactae
2041 222 2129 250 sunt,
2153 221 2218 246 sta-

229 262 280 284 tus
306 262 351 282 cst
379 251 559 282 111-01051311.
585 250 732 279 odiunt-i
758 251 910 289 pertraxit
933 251 1001 279 lere
1027 256 1128 280 totum
1147 260 1202 289 ge-

229 306 288 325 nus
314 295 484 323 humatmzn
509 293 549 321 ad
573 292 796 328 cul‹n).o‚‹1‹n>1'u2:.
836 292 904 321 Ncc
928 292 1023 322 desiit
1046 293 1203 331 grassari.

228 345 402 376 postquam
427 335 577 364 (hristus
602 342 629 362 ct
659 333 808 372 Apostoli
843 344 956 364 rursus
981 335 1200 364 accenderant

228 379 334 408 luccm
369 375 543 415 lixangvlii.
591 376 703 405 Statim
735 383 846 406 set-uta
879 383 953 406 sunt
984 375 1098 406 deliria
1121 375 1202 406 mul-

230 419 347 458 tiplicia
380 418 591 448 ihtiaticorum
621 417 793 447 hominum.
841 418 951 451 Quare
982 419 1111 448 nimium
1139 419 1200 448 sibi

228 462 454 491 blandiumur.
479 461 530 499 qui
557 461 739 499 posteriora
765 467 909 500 tempora
935 461 1085 491 (minibus
1112 470 1201 491 erro-

228 505 319 534 ribus
353 502 500 532 liberant.

315 544 380 574 Res
404 546 471 583 i1-sa
498 543 639 583 loquitur
663 544 693 572 in
718 543 862 574 'l'homae
887 551 918 574 ct
947 543 1097 574 similium
1121 545 1199 574 rixis

228 588 408 617 doctrinam
433 587 473 615 dc
497 587 615 615 iustitia
641 586 714 615 tidci
738 596 802 615 non
826 586 933 616 solum
950 587 1115 616 (mussant.
1140 587 1199 615 scd

227 630 320 659 etiam
345 639 479 668 prorsus
504 629 653 657 obrutam
679 638 765 658 esse.
808 628 902 662 Quod
927 630 1012 668 apud
1036 627 1111 658 illos
1135 629 1199 658 dis-

228 673 347 701 crimcn
369 671 575 710 perspicuum
600 676 705 700 extat.
734 677 984 710 praet-emmanu
1007 678 1037 701 et
1064 672 1199 709 promis·
1221 699 1222 708 ἵ

226 715 364 743 sionum.
392 713 487 751 Legis
507 719 537 742 et
559 711 740 752 Evangelii.
765 713 1016 752 promissionum
1028 712 1198 751 Legalium

226 763 256 785 et
294 756 519 794 promissimrs
551 755 741 785 Gratuitae'?
786 754 900 788 Qualis
931 754 1120 784 carnificina
1149 762 1197 784 est

226 798 372 828 doctrina
397 798 658 827 atlxcrsaritwnm
689 798 728 826 dc
752 798 970 836 poenitentia?
1005 797 1120 827 rituum
1144 807 1198 827 ve-

225 841 320 879 stigia
358 847 484 869 tencnt.
520 849 580 868 nec
611 847 726 868 norunt
762 840 928 879 originem.
986 837 1071 868 Olim
1106 845 1197 868 erant

226 882 384 922 quaedam
424 881 656 910 homicidarum
691 888 719 910 et
757 881 894 911 aliorum
923 880 1123 921 pollutorum
1157 881 1198 910 si-

226 935 306 965 gna.
335 931 367 953 ut
393 923 538 953 Orestis.
569 923 695 962 Oedipi.
742 923 790 953 Ex
815 922 877 953 hac
901 922 1071 962 disciplina
1095 924 1197 953 veteri

226 973 255 996 et
281 964 364 995 civili
388 976 459 994 mos
485 972 576 995 ortus
607 972 653 995 est
679 965 955 1002 satisfactionum,
979 966 1019 995 de
1043 976 1108 1006 quo
1132 975 1197 994 non

226 1007 392 1038 intellecto
416 1018 510 1048 quam
536 1006 642 1037 futiles
657 1008 827 1047 opiniones
847 1008 1009 1037 tinxerunt
1022 1006 1198 1037 Monachi?

227 1051 324 1080 lidem
344 1051 454 1090 quanti
473 1050 683 1080 aestimarunt
703 1052 902 1080 monasticas
921 1051 1122 1080 ceremonias
1140 1049 1197 1079 ho-

225 1093 343 1122 minum
357 1102 467 1122 errore
481 1093 696 1132 excogitatas.
720 1092 892 1123 Vinculum
903 1091 1083 1122 coelibatus
1092 1092 1198 1131 perni—

225 1136 441 1165 ciosissimum
454 1135 536 1164 adeo
550 1145 615 1164 non
628 1134 748 1174 placuit
761 1134 944 1174 Apostolis,
958 1141 990 1165 ut
1003 1133 1127 1164 Paulus
1141 1134 1197 1163 do-

224 1178 361 1208 ctrinam
376 1176 628 1207 Daemoniorum
652 1178 789 1207 vocarit.
825 1177 890 1207 lam
913 1177 987 1217 quis
1011 1176 1117 1206 nescit
1140 1186 1197 1205 no-

225 1230 285 1250 vas
314 1229 368 1249 res
399 1220 428 1249 in
454 1218 604 1248 Ecclesia
629 1228 720 1255 esse,
755 1229 836 1259 quas
867 1224 1013 1249 vetustas
1044 1224 1196 1248 execrata

224 1261 352 1298 fuisset,
375 1260 611 1301 adplicationes
632 1272 756 1291 coenae
766 1261 895 1291 Domini
915 1272 974 1301 pro
991 1260 1075 1291 aliis.
1094 1259 1198 1290 Thea·
1220 1257 1221 1288 ἒ

224 1305 325 1334 tricas
355 1314 491 1343 pompas
523 1310 553 1333 et
584 1304 795 1333 adorationes
825 1304 936 1343 panis,
968 1303 1198 1333 invocationes

225 1347 383 1376 divorum.
420 1347 501 1376 ('um
525 1346 622 1386 igitur
644 1351 771 1376 constet
791 1345 853 1375 hos
876 1346 1087 1387 prodigiosos
1110 1354 1198 1374 erro-

224 1398 280 1419 res
309 1387 412 1418 fuisse
435 1389 565 1428 ignotos
589 1389 689 1418 veteri
718 1387 904 1424 Ecclesiae,
934 1398 999 1418 non
1033 1392 1198 1427 opponant

224 1431 321 1461 nobis
346 1432 551 1461 autoritatem
573 1440 671 1460 verae
683 1429 865 1467 Ecclesiae,
888 1440 972 1471 quae
992 1440 1052 1459 nec
1069 1430 1197 1469 probat,
1220 1445 1221 1466 ;

225 1483 286 1504 nec
311 1473 463 1512 agnoscit
486 1472 548 1503 has
572 1472 675 1503 labes.

312 1514 435 1545 Verum
464 1515 539 1556 quid
568 1514 651 1545 haec
679 1514 828 1554 disputo,
858 1520 1054 1553 praetexunt
1082 1511 1197 1543 Eccle-

225 1559 294 1588 siae
318 1567 435 1587 nomen
461 1558 638 1587 erroribus.
673 1557 756 1587 Num
779 1557 811 1586 id
834 1555 980 1597 allegare
1004 1557 1099 1586 etiam
1121 1565 1197 1594 pos-

225 1605 300 1630 sunt
337 1601 377 1629 ad
409 1599 629 1631 excusandam
662 1600 830 1629 immanem
866 1600 1057 1629 saevitiam?
1101 1597 1197 1632 Quod

223 1642 277 1672 hic
300 1641 418 1671 habent
444 1643 564 1672 veteris
588 1641 761 1671 Ecclesiae
784 1639 987 1680 exemplum?

224 1685 350 1726 gorium
374 1685 536 1723 probasse
548 1683 668 1725 Legem
694 1684 734 1713 de
757 1682 935 1719 coelibatu,
969 1683 1054 1713 Num
1078 1692 1196 1712 censes

223 1726 309 1758 hunc
341 1727 434 1756 etiam
464 1725 524 1756 has
555 1732 707 1756 recentes
726 1725 833 1766 Leges
866 1725 1028 1766 sanguine
1053 1725 1195 1764 scriptas

223 1770 433 1809 probaturum
456 1768 581 1799 fuisse?
617 1778 700 1809 quae
723 1769 833 1798 iubent
856 1767 995 1797 interfici
1018 1767 1116 1807 pium,
1141 1767 1195 1796 do-

224 1819 321 1847 ctum,
346 1818 375 1841 et
400 1812 605 1841 innocentem
629 1810 856 1847 Sacerdotem,
879 1810 908 1839 si
926 1808 1006 1840 nolit
1024 1810 1196 1850 coniugem

222 1855 275 1894 pio
296 1851 433 1884 consilio
458 1854 586 1883 ductam
610 1854 761 1883 abiicere.

223 1898 302 1939 gito,
327 1906 391 1925 11011
417 1903 480 1925 13111
504 1896 633 1925 irascor
656 1895 818 1935 Tyrannis
842 1895 941 1934 ipsis,
965 1894 1019 1934 qui
1042 1899 1115 1924 sunt
1140 1904 1195 1923 au-

222 1946 313 1969 tores
337 1937 451 1969 horum
474 1938 738 1978 parricidiorum,
768 1947 862 1977 quam
887 1937 993 1966 doctis
1022 1942 1052 1966 et
1076 1934 1194 1975 alioqui

221 1981 417 2016 moderatis,
443 1982 496 2020 qui
526 1981 587 2010 etsi
610 1980 695 2009 hanc
719 1980 927 2020 asperitatem
955 1988 1019 2009 non
1042 1979 1194 2017 probant,

224 2031 332 2053 tamen
356 2032 417 2053 suo
442 2021 571 2052 silentio
596 2021 805 2059 confirmant,
830 2027 859 2051 et
884 2031 920 2051 se
945 2021 1098 2061 contagio
1122 2029 1194 2059 par-

222 2066 407 2096 ricidiorum
438 2063 595 2104 polluunt.
642 2064 728 2101 Hos,
758 2064 785 2093 si
810 2062 959 2103 opitulari
988 2063 1194 2093 innocentiae

224 2118 283 2138 sua
308 2116 390 2137 voce
414 2117 478 2137 11011
505 2105 644 2144 vellent,
670 2107 807 2136 decebat
831 2112 937 2136 tamen
962 2105 1076 2146 fugere
1101 2103 1192 2135 aulas

223 2149 440 2190 Tyrannicas.
498 2149 588 2179 Haec
623 2159 662 2179 eo
696 2148 961 2185 commemoravi,
995 2154 1030 2178 ut
1065 2152 1193 2177 constet

223 2202 286 2222 nos
314 2201 377 2221 non
408 2192 607 2221 comminisci
637 2201 741 2220 novas
767 2191 955 2230 opiniones,
986 2190 1045 2220 sed
1072 2190 1193 2220 veteris

223 2244 263 2264 ac
295 2233 435 2273 purioris
465 2233 634 2263 Ecclesiae
669 2242 869 2263 consensum
899 2234 1007 2273 sequi,
1040 2233 1070 2262 id
1106 2232 1192 2272 quod

223 2274 308 2305 alias
332 2284 433 2314 saepe
457 2276 669 2305 ostendimus.

309 2317 383 2347 Non
414 2326 546 2356 possum
576 2324 681 2347 autem
715 2316 780 2346 hoc
808 2315 883 2346 loco
918 2326 984 2346 non
1021 2315 1193 2355 deplorare

223 2364 413 2400 perpetuum
438 2358 608 2389 Ecclesiae
638 2360 754 2395 fatum,
778 2365 812 2389 nt
832 2360 876 2388 ita
900 2359 1015 2388 dicam.

224 2444 422 2479 constantia,
447 2444 636 2479 ambi-tione,
659 2442 846 2482 petulantia,
866 2445 1029 2486 φιλονεικίᾳ
1051 2445 1090 2475 ¹⁹)
1110 2452 1192 2472 sem-

225 2538 268 2567 19)
291 2535 461 2567 φιλονεικίᾳ]
481 2536 515 2560 sic
533 2538 600 2560 recte
619 2536 659 2560 Ed.
682 2537 733 2561 14.;
753 2536 794 2560 Ed.
814 2537 851 2560 13.
873 2533 1044 2565 φιλονεικίαι-

1031 1640 1098 1670 Fac
1117 1639 1196 1669 Gre-
1219 1653 1220 1675 1

807 1853 917 1892 Atque
938 1850 1021 1881 haec
1046 1861 1117 1881 cum
1142 1861 1196 1881 co·
1217 1868 1219 1891 ᾗ

1217 1898 1218 1919 i
1240 1892 1335 1922 etiam
1359 1891 1474 1921 vicinis
1499 1889 1628 1930 populis
1651 1890 1888 1929 impertiebant.

1224 251 1301 290 111111
1338 257 1516 291 sequantur
1551 251 1769 291 corruptelae.

1816 253 1857 283 Ut
1888 255 1918 283 in
1948 252 2067 285 fabulis
2096 257 2218 296 dicunt,

1224 307 1227 316 =
1247 292 1428 323 intersectis
1448 303 1466 323 a
1486 293 1563 323 love.
1587 295 1776 335 gigantibus
1801 301 1920 326 terram
1943 306 1984 326 ex
2007 307 2119 328 eorum
2143 309 2217 329 san-

1247 336 1342 375 guiue
1366 334 1448 365 alios
1479 336 1632 376 <rigantes
1655 337 1821 376 genuisse,
1850 338 1895 367 lta
1921 348 1960 368 ex
1986 347 2128 370 veterum
2157 341 2217 371 So-

1248 377 1425 416 phistarum
1450 359 1592 417 reliquiis
1618 388 1736 409 novum
1762 388 1847 408 1111110
1871 390 1975 420 genus
1994 383 2149 419 exoritur,
2173 384 2217 413 vi—

1247 418 1362 449 dclicct
1403 420 1500 449 astuti
1545 421 1692 460 quidam,
1736 421 1788 460 qui
1830 422 2012 452 serxientes
2052 430 2218 462 potentum

1245 460 1428 491 adfectibus
1461 462 1552 491 noris
1578 463 1763 501 praestigiis
1789 469 1946 493 excusant
1970 471 2100 495 veteres
2126 467 2217 504 ritus,

1245 502 1405 543 affingunt
1430 503 1594 533 molliores
1609 511 1639 533 et
1659 503 1900 543 plausibiliores
1921 506 2218 546 interpretationes,

1244 546 1302 574 scd
1327 546 1368 574 ita
1394 551 1427 574 ut
1452 555 1573 575 nervos
1597 547 1865 585 superstitionum
1888 548 2057 578 retineant.

1330 586 1399 617 llas
1423 587 1557 617 Sirenes
1582 598 1645 617 non
1669 589 1774 618 minus
1799 596 1925 626 metuo,
1955 600 2051 630 quam
2075 592 2217 630 priorem

1245 628 1328 659 illam
1366 628 1605 660 Monac-horum
1642 630 1870 669 Sophisticam.
1925 631 2009 662 Nam
2043 632 2105 663 hae
2141 640 2218 664 sunt

1243 673 1422 702 instructae
1446 670 1560 708 literis,
1584 671 1702 702 habent
1727 673 1817 703 sudia
1842 680 2010 712 potentum
2033 681 2063 704 et
2089 677 2217 714 sapien-

1243 720 1318 749 tum,
1339 713 1369 742 in
1390 724 1528 753 quorum
1547 715 1662 743 animis
1682 714 1814 745 multum
1834 714 1943 746 valent
1961 715 2024 746 hae
2043 718 2216 756 speciosae

1242 756 1386 786 rationes
1417 761 1447 785 et
1478 759 1697 794 πιθανολογιίιι.
1743 757 1780 786 Et
1813 768 1886 787 cum
1916 768 1981 787 non
2016 759 2217 789 adsentimur

1221 797 1222 801 ¹
1243 799 1308 834 eis,
1332 797 1467 827 dicimur
1498 799 1640 835 morosi,
1664 796 1762 835 fatui,
1786 799 1938 829 dimicare
1957 801 1998 829 de
2022 801 2143 830 nostris
2163 811 2216 831 so-

1242 840 1346 875 mniis,
1370 850 1435 869 non
1460 838 1582 869 habere
1606 841 1764 870 rationem
1788 839 1939 879 publicae
1961 841 2215 882 tranquillitatis.

1241 882 1315 912 Non
1340 880 1438 911 facile
1461 887 1522 917 est,
1547 888 1601 911 aut
1624 880 1768 912 refutare
1792 881 1863 912 illas
1879 882 2044 923 strophas,
2069 891 2123 915 3111.
2139 894 2217 915 0011-

1243 931 1387 954 temnere
1411 923 1570 960 convicia,
1594 923 1659 953 Sed
1684 934 1757 954 cum
1779 923 1947 965 vigilantia
1970 935 2010 955 ac
2025 926 2216 963 eruditione,

1242 973 1307 996 tum
1339 975 1417 995 vero
1447 966 1542 995 etiam
1577 966 1718 1005 quadam
1747 967 1968 1007 magnitudine
2001 969 2098 998 animi
2133 977 2215 1008 opus

1242 1014 1294 1038 est
1323 1008 1353 1037 in
1384 1006 1446 1037 hoc
1476 1009 1662 1038 certamine.
1709 1008 1819 1042 Quare
1852 1018 1939 1039 1111110
1968 1010 2097 1050 quidem
2130 1009 2216 1041 hanc

1241 1050 1517 1080 Lucubrationem
1540 1050 1600 1089 piis
1620 1049 1830 1080 scholasticis
1851 1052 2015 1091 inscripsi,
2038 1058 2072 1082 ut
2085 1062 2144 1083 eos
2159 1053 2215 1083 ad-

1241 1102 1408 1127 moneam,
1432 1098 1467 1122 ut
1490 1090 1572 1121 haec
1596 1091 1768 1122 Ecclesiae
1791 1092 1936 1132 pericula
1960 1095 2213 1133 prospicientes,

1242 1144 1280 1163 se
1303 1132 1490 1174 diligentius
1510 1134 1551 1163 ad
1570 1135 1722 1164 sincerae
1740 1135 1909 1166 doctrinae
1930 1137 2215 1167 conservationem

1240 1181 1447 1216 praeparent.

1327 1218 1513 1257 Optandum
1536 1217 1665 1257 quidem
1689 1224 1750 1253 est,
1774 1224 1810 1248 ut
1831 1218 1923 1249 Deus
1947 1219 2066 1249 excitet
2086 1218 2214 1260 aliquos

1241 1261 1349 1291 bonos
1372 1259 1555 1298 Principes,
1582 1260 1633 1299 qui
1653 1259 1813 1290 Ecclesiis
1832 1259 2010 1299 hospitium
2021 1262 2214 1300 praebeant.

1241 1303 1294 1342 qui
1318 1311 1397 1332 vere
1422 1300 1531 1332 colant
1549 1301 1667 1338 Deum,
1694 1308 1724 1331 81
1748 1301 1919 1343 Evangelii
1942 1301 2049 1333 lucem
2068 1300 2216 1345 extingui

1241 1343 1354 1375 nolint.
1401 1343 1468 1374 Sed
1497 1344 1646 1374 omnibus
1675 1344 1836 1374 aetatibus
1866 1343 1951 1374 tales
1980 1346 2046 1375 rari
2073 1343 2214 1376 fuerunt.

1240 1386 1292 1417 Ac
1311 1396 1412 1425 saepe
1436 1385 1636 1415 cohorresco
1661 1391 1729 1415 toto
1754 1396 1906 1425 corpore,
1931 1387 1971 1417 de
1990 1386 2137 1426 Imperiis
2161 1397 2215 1417 co-

1242 1429 1362 1469 gitanS,
1387 1438 1460 1458 011111
1478 1429 1510 1457 111
1534 1426 1588 1457 illo
1613 1437 1738 1458 summo
1762 1427 1849 1464 loco,
1874 1430 1906 1459 in
1931 1439 1995 1469 quo
2018 1427 2132 1459 lucere
2148 1438 2215 1459 ma-

1240 1471 1325 1501 xime
1348 1471 1460 1501 notitia
1483 1469 1557 1506 Dei,
1583 1469 1760 1509 Sapientia,
1784 1470 1918 1506 lustitia,
1943 1476 1975 1500 et
1998 1476 2132 1501 ceterae
2152 1471 2215 1501 vir-

1241 1519 1328 1543 tutes
1353 1513 1533 1549 debebant,
1558 1511 1649 1547 (Ideo
1674 1513 1758 1541 enim
1789 1512 1990 1553 gubernator
2019 1513 2127 1553 imago
2150 1511 2216 1542 Dei

1241 1555 1372 1593 dicitur)
1396 1555 1535 1584 maxime
1561 1554 1708 1594 grassari
1727 1554 1823 1584 video
1854 1553 1984 1584 hostem
2006 1553 2069 1585 Dei
2091 1554 2215 1585 Diabo-

1239 1595 1314 1627 lum.
1362 1596 1443 1627 Cum
1466 1596 1564 1637 igitur
1595 1596 1691 1634 pauci
1714 1594 1833 1626 fuerint
1862 1596 1939 1626 boni
1962 1595 2150 1636 Principes,
2182 1601 2215 1626 et

1240 1640 1325 1669 inter
1355 1640 1461 1669 bonos
1494 1637 1642 1678 plerique
1671 1638 1806 1675 infirmi,
1841 1640 1891 1667 καὶ
1919 1637 2125 1678 εὖμετάβολοι,
2159 1647 2214 1668 res

1218 1686 1220 1701 ³
1241 1681 1383 1711 ostendit
1408 1679 1592 1710 Ecclesiam
1615 1680 1691 1709 inde
1713 1689 1817 1720 usque
1846 1681 1886 1710 ab
1910 1681 1999 1711 initio
2022 1680 2128 1722 magis
2150 1680 2214 1720 pri-

1215 2063 1217 2084 1
1238 2059 1394 2091 coelestis
1423 2060 1582 2090 doctrina.

1215 2550 1217 2562 1

1240 1728 1388 1753 vatorum
1423 1721 1591 1763 diligentia
1625 1728 1856 1762 propagatam,
1899 1728 1930 1751 et
1963 1728 2093 1752 auctam
2127 1731 2214 1760 esse,

1240 1775 1336 1805 quam
1370 1764 1498 1805 Regum
1532 1774 1572 1794 30
1601 1763 1788 1803 Principum
1823 1763 1970 1795 consiliis
2011 1770 2043 1794 et
2083 1765 2212 1795 virtute.

1238 1806 1424 1843 Abraham,
1447 1806 1552 1841 Isaac,
1577 1806 1687 1843 Iacob,
1705 1807 1912 1846 vagabantur
1935 1812 1970 1836 ut
1993 1816 2148 1844 errones,
2178 1811 2211 1837 et

1241 1848 1416 1880 coelestem
1446 1848 1627 1878 doctrinam
1658 1859 1730 1878 cum
1760 1847 1890 1878 familiis
1915 1849 2002 1885 suis,
2032 1854 2098 1878 tum
2128 1858 2209 1879 vero

1934 1890 2065 1920 Interim
2092 1889 2210 1932 Regna

1239 1935 1303 1964 duo
1326 1933 1477 1973 utrinque
1510 1933 1716 1963 mediocriter
1738 1931 1918 1962 floruerunt
1943 1931 2155 1963 Chaldaicum
2178 1938 2210 1963 et

1238 1975 1456 2016 Aegyptium,
1489 1984 1572 2015 quae
1598 1974 1658 2005 hos
1682 1974 1744 2004 Dei
1767 1984 1950 2012 praecones
1973 1973 2052 2005 nihil
2079 1975 2225 2007 adiuva-.

1238 2019 1326 2049 bant.
1372 2017 1517 2047 Tandem
1540 2017 1704 2057 Aegyptio
1727 2016 1811 2057 Regi
1834 2026 1853 2045 a
1876 2015 1995 2056 loseph
2018 2017 2136 2047 tradita
2159 2022 2210 2047 est

1627 2059 1687 2089 Hic
1715 2058 1841 2099 Regem
1870 2065 2043 2098 patronum
2066 2058 2209 2099 aliquan-

1237 2104 1339 2142 tisper
1361 2102 1434 2141 pius
1459 2107 1572 2131 coetus
1595 2107 1712 2131 nactus
1730 2107 1790 2131 est.
1828 2100 1895 2131 Sed
1914 2100 2010 2140 paulo
2033 2107 2111 2141 post
2134 2111 2209 2132 suc·-

1237 2146 1392 2175 cedentes
1411 2143 1553 2184 Tyranni
1576 2144 1670 2173 3111115
1689 2141 1828 2182 amplius
1851 2144 2021 2184 octoginta
2042 2143 2208 2174 atrocissi-

1237 2197 1321 2217 mam
1344 2185 1567 2217 crudelitatem
1590 2186 1622 2215 iu
1642 2185 1789 2225 hospites
1807 2184 1880 2215 illos
1901 2192 2130 2216 exercuerunt.
2161 2185 2209 2216 lta

1236 2235 1352 2269 postea
1377 2229 1437 2258 etsi
1461 2226 1558 2269 aliqui
1586 2229 1629 2267 pii
1652 2227 1761 2269 Reges
1793 2227 1881 2257 velut
1905 2226 2022 2258 stellae
2046 2226 2208 2258 fulsenmt

1234 2273 1266 2301 in
1291 2272 1379 2307 luda,
1403 2276 1509 2300 tamen
1533 2280 1633 2310 saepe
1656 2270 1838 2310 prophetae
1856 2276 2009 2300 rexerunt
2022 2268 2207 2300 Ecclesiam

1214 2315 1266 2356 ’,111
1291 2311 1392 2343 lsrael
1411 2323 1451 2343 ac
1476 2313 1571 2350 luda,
1603 2323 1675 2343 cum
1700 2318 1812 2343 essent
1835 2313 1971 2351 privati,
2002 2321 2042 2342 30
2072 2312 2206 2354 regibus

1061 2357 1192 2388 Diaboli
1214 2364 1215 2393 1

223 2401 409 2436 fraudibus.
440 2407 469 2430 et
498 2402 700 2441 ingeniorum
728 2400 940 2431 humanorum
970 2400 1118 2438 levitate,
1147 2400 1215 2431 111-ξ

1214 2438 1216 2453 ³
1236 2440 1376 2470 habebat
1400 2438 1551 2470 Ecclesia
1576 2439 1837 2480 gubernatores?
1882 2444 1950 2469 tres
1982 2437 2203 2474 mulierculas,

1235 2355 1509 2395 pontificibusque
1532 2356 1636 2385 invisi.
1673 2354 1753 2385 Cum
1767 2355 1906 2384 loannes
1919 2354 2067 2393 Baptista
2092 2363 2206 2385 nasce-

1236 2404 1339 2428 retur.
1370 2397 1543 2437 pontifices
1567 2408 1606 2427 ac
1630 2397 1738 2438 Reges
1762 2402 1853 2427 erant
1881 2396 1984 2433 athei,
2014 2395 2106 2430 Quos
2129 2402 2207 2426 tunc

1237 2482 1377 2519 Annam,
1400 2480 1558 2517 Elisabet,
1582 2492 1620 2512 ac
1644 2481 1796 2518 Mariam,
1824 2486 1854 2510 et
1878 2490 2058 2520 oppressos
2083 2479 2205 2517 Tyran-

1215 2535 1217 2545 ¹
1237 2524 1312 2554 nide
1335 2525 1424 2554 cives
1447 2523 1625 2564 pauculos,
1649 2524 1851 2560 Simeonem,
1885 2522 2078 2553 Zachariam
2101 2515 2133 2552 et
2156 2521 2204 2552 10-
