2358 2933
104 125 165 157 697

105 223 171 250 est⁴
189 218 230 249 de
252 216 315 248 hac
338 215 480 247 elatione
503 223 535 247 et
557 217 677 248 fiducia
699 217 765 248 sui:
793 216 1003 248 Abominatio
1027 221 1079 246 est

105 270 218 291 coram
229 259 315 297 Deo,
339 259 494 300 quicquid
518 265 569 290 est
591 259 732 291 sublime
755 270 868 290 coram
882 258 1078 289 hominibus.

104 302 176 334 Etsi
198 308 307 332 autem
329 302 361 332 in
384 301 525 332 heroicis
549 303 701 342 personis
716 300 836 333 clarius
850 300 997 339 conspici
1014 299 1078 330 hoc

105 345 224 376 malum
247 349 373 384 potest,
392 348 501 374 tamen
525 354 638 375 omnes
660 344 808 375 homines
837 342 959 383 aliquid
982 341 1078 372 huius

105 387 247 428 contagii
280 386 411 416 habent.
467 385 646 417 Multomm
679 386 799 417 fiducia
832 385 938 425 magis
970 385 1079 414 nititur

105 430 234 469 opibus,
256 429 381 465 amicis,
403 429 579 466 industria,
604 439 700 469 quam
721 428 806 458 Deo.
851 427 921 457 Hos
944 427 1078 457 morbos

103 480 290 513 agnoscere
313 471 491 508 discamus,
514 477 548 502 ut
571 471 780 501 emendemus
804 476 836 500 et
859 469 979 499 fiducia
1001 479 1080 499 vere

105 515 226 546 nitatur
258 512 350 551 Deo,
385 514 471 544 sicut
503 513 610 544 David
645 512 791 543 clamitat
826 511 895 550 [Ps.
919 511 972 547 24„
999 510 1080 549 16.]:

103 556 246 597 Respice
279 556 311 586 in
343 566 396 586 me
430 562 462 586 et
493 556 651 586 miserere
684 555 762 591 mei,
798 555 873 595 quia
900 554 1017 584 unicus
1049 560 1081 584 et

104 609 229 640 pauper
251 608 324 629 sum
347 608 422 639 ego.
467 597 545 628 Item
570 597 637 634 ΙΡ5.
661 596 714 634 26,
741 596 802 635 104
816 607 827 626 2
848 596 947 627 Pater
965 602 994 626 et
1014 606 1080 626 ma-

104 649 154 672 ter
178 639 422 681 dereliquerunt
445 650 507 679 me,
530 639 692 670 Dominus
716 645 826 670 autem
849 639 994 679 suscepit
1018 649 1079 669 me.

190 682 251 714 Hic
275 683 370 713 etiam
393 682 588 712 recensendi
607 688 684 712 sunt
695 682 908 723 Hypocritae,
931 682 984 722 qui
1004 691 1080 712 con-

105 725 208 757 fidunt
240 725 373 764 propria
406 725 527 754 iustitia
560 735 673 755 coram
695 724 787 761 Deo,
821 729 856 754 ut
879 723 1080 754 Pharisaeus

105 767 184 799 Luc.
211 766 259 798 18.
305 767 340 796 ln
362 766 414 797 his
438 773 638 797 concurrunt
671 766 773 797 multa
806 772 964 807 peccata,
992 766 1081 797 vide-

104 809 180 841 licet
209 809 296 850 quod
325 819 392 840 non
421 815 608 850 agnoscunt
630 820 723 840 suam
745 808 981 845 infirmitatem,
1015 818 1081 839 non

104 858 292 895 agnoscunt
315 862 352 882 se
376 852 495 893 dignos
514 861 590 882 esse
612 862 719 892 poena
743 862 853 882 coram
876 851 968 887 Deo,
994 851 1081 891 quod

105 905 222 926 vanam
256 893 407 925 fiduciam
441 894 578 931 habent,
613 894 702 934 quod
734 904 801 924 11011
835 894 989 924 invocant
1021 904 1081 933 per

106 937 323 969 Mediatorem
347 935 531 973 Christum3
575 936 642 966 Imo
679 937 767 977 quod
798 946 857 967 sua
880 946 983 976 opera
1004 934 1080 966 loeo

105 979 296 1010 Mediatoris
315 978 389 1010 Deo
407 985 605 1020 proponunt.
629 978 688 1009 His
712 989 813 1019 supra
835 979 965 1010 attribui
990 979 1081 1019 quin-

106 1028 172 1053 tum
195 1021 343 1062 gradum.

191 1063 393 1096 Undecimus
428 1068 478 1094 est
512 1064 727 1104 impatientia,
763 1073 848 1105 quae
875 1063 1008 1104 proprie
1027 1063 1080 1094 ad-

106 1112 259 1138 versatur
292 1106 395 1146 primo
429 1111 624 1147 praecepto,
659 1107 734 1147 quia
768 1106 922 1137 voluntas
951 1111 1081 1136 recusat

105 1149 179 1180 Deo
214 1149 348 1180 obedire
384 1149 416 1179 111
446 1150 571 1188 poenis.
617 1149 781 1180 Interdum
816 1149 912 1179 etiam
931 1148 1083 1178 irascitur

105 1191 190 1229 Deo,
214 1196 370 1232 tanquam
393 1191 515 1222 duriori
531 1191 686 1228 Domino,
709 1196 765 1221 aut
788 1191 897 1231 iniquo
921 1190 1082 1227 iudici,de

107 1245 172 1275 quo
195 1233 316 1265 affectu
338 1243 439 1273 saepe
457 1234 610 1264 admonet
628 1244 690 1264 nos
704 1234 877 1273 scriptura,
897 1239 933 1263 ut
947 1231 1082 1269 lpsahn.

106 1278 137 1314 4,
160 1276 221 1314 5.]:
244 1275 435 1312 Irascimini,
458 1275 613 1317 noliteffl)
648 1286 801 1316 peccare,
837 1275 870 1305 id
893 1281 955 1311 est,
990 1285 1083 1314 repu-

106 1324 206 1360 gnate
230 1316 334 1350 dolori
357 1323 389 1348 et
412 1317 533 1349 flectite
555 1319 706 1357 animum,
729 1324 764 1349 ut
786 1316 903 1349 volens
918 1318 1083 1357 obtempe-

107 1367 157 1392 ret
178 1359 252 1391 Deo
276 1360 308 1390 in
332 1361 508 1398 aerumnis,
531 1361 615 1391 sicut
639 1371 740 1401 supra
763 1361 886 1392 dictum
909 1366 970 1390 est.

193 1401 322 1444 Collegi
356 1403 480 1444 gradus
503 1409 732 1443 peccatorum,
766 1413 850 1444 quae
873 1402 1004 1443 proprie
1027 1412 1084 1442 pu-

109 1451 211 1488 gnant
235 1455 308 1476 cum
330 1445 434 1485 primo
458 1452 655 1486 praecepto,
691 1446 745 1486 qui
769 1444 867 1476 facile
890 1445 1029 1486 agnosci
1053 1449 1083 1474 et

107 1489 242 1520 iudicari
274 1493 425 1528 possunt.
482 1487 522 1517 Et
552 1489 628 1528 quia
651 1487 840 1527 Decalogus
875 1494 925 1518 est.
960 1496 1086 1517 summa

107 1531 279 1562 doctrinae
308 1531 450 1560 omnium
478 1531 652 1568 virtutum,
683 1531 916 1561 distribuamus
939 1536 971 1561 et
994 1531 1085 1569 ipsas

108 1574 245 1604 virtutes
269 1574 301 1602 in
325 1571 457 1613 singula
480 1579 666 1612 praecepta.
712 1573 764 1603 Ad
788 1574 926 1613 primum
945 1573 1086 1612 pertinet

108 1616 224 1653 virtus,
248 1625 332 1655 quae
355 1620 494 1645 vocatur
516 1614 598 1645 alias
621 1616 744 1656 pietas,
767 1615 850 1647 alias
874 1614 1002 1656 religio,
1026 1614 1085 1644 sed

109 1656 239 1689 facilius
263 1656 489 1699 intelliguntur
512 1656 595 1688 haec
619 1659 762 1695 nomina,
786 1659 881 1689 timor
903 1657 979 1695 Dei,
1002 1656 1085 1688 fides

109 1710 169 1731 seu
202 1699 333 1737 fiducia,
369 1699 499 1731 dilectio
524 1699 597 1730 Dei.
642 1700 683 1731 Et
717 1701 846 1741 quidem
880 1700 942 1731 has
972 1705 1084 1739 partes

110 1743 300 1773 necessario
336 1741 565 1783 complectitur
599 1753 637 1773 ea
672 1744 791 1780 virtus,
828 1752 911 1784 quae
945 1748 1086 1773 vocatur

111 1786 228 1826 pietaS.
274 1784 420 1816 Pertinet
453 1783 518 1815 huc
552 1790 585 1816 et
606 1785 777 1816 Patientia.
835 1785 988 1816 Ceterum
1027 1795 1085 1814 no-

109 1838 182 1859 men
203 1826 315 1858 Pietas
348 1837 453 1868 paene
487 1828 665 1868 respondet
699 1829 818 1859 nomini
851 1828 996 1858 Iustitiae
1018 1827 1086 1857 uni-

110 1868 261 1907 versalis,
286 1870 315 1900 si
338 1869 530 1901 definiamus
555 1881 626 1901 eam
650 1872 881 1907 obedientiam,
907 1880 990 1911 quae
1012 1868 1086 1899 Deo

110 1918 296 1954 praestatur
324 1913 357 1943 in
383 1912 532 1943 omnibus
557 1914 628 1944 eius
650 1914 829 1950 mandatis,
862 1914 946 1944 sicut
968 1918 1087 1953 postea

112 1956 276 1992 dicemuS,
311 1956 354 1986 ad
383 1954 470 1985 hunc
504 1955 619 1993 finem,
655 1961 689 1986 ut
722 1955 797 1986 Deo
832 1957 1085 1995 obtemperetur,

114 1998 222 2028 omnia
245 2007 345 2038 opera
368 1996 540 2028 referenda
563 2008 649 2029 esse.
686 1998 879 2029 Collocetur
901 1999 999 2040 igitur
1021 1997 1085 2028 huc

114 2045 147 2070 et
168 2040 283 2077 virtus,
308 2050 392 2081 quae
416 2047 555 2071 vocatur
578 2040 700 2071 Iustitia
723 2040 930 2072 universalis.

307 2168 366 2200 DE
390 2168 596 2200 SECUNDO
620 2168 890 2201 PRAECEPTO.

201 2253 383 2294 Postquam
419 2255 449 2284 in
483 2255 587 2294 primo
621 2260 798 2295 praecepto
833 2256 953 2286 dictum
977 2260 1026 2284 est
1049 2254 1089 2284 de

118 2297 258 2327 motibus
282 2297 391 2327 cordis
416 2307 497 2338 erga
519 2297 643 2334 Deum,
668 2299 723 2338 qui
746 2303 821 2328 sunt
842 2298 1039 2338 praecipuus
1059 2302 1090 2326 et

118 2339 253 2370 interior
272 2337 397 2376 cultus,
423 2340 498 2380 quia
515 2339 607 2370 Deus
632 2341 764 2380 requirit
783 2340 999 2371 obedientiam
1019 2349 1089 2369 cor-

121 2381 169 2412 dis
187 2391 253 2411 non
273 2380 467 2418 simulatam,
487 2383 575 2412 iuxta
594 2381 674 2413 illud
695 2381 802 2419 [Deut.
822 2383 853 2420 6,
872 2382 934 2420 511:
959 2381 1089 2422 Diligas

121 2422 295 2454 Dominum
314 2422 421 2456 Deum
439 2430 528 2456 tuum
548 2435 588 2455 ex
607 2430 676 2455 toto
697 2425 803 2456 corde.
850 2425 928 2456 Item
959 2423 1039 2462 [Ioh.
1059 2424 1089 2461 4,

124 2561 168 2589 82)
188 2560 276 2591 nolite]
298 2561 369 2586 Editt.
389 2562 496 2586 25—27.
515 2563 564 2589 29..
584 2562 655 2592 Com.
679 2564 698 2586 t.
717 2563 740 2586 2.
761 2562 784 2585 4.
805 2564 830 2586 et
849 2561 924 2586 nolite

570 124 592 154 1.
617 123 719 156 LOCI
741 122 1019 155 THEOLOGICI:
1043 122 1086 153 D.

1108 120 1268 153 TERTlA
1290 118 1447 151 EORUM
1473 117 1628 148 AETAS.
2039 110 2102 141 698

1124 215 1208 252 234:
1245 213 1325 244 Veri
1349 212 1544 242 adoratores
1571 209 1758 240 adorabunt
1777 207 1910 237 Patrem
1929 205 1961 234 ἰιι
1980 204 2102 244 Spiritu

1126 262 1158 287 et
1186 257 1334 287 veritate.
1379 253 1507 284 Deinde
1537 251 1717 282 secundum
1740 253 1952 290 praeceptum
1973 246 2102 276 concio-

1124 305 1221 330 natur
1240 299 1281 328 de
1300 302 1436 328 externa
1454 293 1680 335 professione:
1712 292 1795 327 Quia
1813 290 1906 321 Deus
1926 287 1994 320 vult
2012 289 2102 318 inno-

1125 347 1267 377 tescere,
1288 338 1357 371 vult
1375 348 1459 369 voce
1477 343 1590 367 nostra
1608 336 1772 370 invocari;
1791 333 1833 364 Et
1851 334 1935 363 sicut
1953 341 2012 371 per
2032 340 2103 360 ver-

1125 385 1201 414 bum
1231 393 1268 414 se
1286 379 1461 422 patefecit,
1491 380 1536 410 ita
1554 378 1623 409 vult
1643 377 1707 408 hoc
1726 378 1863 408 verbum
1882 385 1967 405 voce
1984 383 2103 414 propa-

1126 426 1207 467 gari.
1253 425 1329 455 Ideo
1349 429 1523 464 postquam
1550 421 1590 451 de
1608 421 1751 451 motibus
1772 418 1882 450 cordis
1901 418 2021 447 dictum
2041 420 2101 445 est.

1126 478 1212 498 nunc
1230 467 1390 508 praecipit
1409 466 1449 495 de
1467 463 1523 495 illa
1542 473 1638 499 voce,
1657 463 1690 492 in
1710 472 1774 503 qua
1793 466 1888 492 sonat
1908 468 2027 490 nomen
2039 457 2103 487 Dei

1127 516 1159 540 et
1177 511 1315 540 verbum
1334 508 1406 538 Dei.

1316 601 1392 632 Non
1412 600 1586 640 usurpabis
1607 608 1725 629 nomen
1744 596 1806 628 Dei
1827 606 1920 627 vane.

1213 679 1247 709 111
1267 679 1370 719 primo
1389 682 1565 717 praecepto
1584 680 1749 715 ponuntur
1767 672 1982 704 affirmativae
2002 677 2032 701 et
2051 680 2105 701 ne-

1127 722 1257 764 gativae
1287 720 1468 751 orationes.
1513 718 1585 759 Ego
1616 728 1689 748 sum
1709 717 1871 747 Dominus
1892 714 1985 745 Deus
2017 720 2103 745 tuus.

1127 764 1181 806 qui
1200 764 1297 795 eduxi
1316 769 1347 793 te
1366 763 1406 793 de
1425 768 1515 792 terra
1533 760 1687 802 Aegypti.
1717 759 1808 789 Haec
1828 765 1880 789 est
1898 756 2103 787 affirmativa,

1128 807 1180 838 cui
1203 806 1374 837 addendae
1392 810 1467 835 sunt
1488 809 1520 834 et
1538 802 1624 834 aliae
1643 802 1874 833 affimnativae:
1894 798 2024 840 Diligas
2037 797 2105 828 Do-

1126 851 1246 880 minum
1265 848 1372 879 Deum
1391 853 1480 877 tuum
1499 857 1540 877 ex
1558 852 1627 876 toto
1648 845 1758 875 corde.
1804 844 1899 873 Item:
1929 841 2105 872 Dominum

1127 892 1234 922 Deum
1253 897 1342 921 tuum
1361 889 1501 921 timebis.
1547 887 1742 919 constitutis
1762 885 1985 921 affirmativis,
2011 884 2106 913 etiam

1128 934 1300 975 negativae
1313 943 1372 963 seu
1386 931 1574 963 exclusivae
1587 930 1758 961 addendae
1771 934 1861 959 sunt:
1881 928 1955 958 Non
1968 926 2104 957 habebis

1128 977 1219 1007 Deos
1239 974 1377 1006 alienos.
1423 974 1471 1004 Ita
1489 975 1521 1004 in
1541 973 1769 1014 sequentibus,
1790 982 1863 1002 vum
1881 971 2031 1001 audimus
2050 978 2104 998 ne-

1128 1020 1258 1061 gativas
1279 1018 1462 1054 orationes,
1481 1026 1613 1057 semper
1632 1016 1722 1056 prius
1742 1013 1971 1045 affirmativam
1989 1012 2020 1041 in
2040 1011 2104 1051 pri-

1127 1073 1180 1093 mo
1200 1066 1379 1101 praecepto
1399 1068 1593 1099 expressam
1612 1063 1720 1088 mente
1739 1058 1929 1087 intueanmr.
1972 1054 2032 1084 Hic
2051 1063 2105 1083 ve-

1128 1110 1174 1135 tat
1192 1104 1286 1134 Deus
1306 1104 1447 1133 abusum
1465 1102 1515 1132 sui
1528 1101 1684 1137 nominis,
1699 1105 1731 1130 et
1748 1105 1855 1129 tamen
1870 1097 1938 1128 vult
1950 1096 2036 1127 hanc
2048 1106 2105 1126 vo-

1129 1157 1199 1177 cem
1222 1145 1401 1187 propagari
1425 1150 1456 1174 et
1476 1145 1698 1174 innotescere:
1718 1142 1790 1183 Ego
1816 1151 1887 1171 sum
1906 1140 1998 1170 Deus
2018 1145 2104 1169 tuus.

1129 1189 1212 1220 Sunt
1226 1189 1325 1229 igitur
1338 1188 1407 1217 veri
1426 1196 1505 1216 usus
1525 1186 1665 1216 nominis
1684 1184 1793 1221 divini,
1804 1193 1882 1214 vera
1895 1181 2106 1223 praedicatio,

1129 1242 1206 1262 vera
1222 1230 1398 1267 invocatio,
1412 1229 1684 1269 gratiarumactio
1694 1234 1725 1257 et
1736 1224 1914 1258 confessio.
1928 1224 2017 1254 Haec
2029 1234 2105 1264 qua-

1129 1280 1204 1305 tuor
1234 1283 1357 1314 genera
1387 1282 1523 1311 operum
1552 1271 1697 1311 praecipi
1715 1268 1768 1299 hic
1788 1269 1948 1302 sciamus,
1981 1272 2012 1296 et
2032 1266 2107 1295 huic

1128 1315 1204 1347 loco
1235 1317 1419 1346 inseramus
1439 1312 1637 1344 affirmativa
1655 1312 1855 1343 Testimonia
1875 1311 1915 1341 de
1932 1309 1984 1340 his
2004 1308 2107 1349 operi-

1130 1360 1205 1395 bus,
1225 1364 1260 1389 ut
1280 1356 1406 1395 [Matth.
1427 1356 1479 1394 28,
1502 1356 1583 1393 19.]:
1624 1355 1683 1393 Ite,
1702 1355 1818 1386 docete
1837 1363 1951 1384 omnes
1972 1351 2106 1382 Gentes.

1131 1402 1252 1432 invoca
1270 1410 1321 1431 me
1340 1401 1372 1430 in
1392 1400 1443 1430 die
1460 1397 1700 1435 tribulationis,
1727 1403 1758 1428 et
1778 1397 1912 1437 eripiam
1932 1402 1979 1431 te,
2005 1400 2037 1424 et
2057 1404 2108 1424 ce-

1130 1444 1275 1475 lebrabis
1295 1453 1358 1480 me,
1379 1452 1439 1473 seu
1458 1451 1539 1483 ages
1564 1440 1639 1471 mihi
1659 1441 1793 1481 gratias.
1840 1438 1948 1469 Corde
1968 1437 2108 1467 creditur

1131 1487 1173 1517 ad
1196 1486 1361 1522 iustitiam,
1386 1491 1417 1515 et
1442 1494 1500 1515 ore
1522 1483 1558 1514 fit
1582 1482 1750 1514 confessio
1774 1482 1816 1512 ad
1839 1481 1989 1512 salutem.
2019 1478 2109 1509 Haec

1132 1530 1219 1560 dicta
1258 1528 1486 1567 propriissime
1526 1527 1566 1557 de
1595 1526 1647 1556 his
1678 1525 1856 1567 generibus
1891 1522 2107 1563 praecipiunt.

1131 1571 1278 1602 Pertinet
1306 1576 1415 1601 autem
1445 1570 1487 1599 ad
1510 1569 1753 1600 invocationem
1774 1567 1910 1598 iuratio:
1956 1564 2041 1599 Quia
2063 1564 2108 1594 iu-

1132 1624 1209 1645 rans
1233 1614 1367 1644 invocat
1389 1612 1516 1649 Deum,
1550 1617 1586 1642 ut
1609 1612 1650 1642 sit
1672 1611 1766 1641 testis
1790 1608 1969 1640 voluntatis
1992 1607 2107 1648 ipsius.

1132 1657 1221 1698 quod
1244 1666 1310 1686 non
1333 1654 1411 1686 velit
1435 1653 1564 1691 fallere,
1598 1659 1629 1684 et
1653 1654 1747 1694 petit,
1769 1658 1805 1683 ut
1827 1651 1921 1682 Deus
1945 1651 1987 1681 sit
2010 1648 2107 1685 ultor,

1132 1705 1163 1729 et
1185 1699 1298 1739 puniat
1321 1697 1500 1734 fallentem,
1524 1703 1555 1727 et
1578 1697 1621 1727 ad
1643 1695 1728 1726 hanc
1752 1705 1891 1736 poenam
1915 1704 1953 1724 se
1972 1691 2107 1734 obligat.

1131 1741 1215 1772 Hinc
1247 1739 1383 1781 intelligi
1417 1746 1544 1780 potest,
1579 1744 1734 1779 quantum
1756 1736 1922 1769 vinculum
1945 1737 1987 1766 sit
2011 1735 2108 1766 iusiu-

1132 1785 1285 1815 randum:
1321 1783 1460 1813 Invocas
1495 1781 1620 1818 Deum,
1655 1787 1690 1811 ut
1723 1782 1754 1811 in
1788 1786 1820 1811 te
1853 1781 1959 1819 ipsum
1983 1778 2109 1809 saeviat

1132 1828 1200 1857 eius
1231 1827 1297 1863 ira,
1328 1826 1356 1856 si
1385 1824 1554 1856 fefelleris.
1600 1823 1685 1858 Quid
1708 1828 1818 1863 potest
1848 1823 1910 1853 sibi
1932 1821 2029 1852 homo
2054 1820 2108 1850 tri-

1131 1870 1214 1900 stius
1249 1870 1432 1908 imponere,
1466 1873 1521 1898 aut
1544 1867 1708 1907 quomodo
1732 1876 1769 1896 se
1791 1865 1833 1896 ad
1854 1865 2009 1895 maiorem
2032 1872 2108 1904 poe—

1131 1923 1206 1942 nam
1246 1911 1395 1953 obligare
1435 1910 1566 1951 potest?
1606 1909 1684 1940 Ideo
1725 1908 1925 1949 respondent
1960 1912 2107 1938 eventus.

1132 1954 1217 1989 Quia
1246 1954 1330 1984 haec
1353 1952 1510 1994 obligatio
1535 1957 1585 1982 est
1614 1951 1742 1982 sancita
1770 1957 1801 1981 et
1826 1950 2017 1980 confirmata
2040 1949 2108 1979 iure

1133 1998 1242 2028 divino
1266 1995 1330 2027 hoc
1353 1995 1443 2027 loco:
1468 1995 1543 2025 Non
1566 1993 1698 2025 habebit
1720 1993 1813 2024 Deus
1837 1994 2015 2029 insontem,
2040 1991 2107 2032 qui-

1133 2049 1264 2080 cunque
1295 2049 1380 2070 vane
1404 2038 1614 2077 usurpaverit
1635 2046 1754 2067 nomen
1778 2036 1865 2066 eius:
1911 2035 1987 2066 Ideo
2012 2035 2107 2065 etiam

1133 2084 1165 2113 in
1194 2082 1257 2113 hac
1284 2082 1351 2112 vita
1380 2079 1555 2112 horribiles
1578 2089 1705 2120 poenae
1729 2079 1923 2110 comitantur
1945 2077 2105 2118 periuros.

1263 2211 1712 2265 Quonustst›posfflt
1749 2210 1859 2249 ffiem
1891 2210 1979 2248 hoc

1459 2294 1789 2341 praeceptunr

1221 2379 1262 2410 Ut
1286 2385 1392 2410 autem
1416 2389 1516 2419 supra
1539 2378 1689 2415 diximus.
1714 2387 1779 2408 non
1803 2377 1872 2408 lieri
1896 2386 1995 2417 opera
2012 2376 2102 2416 primi

1134 2423 1301 2463 praecepti
1324 2422 1395 2452 sine
1418 2422 1583 2462 agnitione
1608 2419 1664 2451 filii
1688 2419 1750 2450 Dei
1774 2425 1805 2450 et
1827 2420 1960 2453 siden-¹³)
2006 2420 2049 2449 ita
2073 2424 2103 2449 et

1111 2566 1114 2592 Q
1137 2560 1183 2590 83)
1204 2559 1263 2589 fide]
1286 2559 1359 2584 Editt.
1379 2559 1418 2583 22.
1439 2559 1479 2583 24.
1500 2558 1581 2582 male:
1601 2558 1659 2582 fidei
