<?xml version="1.0" encoding="UTF-8"?>
<!DOCTYPE html PUBLIC "-//W3C//DTD XHTML 1.0 Transitional//EN"
    "http://www.w3.org/TR/xhtml1/DTD/xhtml1-transitional.dtd">
<html xmlns="http://www.w3.org/1999/xhtml" xml:lang="en" lang="en">
 <head>
  <title>
</title>
<meta http-equiv="Content-Type" content="text/html;charset=utf-8" />
  <meta name='ocr-system' content='tesseract 3.04.00' />
  <meta name='ocr-capabilities' content='ocr_page ocr_carea ocr_par ocr_line ocrx_word'/>
</head>
<body>
  <div class='ocr_page' id='page_1' title='image "./operaquaesupersu21melauoft_0041.png"; bbox 0 0 2358 2933; ppageno 0'>
   <div class='ocr_carea' id='block_1_1' title="bbox 19 844 25 1391">
    <p class='ocr_par' dir='ltr' id='par_1_1' title="bbox 19 844 25 1391">
     <span class='ocr_line' id='line_1_1' title="bbox 19 844 25 1391; baseline 0 0"><span class='ocrx_word' id='word_1_1' title='bbox 19 844 25 1391; x_wconf 95' lang='lat' dir='ltr'> </span> 
     </span>
    </p>
   </div>
   <div class='ocr_carea' id='block_1_2' title="bbox 0 1271 23 2933">
    <p class='ocr_par' dir='ltr' id='par_1_2' title="bbox 0 1271 23 2933">
     <span class='ocr_line' id='line_1_2' title="bbox 0 1271 23 2933; baseline 0 0"><span class='ocrx_word' id='word_1_2' title='bbox 0 1271 23 2933; x_wconf 95' lang='lat' dir='ltr'> </span> 
     </span>
    </p>
   </div>
   <div class='ocr_carea' id='block_1_3' title="bbox 139 140 181 172">
    <p class='ocr_par' dir='ltr' id='par_1_3' title="bbox 139 140 181 172">
     <span class='ocr_line' id='line_1_3' title="bbox 139 140 181 172; baseline -0.024 0"><span class='ocrx_word' id='word_1_3' title='bbox 139 140 181 172; x_wconf 83' lang='lat'>53</span> 
     </span>
    </p>
   </div>
   <div class='ocr_carea' id='block_1_4' title="bbox 137 229 1123 617">
    <p class='ocr_par' dir='ltr' id='par_1_4' title="bbox 137 229 1123 617">
     <span class='ocr_line' id='line_1_4' title="bbox 140 229 1123 272; baseline -0.006 -6"><span class='ocrx_word' id='word_1_4' title='bbox 140 235 230 267; x_wconf 83' lang='lat' dir='ltr'>fectu</span> <span class='ocrx_word' id='word_1_5' title='bbox 241 232 337 265; x_wconf 85' lang='lat' dir='ltr'>vinci.</span> <span class='ocrx_word' id='word_1_6' title='bbox 358 232 426 262; x_wconf 87' lang='lat' dir='ltr'>Aut</span> <span class='ocrx_word' id='word_1_7' title='bbox 437 240 523 272; x_wconf 89' lang='lat' dir='ltr'>quae</span> <span class='ocrx_word' id='word_1_8' title='bbox 534 229 726 271; x_wconf 66' lang='lat' dir='ltr'>proposita?</span> <span class='ocrx_word' id='word_1_9' title='bbox 743 239 827 270; x_wconf 90' lang='lat' dir='ltr'>quae</span> <span class='ocrx_word' id='word_1_10' title='bbox 840 229 975 260; x_wconf 88' lang='lat' dir='ltr'>rationis</span> <span class='ocrx_word' id='word_1_11' title='bbox 988 235 1123 260; x_wconf 87' lang='lat' dir='ltr'>nostrae</span> 
     </span>
     <span class='ocr_line' id='line_1_5' title="bbox 140 273 1122 314; baseline -0.005 -6"><span class='ocrx_word' id='word_1_12' title='bbox 140 275 335 309; x_wconf 70' lang='lat' dir='ltr'>dictamina?</span> <span class='ocrx_word' id='word_1_13' title='bbox 354 275 386 305; x_wconf 89' lang='lat' dir='ltr'>id</span> <span class='ocrx_word' id='word_1_14' title='bbox 404 279 584 314; x_wconf 78' lang='lat' dir='ltr'><strong>praestant,</strong></span> <span class='ocrx_word' id='word_1_15' title='bbox 603 279 638 303; x_wconf 82' lang='lat' dir='ltr'>ut</span> <span class='ocrx_word' id='word_1_16' title='bbox 649 275 853 311; x_wconf 67' lang='grc' dir='ltr'><strong>προπαθείας,</strong></span> <span class='ocrx_word' id='word_1_17' title='bbox 865 273 988 312; x_wconf 87' lang='lat' dir='ltr'>primos</span> <span class='ocrx_word' id='word_1_18' title='bbox 1002 278 1122 310; x_wconf 83' lang='lat' dir='ltr'>motus,</span> 
     </span>
     <span class='ocr_line' id='line_1_6' title="bbox 139 315 1121 356; baseline -0.008 -4"><span class='ocrx_word' id='word_1_19' title='bbox 139 315 337 352; x_wconf 72' lang='lat' dir='ltr'>eludamus?</span> <span class='ocrx_word' id='word_1_20' title='bbox 351 318 379 356; x_wconf 81' lang='lat'>⁵)</span> <span class='ocrx_word' id='word_1_21' title='bbox 400 317 442 347; x_wconf 89' lang='lat' dir='ltr'>Et</span> <span class='ocrx_word' id='word_1_22' title='bbox 461 317 531 347; x_wconf 90' lang='lat' dir='ltr'>fieri</span> <span class='ocrx_word' id='word_1_23' title='bbox 551 326 618 346; x_wconf 91' lang='lat' dir='ltr'>non</span> <span class='ocrx_word' id='word_1_24' title='bbox 641 321 762 356; x_wconf 85' lang='lat' dir='ltr'>potest,</span> <span class='ocrx_word' id='word_1_25' title='bbox 788 315 866 355; x_wconf 92' lang='lat' dir='ltr'>quin</span> <span class='ocrx_word' id='word_1_26' title='bbox 886 325 925 345; x_wconf 76' lang='lat' dir='ltr'>ex</span> <span class='ocrx_word' id='word_1_27' title='bbox 945 318 1121 354; x_wconf 73' lang='grc' dir='ltr'><em>προπαθειά</em></span> 
     </span>
     <span class='ocr_line' id='line_1_7' title="bbox 139 357 1120 400; baseline -0.007 -6"><span class='ocrx_word' id='word_1_28' title='bbox 139 364 233 394; x_wconf 88' lang='lat' dir='ltr'>citius</span> <span class='ocrx_word' id='word_1_29' title='bbox 253 361 374 398; x_wconf 77' lang='grc' dir='ltr'><strong>πάθος,</strong></span> <span class='ocrx_word' id='word_1_30' title='bbox 394 359 533 390; x_wconf 87' lang='lat' dir='ltr'>affectus</span> <span class='ocrx_word' id='word_1_31' title='bbox 551 359 698 400; x_wconf 85' lang='lat' dir='ltr'>integer,</span> <span class='ocrx_word' id='word_1_32' title='bbox 724 357 797 394; x_wconf 72' lang='lat' dir='ltr'>fiat,</span> <span class='ocrx_word' id='word_1_33' title='bbox 824 367 921 398; x_wconf 87' lang='lat' dir='ltr'>quam</span> <span class='ocrx_word' id='word_1_34' title='bbox 941 362 975 388; x_wconf 92' lang='lat' dir='ltr'>tu</span> <span class='ocrx_word' id='word_1_35' title='bbox 993 358 1120 388; x_wconf 86' lang='lat' dir='ltr'>ratione</span> 
     </span>
     <span class='ocr_line' id='line_1_8' title="bbox 138 400 1120 445; baseline -0.006 -9"><span class='ocrx_word' id='word_1_36' title='bbox 138 403 364 445; x_wconf 82' lang='lat' dir='ltr'>occupaveris.</span> <span class='ocrx_word' id='word_1_37' title='bbox 410 402 477 433; x_wconf 90' lang='lat' dir='ltr'>Res</span> <span class='ocrx_word' id='word_1_38' title='bbox 502 403 575 442; x_wconf 86' lang='lat' dir='ltr'>ipsa</span> <span class='ocrx_word' id='word_1_39' title='bbox 591 411 655 431; x_wconf 92' lang='lat' dir='ltr'>usu</span> <span class='ocrx_word' id='word_1_40' title='bbox 674 400 945 440; x_wconf 72' lang='lat' dir='ltr'>deprehenditur,</span> <span class='ocrx_word' id='word_1_41' title='bbox 971 401 1054 431; x_wconf 91' lang='lat' dir='ltr'>adeo</span> <span class='ocrx_word' id='word_1_42' title='bbox 1084 406 1120 430; x_wconf 91' lang='lat' dir='ltr'>ut</span> 
     </span>
     <span class='ocr_line' id='line_1_9' title="bbox 138 442 1119 489; baseline -0.006 -11"><span class='ocrx_word' id='word_1_43' title='bbox 138 447 247 489; x_wconf 88' lang='lat' dir='ltr'>palam</span> <span class='ocrx_word' id='word_1_44' title='bbox 266 451 406 483; x_wconf 84' lang='lat' dir='ltr'>constet,</span> <span class='ocrx_word' id='word_1_45' title='bbox 424 445 488 476; x_wconf 87' lang='lat' dir='ltr'>hac</span> <span class='ocrx_word' id='word_1_46' title='bbox 507 453 638 485; x_wconf 90' lang='lat' dir='ltr'>quoque</span> <span class='ocrx_word' id='word_1_47' title='bbox 655 448 748 484; x_wconf 87' lang='lat' dir='ltr'>parte</span> <span class='ocrx_word' id='word_1_48' title='bbox 766 453 787 473; x_wconf 90' lang='lat' dir='ltr'>a</span> <span class='ocrx_word' id='word_1_49' title='bbox 804 442 1011 483; x_wconf 86' lang='lat' dir='ltr'>philosophis</span> <span class='ocrx_word' id='word_1_50' title='bbox 1032 452 1119 473; x_wconf 90' lang='lat' dir='ltr'>erra-</span> 
     </span>
     <span class='ocr_line' id='line_1_10' title="bbox 138 486 1119 529; baseline -0.007 -7"><span class='ocrx_word' id='word_1_51' title='bbox 138 497 206 522; x_wconf 92' lang='lat' dir='ltr'>tum</span> <span class='ocrx_word' id='word_1_52' title='bbox 224 499 311 526; x_wconf 85' lang='lat' dir='ltr'>esse,</span> <span class='ocrx_word' id='word_1_53' title='bbox 331 488 386 529; x_wconf 92' lang='lat' dir='ltr'>qui</span> <span class='ocrx_word' id='word_1_54' title='bbox 404 487 583 529; x_wconf 84' lang='lat' dir='ltr'>perfectam</span> <span class='ocrx_word' id='word_1_55' title='bbox 601 487 756 516; x_wconf 80' lang='lat' dir='ltr'>virtutem</span> <span class='ocrx_word' id='word_1_56' title='bbox 774 486 805 515; x_wconf 91' lang='lat' dir='ltr'>in</span> <span class='ocrx_word' id='word_1_57' title='bbox 826 486 921 516; x_wconf 89' lang='lat' dir='ltr'>nobis</span> <span class='ocrx_word' id='word_1_58' title='bbox 933 496 993 525; x_wconf 91' lang='lat' dir='ltr'>per</span> <span class='ocrx_word' id='word_1_59' title='bbox 1004 491 1119 516; x_wconf 88' lang='lat' dir='ltr'>nostra</span> 
     </span>
     <span class='ocr_line' id='line_1_11' title="bbox 138 527 1118 565; baseline -0.006 -1"><span class='ocrx_word' id='word_1_60' title='bbox 138 533 313 565; x_wconf 80' lang='lat' dir='ltr'>dictamina</span> <span class='ocrx_word' id='word_1_61' title='bbox 331 531 458 561; x_wconf 85' lang='lat' dir='ltr'>innasci</span> <span class='ocrx_word' id='word_1_62' title='bbox 478 529 676 561; x_wconf 83' lang='lat' dir='ltr'>censuerint.</span> <span class='ocrx_word' id='word_1_63' title='bbox 699 528 741 559; x_wconf 87' lang='lat' dir='ltr'>Et</span> <span class='ocrx_word' id='word_1_64' title='bbox 761 534 837 558; x_wconf 90' lang='lat' dir='ltr'>sunt</span> <span class='ocrx_word' id='word_1_65' title='bbox 849 529 880 558; x_wconf 93' lang='lat' dir='ltr'>in</span> <span class='ocrx_word' id='word_1_66' title='bbox 895 527 1118 565; x_wconf 69' lang='lat' dir='ltr'>scholasticis,</span> 
     </span>
     <span class='ocr_line' id='line_1_12' title="bbox 137 570 1052 617; baseline -0.008 -10"><span class='ocrx_word' id='word_1_67' title='bbox 137 576 193 617; x_wconf 89' lang='lat' dir='ltr'>qui</span> <span class='ocrx_word' id='word_1_68' title='bbox 211 576 245 606; x_wconf 91' lang='lat' dir='ltr'>in</span> <span class='ocrx_word' id='word_1_69' title='bbox 264 576 351 605; x_wconf 92' lang='lat' dir='ltr'>bono</span> <span class='ocrx_word' id='word_1_70' title='bbox 375 583 478 613; x_wconf 91' lang='lat' dir='ltr'>opere</span> <span class='ocrx_word' id='word_1_71' title='bbox 497 572 622 614; x_wconf 80' lang='lat' dir='ltr'>gratiae</span> <span class='ocrx_word' id='word_1_72' title='bbox 641 571 751 602; x_wconf 83' lang='lat' dir='ltr'>locum</span> <span class='ocrx_word' id='word_1_73' title='bbox 769 581 835 601; x_wconf 92' lang='lat' dir='ltr'>non</span> <span class='ocrx_word' id='word_1_74' title='bbox 855 570 1052 611; x_wconf 87' lang='lat' dir='ltr'>relinquant.</span> 
     </span>
    </p>
   </div>
   <div class='ocr_carea' id='block_1_5' title="bbox 135 629 1118 972">
    <p class='ocr_par' dir='ltr' id='par_1_5' title="bbox 135 629 1118 972">
     <span class='ocr_line' id='line_1_13' title="bbox 180 629 1118 673; baseline -0.005 -8"><span class='ocrx_word' id='word_1_75' title='bbox 180 634 319 671; x_wconf 80' lang='lat' dir='ltr'>Deinde,</span> <span class='ocrx_word' id='word_1_76' title='bbox 338 638 513 673; x_wconf 81' lang='lat' dir='ltr'>postquam</span> <span class='ocrx_word' id='word_1_77' title='bbox 532 630 709 673; x_wconf 80' lang='lat' dir='ltr'>deliqueris</span> <span class='ocrx_word' id='word_1_78' title='bbox 723 653 731 667; x_wconf 89' lang='lat'>,</span> <span class='ocrx_word' id='word_1_79' title='bbox 761 629 815 661; x_wconf 82' lang='lat' dir='ltr'>lex</span> <span class='ocrx_word' id='word_1_80' title='bbox 846 631 922 671; x_wconf 92' lang='lat' dir='ltr'>quid</span> <span class='ocrx_word' id='word_1_81' title='bbox 948 629 1118 671; x_wconf 78' lang='lat' dir='ltr'>praestat?</span> 
     </span>
     <span class='ocr_line' id='line_1_14' title="bbox 135 672 1118 715; baseline -0.006 -7"><span class='ocrx_word' id='word_1_82' title='bbox 135 677 228 709; x_wconf 86' lang='lat' dir='ltr'>Mille</span> <span class='ocrx_word' id='word_1_83' title='bbox 256 675 477 706; x_wconf 89' lang='lat' dir='ltr'>conscientiae</span> <span class='ocrx_word' id='word_1_84' title='bbox 496 674 613 715; x_wconf 81' lang='lat' dir='ltr'>flagra.</span> <span class='ocrx_word' id='word_1_85' title='bbox 669 672 749 708; x_wconf 86' lang='lat' dir='ltr'>Quis</span> <span class='ocrx_word' id='word_1_86' title='bbox 776 679 826 703; x_wconf 85' lang='lat' dir='ltr'>est</span> <span class='ocrx_word' id='word_1_87' title='bbox 853 673 956 710; x_wconf 65' lang='lat' dir='ltr'>enim,</span> <span class='ocrx_word' id='word_1_88' title='bbox 982 673 1036 714; x_wconf 93' lang='lat' dir='ltr'>qui</span> <span class='ocrx_word' id='word_1_89' title='bbox 1063 682 1118 703; x_wconf 89' lang='lat' dir='ltr'>ne-</span> 
     </span>
     <span class='ocr_line' id='line_1_15' title="bbox 136 716 1118 758; baseline -0.006 -7"><span class='ocrx_word' id='word_1_90' title='bbox 136 720 230 757; x_wconf 76' lang='lat' dir='ltr'>sciat,</span> <span class='ocrx_word' id='word_1_91' title='bbox 249 718 404 749; x_wconf 88' lang='lat' dir='ltr'>delictum</span> <span class='ocrx_word' id='word_1_92' title='bbox 423 727 489 747; x_wconf 92' lang='lat' dir='ltr'>non</span> <span class='ocrx_word' id='word_1_93' title='bbox 509 716 580 747; x_wconf 93' lang='lat' dir='ltr'>tolli</span> <span class='ocrx_word' id='word_1_94' title='bbox 598 717 685 758; x_wconf 83' lang='lat' dir='ltr'>lege,</span> <span class='ocrx_word' id='word_1_95' title='bbox 704 722 759 746; x_wconf 88' lang='lat' dir='ltr'>aut</span> <span class='ocrx_word' id='word_1_96' title='bbox 779 716 934 756; x_wconf 79' lang='lat' dir='ltr'>operibus</span> <span class='ocrx_word' id='word_1_97' title='bbox 953 716 1118 756; x_wconf 90' lang='lat' dir='ltr'>sequenti-</span> 
     </span>
     <span class='ocr_line' id='line_1_16' title="bbox 136 758 1118 802; baseline -0.005 -9"><span class='ocrx_word' id='word_1_98' title='bbox 136 763 211 800; x_wconf 79' lang='lat' dir='ltr'>bus,</span> <span class='ocrx_word' id='word_1_99' title='bbox 230 760 438 802; x_wconf 79' lang='lat' dir='ltr'>quantumvis</span> <span class='ocrx_word' id='word_1_100' title='bbox 458 760 564 790; x_wconf 82' lang='lat' dir='ltr'>bonis.</span> <span class='ocrx_word' id='word_1_101' title='bbox 588 759 727 799; x_wconf 89' lang='lat' dir='ltr'>Semper</span> <span class='ocrx_word' id='word_1_102' title='bbox 750 764 859 789; x_wconf 88' lang='lat' dir='ltr'>manet</span> <span class='ocrx_word' id='word_1_103' title='bbox 884 758 1029 795; x_wconf 76' lang='lat' dir='ltr'>infirma,</span> <span class='ocrx_word' id='word_1_104' title='bbox 1064 758 1118 788; x_wconf 87' lang='lat' dir='ltr'>tri-</span> 
     </span>
     <span class='ocr_line' id='line_1_17' title="bbox 136 800 1118 842; baseline -0.005 -7"><span class='ocrx_word' id='word_1_105' title='bbox 136 805 196 835; x_wconf 88' lang='lat' dir='ltr'>stis</span> <span class='ocrx_word' id='word_1_106' title='bbox 218 803 438 839; x_wconf 79' lang='lat' dir='ltr'>conscientia3</span> <span class='ocrx_word' id='word_1_107' title='bbox 462 808 571 833; x_wconf 89' lang='lat' dir='ltr'>manet</span> <span class='ocrx_word' id='word_1_108' title='bbox 591 802 700 832; x_wconf 90' lang='lat' dir='ltr'>odium</span> <span class='ocrx_word' id='word_1_109' title='bbox 719 800 822 842; x_wconf 73' lang='lat' dir='ltr'>legis.</span> <span class='ocrx_word' id='word_1_110' title='bbox 851 800 1069 842; x_wconf 69' lang='lat' dir='ltr'>legislatoris,</span> <span class='ocrx_word' id='word_1_111' title='bbox 1101 811 1118 831; x_wconf 93' lang='lat' dir='ltr'>e</span> 
     </span>
     <span class='ocr_line' id='line_1_18' title="bbox 137 844 1117 881; baseline -0.004 -4"><span class='ocrx_word' id='word_1_112' title='bbox 137 846 225 878; x_wconf 88' lang='lat' dir='ltr'>dulci</span> <span class='ocrx_word' id='word_1_113' title='bbox 244 846 375 877; x_wconf 90' lang='lat' dir='ltr'>nomine</span> <span class='ocrx_word' id='word_1_114' title='bbox 392 844 454 876; x_wconf 88' lang='lat' dir='ltr'>Dei</span> <span class='ocrx_word' id='word_1_115' title='bbox 482 845 517 875; x_wconf 87' lang='lat' dir='ltr'>fit</span> <span class='ocrx_word' id='word_1_116' title='bbox 536 855 655 875; x_wconf 86' lang='lat' dir='ltr'>nomen</span> <span class='ocrx_word' id='word_1_117' title='bbox 675 844 851 881; x_wconf 75' lang='lat' dir='ltr'>carnificis,</span> <span class='ocrx_word' id='word_1_118' title='bbox 870 844 1020 881; x_wconf 71' lang='lat' dir='ltr'>vindicis,</span> <span class='ocrx_word' id='word_1_119' title='bbox 1040 849 1071 874; x_wconf 89' lang='lat' dir='ltr'>et</span> <span class='ocrx_word' id='word_1_120' title='bbox 1090 844 1117 873; x_wconf 90' lang='lat' dir='ltr'>si</span> 
     </span>
     <span class='ocr_line' id='line_1_19' title="bbox 136 885 1117 931; baseline -0.004 -11"><span class='ocrx_word' id='word_1_121' title='bbox 136 890 213 931; x_wconf 90' lang='lat' dir='ltr'>quid</span> <span class='ocrx_word' id='word_1_122' title='bbox 232 889 284 919; x_wconf 87' lang='lat' dir='ltr'>his</span> <span class='ocrx_word' id='word_1_123' title='bbox 303 889 453 928; x_wconf 85' lang='lat' dir='ltr'>asperius</span> <span class='ocrx_word' id='word_1_124' title='bbox 473 893 533 918; x_wconf 91' lang='lat' dir='ltr'>est.</span> <span class='ocrx_word' id='word_1_125' title='bbox 579 887 761 926; x_wconf 84' lang='lat' dir='ltr'>Propterea</span> <span class='ocrx_word' id='word_1_126' title='bbox 779 885 903 917; x_wconf 86' lang='lat' dir='ltr'>Paulus</span> <span class='ocrx_word' id='word_1_127' title='bbox 922 887 984 923; x_wconf 79' lang='lat' dir='ltr'>ait,</span> <span class='ocrx_word' id='word_1_128' title='bbox 1010 886 1117 927; x_wconf 84' lang='lat' dir='ltr'>legem</span> 
     </span>
     <span class='ocr_line' id='line_1_20' title="bbox 136 929 758 972; baseline -0.005 -9"><span class='ocrx_word' id='word_1_129' title='bbox 136 932 217 963; x_wconf 89' lang='lat' dir='ltr'>iram</span> <span class='ocrx_word' id='word_1_130' title='bbox 236 931 376 972; x_wconf 82' lang='lat' dir='ltr'>operari,</span> <span class='ocrx_word' id='word_1_131' title='bbox 396 936 427 961; x_wconf 89' lang='lat' dir='ltr'>et</span> <span class='ocrx_word' id='word_1_132' title='bbox 445 929 573 961; x_wconf 84' lang='lat' dir='ltr'>literam</span> <span class='ocrx_word' id='word_1_133' title='bbox 597 930 758 961; x_wconf 88' lang='lat' dir='ltr'>occidere.</span> 
     </span>
    </p>
   </div>
   <div class='ocr_carea' id='block_1_6' title="bbox 592 1029 663 1060">
    <p class='ocr_par' dir='ltr' id='par_1_6' title="bbox 592 1029 663 1060">
     <span class='ocr_line' id='line_1_21' title="bbox 592 1029 663 1060; baseline 0 0"><span class='ocrx_word' id='word_1_134' title='bbox 592 1029 663 1060; x_wconf 83' lang='lat' dir='ltr'>vll.</span> 
     </span>
    </p>
   </div>
   <div class='ocr_carea' id='block_1_7' title="bbox 134 1088 1117 1725">
    <p class='ocr_par' dir='ltr' id='par_1_7' title="bbox 134 1088 1117 1725">
     <span class='ocr_line' id='line_1_22' title="bbox 180 1088 1117 1129; baseline -0.004 -7"><span class='ocrx_word' id='word_1_135' title='bbox 180 1092 309 1123; x_wconf 88' lang='lat' dir='ltr'>Poteris</span> <span class='ocrx_word' id='word_1_136' title='bbox 339 1096 447 1121; x_wconf 85' lang='lat' dir='ltr'>autem</span> <span class='ocrx_word' id='word_1_137' title='bbox 476 1089 626 1121; x_wconf 82' lang='lat' dir='ltr'>bifariam</span> <span class='ocrx_word' id='word_1_138' title='bbox 655 1099 821 1129; x_wconf 85' lang='lat' dir='ltr'>exponere</span> <span class='ocrx_word' id='word_1_139' title='bbox 845 1088 906 1119; x_wconf 83' lang='lat' dir='ltr'>has</span> <span class='ocrx_word' id='word_1_140' title='bbox 925 1089 1117 1125; x_wconf 86' lang='lat' dir='ltr'>sententias,</span> 
     </span>
     <span class='ocr_line' id='line_1_23' title="bbox 136 1132 1116 1175; baseline -0.004 -10"><span class='ocrx_word' id='word_1_141' title='bbox 136 1135 250 1175; x_wconf 66' lang='lat' dir='ltr'>Legem</span> <span class='ocrx_word' id='word_1_142' title='bbox 268 1135 417 1164; x_wconf 72' lang='lat' dir='ltr'>virtutem</span> <span class='ocrx_word' id='word_1_143' title='bbox 431 1133 564 1172; x_wconf 78' lang='lat' dir='ltr'>peccati</span> <span class='ocrx_word' id='word_1_144' title='bbox 579 1141 664 1168; x_wconf 80' lang='lat' dir='ltr'>esse,</span> <span class='ocrx_word' id='word_1_145' title='bbox 691 1132 819 1162; x_wconf 80' lang='lat' dir='ltr'>literam</span> <span class='ocrx_word' id='word_1_146' title='bbox 839 1132 1000 1168; x_wconf 73' lang='lat' dir='ltr'>occidere,</span> <span class='ocrx_word' id='word_1_147' title='bbox 1019 1132 1116 1171; x_wconf 65' lang='lat' dir='ltr'>legem</span> 
     </span>
     <span class='ocr_line' id='line_1_24' title="bbox 135 1174 1116 1216; baseline -0.004 -8"><span class='ocrx_word' id='word_1_148' title='bbox 135 1178 220 1209; x_wconf 73' lang='lat' dir='ltr'>iram</span> <span class='ocrx_word' id='word_1_149' title='bbox 239 1177 385 1216; x_wconf 75' lang='lat' dir='ltr'>operm-i.</span> <span class='ocrx_word' id='word_1_150' title='bbox 430 1175 576 1205; x_wconf 89' lang='lat' dir='ltr'>Primum</span> <span class='ocrx_word' id='word_1_151' title='bbox 602 1174 688 1215; x_wconf 89' lang='lat' dir='ltr'>quod</span> <span class='ocrx_word' id='word_1_152' title='bbox 708 1174 763 1204; x_wconf 84' lang='lat' dir='ltr'>lex</span> <span class='ocrx_word' id='word_1_153' title='bbox 782 1175 866 1204; x_wconf 89' lang='lat' dir='ltr'>adeo</span> <span class='ocrx_word' id='word_1_154' title='bbox 886 1184 950 1204; x_wconf 92' lang='lat' dir='ltr'>non</span> <span class='ocrx_word' id='word_1_155' title='bbox 970 1180 1116 1214; x_wconf 88' lang='lat' dir='ltr'>praestet</span> 
     </span>
     <span class='ocr_line' id='line_1_25' title="bbox 135 1216 1116 1259; baseline -0.003 -9"><span class='ocrx_word' id='word_1_156' title='bbox 135 1221 240 1250; x_wconf 87' lang='lat' dir='ltr'>vitare</span> <span class='ocrx_word' id='word_1_157' title='bbox 258 1224 440 1259; x_wconf 89' lang='lat' dir='ltr'>peccatum,</span> <span class='ocrx_word' id='word_1_158' title='bbox 452 1224 487 1248; x_wconf 89' lang='lat' dir='ltr'>ut</span> <span class='ocrx_word' id='word_1_159' title='bbox 500 1218 605 1259; x_wconf 80' lang='lat' dir='ltr'>magis</span> <span class='ocrx_word' id='word_1_160' title='bbox 620 1217 724 1248; x_wconf 89' lang='lat' dir='ltr'>irritet</span> <span class='ocrx_word' id='word_1_161' title='bbox 743 1217 784 1247; x_wconf 91' lang='lat' dir='ltr'>ad</span> <span class='ocrx_word' id='word_1_162' title='bbox 796 1218 1010 1257; x_wconf 90' lang='lat' dir='ltr'>peccandum.</span> <span class='ocrx_word' id='word_1_163' title='bbox 1031 1216 1116 1251; x_wconf 86' lang='lat' dir='ltr'>Quia</span> 
     </span>
     <span class='ocr_line' id='line_1_26' title="bbox 135 1259 1115 1301; baseline -0.004 -8"><span class='ocrx_word' id='word_1_164' title='bbox 135 1263 220 1293; x_wconf 89' lang='grc'><strong>6111111</strong></span> <span class='ocrx_word' id='word_1_165' title='bbox 233 1261 500 1301; x_wconf 86' lang='lat' dir='ltr'>concupiscentia</span> <span class='ocrx_word' id='word_1_166' title='bbox 511 1261 543 1290; x_wconf 92' lang='lat' dir='ltr'>in</span> <span class='ocrx_word' id='word_1_167' title='bbox 563 1261 729 1291; x_wconf 82' lang='lat' dir='ltr'>diversum</span> <span class='ocrx_word' id='word_1_168' title='bbox 753 1260 887 1299; x_wconf 79' lang='lat' dir='ltr'>rapitur,</span> <span class='ocrx_word' id='word_1_169' title='bbox 912 1259 1018 1300; x_wconf 85' lang='lat' dir='ltr'>magis</span> <span class='ocrx_word' id='word_1_170' title='bbox 1044 1269 1115 1289; x_wconf 92' lang='lat' dir='ltr'>eam</span> 
     </span>
     <span class='ocr_line' id='line_1_27' title="bbox 135 1301 1115 1343; baseline -0.004 -8"><span class='ocrx_word' id='word_1_171' title='bbox 135 1304 271 1335; x_wconf 88' lang='lat' dir='ltr'>accendi</span> <span class='ocrx_word' id='word_1_172' title='bbox 283 1304 453 1340; x_wconf 79' lang='lat' dir='ltr'>sentimus,</span> <span class='ocrx_word' id='word_1_173' title='bbox 472 1302 557 1343; x_wconf 84' lang='lat' dir='ltr'>legis</span> <span class='ocrx_word' id='word_1_174' title='bbox 577 1302 670 1333; x_wconf 91' lang='lat' dir='ltr'>freno</span> <span class='ocrx_word' id='word_1_175' title='bbox 690 1302 820 1339; x_wconf 73' lang='lat' dir='ltr'>iniecto,</span> <span class='ocrx_word' id='word_1_176' title='bbox 840 1301 893 1332; x_wconf 81' lang='lat' dir='ltr'>vel</span> <span class='ocrx_word' id='word_1_177' title='bbox 912 1312 932 1332; x_wconf 87' lang='lat' dir='ltr'>a</span> <span class='ocrx_word' id='word_1_178' title='bbox 951 1301 1027 1342; x_wconf 82' lang='lat' dir='ltr'>lege</span> <span class='ocrx_word' id='word_1_179' title='bbox 1041 1312 1115 1342; x_wconf 91' lang='lat' dir='ltr'>pro-</span> 
     </span>
     <span class='ocr_line' id='line_1_28' title="bbox 134 1343 1115 1385; baseline -0.004 -7"><span class='ocrx_word' id='word_1_180' title='bbox 134 1347 270 1383; x_wconf 81' lang='lat' dir='ltr'>moveri,</span> <span class='ocrx_word' id='word_1_181' title='bbox 289 1353 323 1377; x_wconf 89' lang='lat' dir='ltr'>ut</span> <span class='ocrx_word' id='word_1_182' title='bbox 343 1352 431 1376; x_wconf 85' lang='lat' dir='ltr'>metu</span> <span class='ocrx_word' id='word_1_183' title='bbox 445 1344 578 1376; x_wconf 77' lang='lat' dir='ltr'>servilia</span> <span class='ocrx_word' id='word_1_184' title='bbox 597 1354 699 1385; x_wconf 87' lang='lat' dir='ltr'>opera</span> <span class='ocrx_word' id='word_1_185' title='bbox 711 1350 742 1375; x_wconf 92' lang='lat' dir='ltr'>et</span> <span class='ocrx_word' id='word_1_186' title='bbox 761 1345 932 1375; x_wconf 89' lang='lat' dir='ltr'>mendacia</span> <span class='ocrx_word' id='word_1_187' title='bbox 944 1343 1115 1375; x_wconf 87' lang='lat' dir='ltr'>faciamus.</span> 
     </span>
     <span class='ocr_line' id='line_1_29' title="bbox 135 1386 1116 1428; baseline -0.004 -8"><span class='ocrx_word' id='word_1_188' title='bbox 135 1389 287 1420; x_wconf 84' lang='lat' dir='ltr'>Ceterum</span> <span class='ocrx_word' id='word_1_189' title='bbox 315 1388 490 1428; x_wconf 85' lang='lat' dir='ltr'>cupiditate</span> <span class='ocrx_word' id='word_1_190' title='bbox 520 1387 585 1418; x_wconf 90' lang='lat' dir='ltr'>alio</span> <span class='ocrx_word' id='word_1_191' title='bbox 616 1388 702 1427; x_wconf 76' lang='lat' dir='ltr'>rapi,</span> <span class='ocrx_word' id='word_1_192' title='bbox 731 1386 891 1417; x_wconf 85' lang='lat' dir='ltr'>Paulusin</span> <span class='ocrx_word' id='word_1_193' title='bbox 910 1386 982 1417; x_wconf 80' lang='lat' dir='ltr'>VII.</span> <span class='ocrx_word' id='word_1_194' title='bbox 1002 1386 1116 1427; x_wconf 80' lang='lat' dir='ltr'>Capite</span> 
     </span>
     <span class='ocr_line' id='line_1_30' title="bbox 134 1428 1116 1470; baseline -0.003 -8"><span class='ocrx_word' id='word_1_195' title='bbox 134 1432 177 1463; x_wconf 89' lang='lat' dir='ltr'>ad</span> <span class='ocrx_word' id='word_1_196' title='bbox 187 1431 282 1462; x_wconf 88' lang='lat' dir='ltr'>Rom.</span> <span class='ocrx_word' id='word_1_197' title='bbox 301 1431 334 1461; x_wconf 92' lang='lat' dir='ltr'>in</span> <span class='ocrx_word' id='word_1_198' title='bbox 358 1430 444 1461; x_wconf 87' lang='lat' dir='ltr'>hanc</span> <span class='ocrx_word' id='word_1_199' title='bbox 467 1430 661 1461; x_wconf 80' lang='lat' dir='ltr'>sententiam</span> <span class='ocrx_word' id='word_1_200' title='bbox 680 1439 699 1460; x_wconf 90' lang='lat' dir='ltr'>a</span> <span class='ocrx_word' id='word_1_201' title='bbox 718 1428 794 1470; x_wconf 87' lang='lat' dir='ltr'>lege</span> <span class='ocrx_word' id='word_1_202' title='bbox 806 1430 978 1460; x_wconf 84' lang='lat' dir='ltr'>seductum</span> <span class='ocrx_word' id='word_1_203' title='bbox 991 1439 1027 1460; x_wconf 87' lang='lat' dir='ltr'>se</span> <span class='ocrx_word' id='word_1_204' title='bbox 1040 1439 1116 1459; x_wconf 89' lang='lat' dir='ltr'>esse</span> 
     </span>
     <span class='ocr_line' id='line_1_31' title="bbox 134 1472 1115 1515; baseline -0.003 -11"><span class='ocrx_word' id='word_1_205' title='bbox 134 1473 308 1515; x_wconf 83' lang='lat' dir='ltr'>significat.</span> <span class='ocrx_word' id='word_1_206' title='bbox 327 1473 456 1504; x_wconf 91' lang='lat' dir='ltr'>Deinde</span> <span class='ocrx_word' id='word_1_207' title='bbox 474 1473 562 1514; x_wconf 92' lang='lat' dir='ltr'>quod</span> <span class='ocrx_word' id='word_1_208' title='bbox 580 1472 647 1510; x_wconf 82' lang='lat' dir='ltr'>lex,</span> <span class='ocrx_word' id='word_1_209' title='bbox 665 1478 841 1513; x_wconf 85' lang='lat' dir='ltr'>postquam</span> <span class='ocrx_word' id='word_1_210' title='bbox 859 1477 1032 1512; x_wconf 89' lang='lat' dir='ltr'>peccatum</span> <span class='ocrx_word' id='word_1_211' title='bbox 1053 1477 1115 1509; x_wconf 87' lang='lat' dir='ltr'>est,</span> 
     </span>
     <span class='ocr_line' id='line_1_32' title="bbox 135 1514 1115 1555; baseline -0.003 -8"><span class='ocrx_word' id='word_1_212' title='bbox 135 1517 308 1548; x_wconf 79' lang='lat' dir='ltr'>conturbet</span> <span class='ocrx_word' id='word_1_213' title='bbox 327 1516 573 1552; x_wconf 76' lang='lat' dir='ltr'>conscientiam,</span> <span class='ocrx_word' id='word_1_214' title='bbox 599 1515 709 1545; x_wconf 92' lang='lat' dir='ltr'>odium</span> <span class='ocrx_word' id='word_1_215' title='bbox 721 1514 785 1545; x_wconf 89' lang='lat' dir='ltr'>Dei</span> <span class='ocrx_word' id='word_1_216' title='bbox 803 1521 835 1545; x_wconf 91' lang='lat' dir='ltr'>et</span> <span class='ocrx_word' id='word_1_217' title='bbox 853 1520 974 1545; x_wconf 88' lang='lat' dir='ltr'>metum</span> <span class='ocrx_word' id='word_1_218' title='bbox 986 1523 1115 1555; x_wconf 90' lang='lat' dir='ltr'>poenae</span> 
     </span>
     <span class='ocr_line' id='line_1_33' title="bbox 134 1557 1115 1598; baseline -0.002 -9"><span class='ocrx_word' id='word_1_219' title='bbox 134 1559 230 1589; x_wconf 88' lang='lat' dir='ltr'>nobis</span> <span class='ocrx_word' id='word_1_220' title='bbox 249 1559 394 1595; x_wconf 86' lang='lat' dir='ltr'>incutiat,</span> <span class='ocrx_word' id='word_1_221' title='bbox 412 1568 472 1597; x_wconf 87' lang='lat' dir='ltr'>per</span> <span class='ocrx_word' id='word_1_222' title='bbox 490 1568 575 1598; x_wconf 86' lang='lat' dir='ltr'>quae</span> <span class='ocrx_word' id='word_1_223' title='bbox 592 1567 659 1588; x_wconf 91' lang='lat' dir='ltr'>non</span> <span class='ocrx_word' id='word_1_224' title='bbox 678 1563 787 1597; x_wconf 88' lang='lat' dir='ltr'>potest</span> <span class='ocrx_word' id='word_1_225' title='bbox 799 1557 898 1587; x_wconf 91' lang='lat' dir='ltr'>homo</span> <span class='ocrx_word' id='word_1_226' title='bbox 910 1567 976 1587; x_wconf 91' lang='lat' dir='ltr'>non</span> <span class='ocrx_word' id='word_1_227' title='bbox 996 1557 1115 1597; x_wconf 84' lang='lat' dir='ltr'>despe-</span> 
     </span>
     <span class='ocr_line' id='line_1_34' title="bbox 134 1598 1113 1640; baseline -0.002 -9"><span class='ocrx_word' id='word_1_228' title='bbox 134 1610 227 1637; x_wconf 83' lang='lat' dir='ltr'>rare,</span> <span class='ocrx_word' id='word_1_229' title='bbox 257 1601 342 1631; x_wconf 86' lang='lat' dir='ltr'>sicut</span> <span class='ocrx_word' id='word_1_230' title='bbox 365 1599 435 1630; x_wconf 92' lang='lat' dir='ltr'>fere</span> <span class='ocrx_word' id='word_1_231' title='bbox 461 1609 591 1639; x_wconf 90' lang='lat' dir='ltr'>semper</span> <span class='ocrx_word' id='word_1_232' title='bbox 617 1600 657 1630; x_wconf 90' lang='lat' dir='ltr'>de</span> <span class='ocrx_word' id='word_1_233' title='bbox 675 1599 751 1640; x_wconf 85' lang='lat' dir='ltr'>lege</span> <span class='ocrx_word' id='word_1_234' title='bbox 769 1598 915 1640; x_wconf 91' lang='lat' dir='ltr'>loquitur</span> <span class='ocrx_word' id='word_1_235' title='bbox 938 1600 1113 1639; x_wconf 80' lang='lat' dir='ltr'>scriptura,</span> 
     </span>
     <span class='ocr_line' id='line_1_35' title="bbox 134 1640 1113 1684; baseline -0.003 -10"><span class='ocrx_word' id='word_1_236' title='bbox 134 1642 244 1684; x_wconf 87' lang='lat' dir='ltr'>legem</span> <span class='ocrx_word' id='word_1_237' title='bbox 263 1652 338 1673; x_wconf 87' lang='lat' dir='ltr'>esse</span> <span class='ocrx_word' id='word_1_238' title='bbox 357 1642 510 1672; x_wconf 89' lang='lat' dir='ltr'>nuncium</span> <span class='ocrx_word' id='word_1_239' title='bbox 529 1642 615 1678; x_wconf 85' lang='lat' dir='ltr'>irae,</span> <span class='ocrx_word' id='word_1_240' title='bbox 635 1647 822 1672; x_wconf 81' lang='lat' dir='ltr'>exactorem</span> <span class='ocrx_word' id='word_1_241' title='bbox 842 1647 873 1671; x_wconf 84' lang='lat' dir='ltr'>et</span> <span class='ocrx_word' id='word_1_242' title='bbox 899 1640 1026 1672; x_wconf 88' lang='lat' dir='ltr'>similia.</span> <span class='ocrx_word' id='word_1_243' title='bbox 1057 1642 1113 1672; x_wconf 84' lang='lat' dir='ltr'>Li·</span> 
     </span>
     <span class='ocr_line' id='line_1_36' title="bbox 135 1684 1058 1725; baseline -0.002 -9"><span class='ocrx_word' id='word_1_244' title='bbox 135 1689 208 1716; x_wconf 78' lang='lat' dir='ltr'>tera</span> <span class='ocrx_word' id='word_1_245' title='bbox 226 1684 329 1716; x_wconf 88' lang='lat' dir='ltr'>Paulo</span> <span class='ocrx_word' id='word_1_246' title='bbox 353 1684 527 1725; x_wconf 83' lang='lat' dir='ltr'>significat,</span> <span class='ocrx_word' id='word_1_247' title='bbox 547 1684 705 1724; x_wconf 87' lang='lat' dir='ltr'>quidquid</span> <span class='ocrx_word' id='word_1_248' title='bbox 724 1689 817 1714; x_wconf 77' lang='lat' dir='ltr'>extra</span> <span class='ocrx_word' id='word_1_249' title='bbox 840 1684 979 1724; x_wconf 83' lang='lat' dir='ltr'>gratiam</span> <span class='ocrx_word' id='word_1_250' title='bbox 998 1690 1058 1714; x_wconf 91' lang='lat' dir='ltr'>est.</span> 
     </span>
    </p>
   </div>
   <div class='ocr_carea' id='block_1_8' title="bbox 582 1792 666 1822">
    <p class='ocr_par' dir='ltr' id='par_1_8' title="bbox 582 1792 666 1822">
     <span class='ocr_line' id='line_1_37' title="bbox 582 1792 666 1822; baseline 0 0"><span class='ocrx_word' id='word_1_251' title='bbox 582 1792 666 1822; x_wconf 88' lang='lat' dir='ltr'><strong>VIII.</strong></span> 
     </span>
    </p>
   </div>
   <div class='ocr_carea' id='block_1_9' title="bbox 133 1850 1113 2105">
    <p class='ocr_par' dir='ltr' id='par_1_9' title="bbox 133 1850 1113 2105">
     <span class='ocr_line' id='line_1_38' title="bbox 223 1850 1113 1893; baseline -0.003 -10"><span class='ocrx_word' id='word_1_252' title='bbox 223 1851 408 1890; x_wconf 86' lang='lat' dir='ltr'>GRATlA,</span> <span class='ocrx_word' id='word_1_253' title='bbox 427 1862 525 1893; x_wconf 86' lang='lat' dir='ltr'>quam</span> <span class='ocrx_word' id='word_1_254' title='bbox 544 1858 576 1882; x_wconf 88' lang='lat' dir='ltr'>et</span> <span class='ocrx_word' id='word_1_255' title='bbox 599 1852 748 1892; x_wconf 88' lang='lat' dir='ltr'>spiritum</span> <span class='ocrx_word' id='word_1_256' title='bbox 771 1858 868 1882; x_wconf 83' lang='lat' dir='ltr'>vocat</span> <span class='ocrx_word' id='word_1_257' title='bbox 893 1850 1018 1881; x_wconf 87' lang='lat' dir='ltr'>Paulus</span> <span class='ocrx_word' id='word_1_258' title='bbox 1031 1873 1040 1888; x_wconf 90' lang='lat'>,</span> <span class='ocrx_word' id='word_1_259' title='bbox 1066 1855 1113 1881; x_wconf 70' lang='lat' dir='ltr'>est</span> 
     </span>
     <span class='ocr_line' id='line_1_39' title="bbox 133 1894 1112 1935; baseline -0.001 -10"><span class='ocrx_word' id='word_1_260' title='bbox 133 1895 288 1935; x_wconf 69' lang='lat' dir='ltr'>spiritus,</span> <span class='ocrx_word' id='word_1_261' title='bbox 314 1905 376 1935; x_wconf 82' lang='lat' dir='ltr'>quo</span> <span class='ocrx_word' id='word_1_262' title='bbox 392 1895 605 1932; x_wconf 75' lang='lat' dir='ltr'>illustramur,</span> <span class='ocrx_word' id='word_1_263' title='bbox 628 1903 819 1934; x_wconf 75' lang='lat' dir='ltr'>pnryamur,</span> <span class='ocrx_word' id='word_1_264' title='bbox 849 1894 1039 1933; x_wconf 76' lang='lat' dir='ltr'>impellimur</span> <span class='ocrx_word' id='word_1_265' title='bbox 1068 1894 1112 1924; x_wconf 68' lang='lat' dir='ltr'>acl</span> 
     </span>
     <span class='ocr_line' id='line_1_40' title="bbox 134 1936 1111 1978; baseline -0.002 -10"><span class='ocrx_word' id='word_1_266' title='bbox 134 1937 226 1968; x_wconf 76' lang='lat' dir='ltr'>bo‘na.</span> <span class='ocrx_word' id='word_1_267' title='bbox 282 1937 428 1968; x_wconf 87' lang='lat' dir='ltr'>Gratiam</span> <span class='ocrx_word' id='word_1_268' title='bbox 452 1947 525 1968; x_wconf 91' lang='lat' dir='ltr'>cum</span> <span class='ocrx_word' id='word_1_269' title='bbox 544 1936 619 1978; x_wconf 84' lang='lat' dir='ltr'>lege</span> <span class='ocrx_word' id='word_1_270' title='bbox 639 1936 857 1976; x_wconf 82' lang='lat' dir='ltr'>comparabis,</span> <span class='ocrx_word' id='word_1_271' title='bbox 876 1941 910 1966; x_wconf 88' lang='lat' dir='ltr'>ut</span> <span class='ocrx_word' id='word_1_272' title='bbox 930 1946 1003 1966; x_wconf 90' lang='lat' dir='ltr'>cum</span> <span class='ocrx_word' id='word_1_273' title='bbox 1023 1937 1111 1977; x_wconf 81' lang='lat' dir='ltr'>cogi-</span> 
     </span>
     <span class='ocr_line' id='line_1_41' title="bbox 134 1979 1113 2011; baseline 0 -1"><span class='ocrx_word' id='word_1_274' title='bbox 134 1979 255 2010; x_wconf 87' lang='lat' dir='ltr'>tatione</span> <span class='ocrx_word' id='word_1_275' title='bbox 273 1979 434 2011; x_wconf 88' lang='lat' dir='ltr'>affectum.</span> <span class='ocrx_word' id='word_1_276' title='bbox 454 1979 597 2010; x_wconf 90' lang='lat' dir='ltr'>Proinde</span> <span class='ocrx_word' id='word_1_277' title='bbox 614 1985 650 2010; x_wconf 95' lang='lat' dir='ltr'>ut</span> <span class='ocrx_word' id='word_1_278' title='bbox 669 1979 811 2009; x_wconf 88' lang='lat' dir='ltr'>omnium</span> <span class='ocrx_word' id='word_1_279' title='bbox 823 1979 1033 2009; x_wconf 92' lang='lat' dir='ltr'>animantium</span> <span class='ocrx_word' id='word_1_280' title='bbox 1046 1980 1113 2010; x_wconf 78' lang='lat' dir='ltr'>vita</span> 
     </span>
     <span class='ocr_line' id='line_1_42' title="bbox 133 2021 1111 2062; baseline -0.001 -9"><span class='ocrx_word' id='word_1_281' title='bbox 133 2021 270 2053; x_wconf 84' lang='lat' dir='ltr'>affectus</span> <span class='ocrx_word' id='word_1_282' title='bbox 283 2028 344 2059; x_wconf 87' lang='lat' dir='ltr'>est,</span> <span class='ocrx_word' id='word_1_283' title='bbox 364 2023 471 2053; x_wconf 89' lang='lat' dir='ltr'>omnia</span> <span class='ocrx_word' id='word_1_284' title='bbox 489 2023 666 2053; x_wconf 79' lang='lat' dir='ltr'>animantia</span> <span class='ocrx_word' id='word_1_285' title='bbox 677 2031 738 2052; x_wconf 91' lang='lat' dir='ltr'>sua</span> <span class='ocrx_word' id='word_1_286' title='bbox 751 2021 891 2062; x_wconf 88' lang='lat' dir='ltr'>quadam</span> <span class='ocrx_word' id='word_1_287' title='bbox 904 2027 1033 2062; x_wconf 86' lang='lat' dir='ltr'>sponte,</span> <span class='ocrx_word' id='word_1_288' title='bbox 1050 2031 1111 2062; x_wconf 88' lang='lat' dir='ltr'>pro</span> 
     </span>
     <span class='ocr_line' id='line_1_43' title="bbox 133 2063 1112 2105; baseline 0 -10"><span class='ocrx_word' id='word_1_289' title='bbox 133 2074 194 2095; x_wconf 89' lang='lat' dir='ltr'>suo</span> <span class='ocrx_word' id='word_1_290' title='bbox 213 2064 332 2095; x_wconf 84' lang='lat' dir='ltr'>affectu</span> <span class='ocrx_word' id='word_1_291' title='bbox 351 2066 393 2095; x_wconf 90' lang='lat' dir='ltr'>ad</span> <span class='ocrx_word' id='word_1_292' title='bbox 412 2065 565 2105; x_wconf 87' lang='lat' dir='ltr'>quiddam</span> <span class='ocrx_word' id='word_1_293' title='bbox 584 2065 768 2104; x_wconf 85' lang='lat' dir='ltr'>rapiuntur:</span> <span class='ocrx_word' id='word_1_294' title='bbox 795 2064 844 2093; x_wconf 86' lang='lat' dir='ltr'>sic</span> <span class='ocrx_word' id='word_1_295' title='bbox 869 2063 968 2094; x_wconf 90' lang='lat' dir='ltr'>homo</span> <span class='ocrx_word' id='word_1_296' title='bbox 995 2074 1112 2095; x_wconf 80' lang='lat' dir='ltr'>secun-</span> 
     </span>
    </p>
   </div>
   <div class='ocr_carea' id='block_1_10' title="bbox 134 2106 1134 2147">
    <p class='ocr_par' dir='ltr' id='par_1_10' title="bbox 134 2106 1134 2147">
     <span class='ocr_line' id='line_1_44' title="bbox 134 2106 1134 2147; baseline 0 -10"><span class='ocrx_word' id='word_1_297' title='bbox 134 2107 210 2137; x_wconf 89' lang='lat' dir='ltr'>dum</span> <span class='ocrx_word' id='word_1_298' title='bbox 227 2113 377 2138; x_wconf 85' lang='lat' dir='ltr'>naturam</span> <span class='ocrx_word' id='word_1_299' title='bbox 396 2107 520 2147; x_wconf 86' lang='lat' dir='ltr'>rapitur</span> <span class='ocrx_word' id='word_1_300' title='bbox 544 2107 586 2137; x_wconf 89' lang='lat' dir='ltr'>ad</span> <span class='ocrx_word' id='word_1_301' title='bbox 611 2106 700 2137; x_wconf 87' lang='lat' dir='ltr'>mala</span> <span class='ocrx_word' id='word_1_302' title='bbox 712 2129 721 2144; x_wconf 76' lang='grc'>,</span> <span class='ocrx_word' id='word_1_303' title='bbox 754 2107 830 2147; x_wconf 87' lang='lat' dir='ltr'>quia</span> <span class='ocrx_word' id='word_1_304' title='bbox 848 2116 944 2137; x_wconf 90' lang='lat' dir='ltr'>nemo</span> <span class='ocrx_word' id='word_1_305' title='bbox 963 2108 1053 2138; x_wconf 75' lang='lat' dir='ltr'>venit</span> <span class='ocrx_word' id='word_1_306' title='bbox 1070 2108 1110 2138; x_wconf 87' lang='lat' dir='ltr'>ad</span> <span class='ocrx_word' id='word_1_307' title='bbox 1133 2120 1134 2127; x_wconf 52' lang='lat'>¹</span> 
     </span>
    </p>
   </div>
   <div class='ocr_carea' id='block_1_11' title="bbox 132 2148 1113 2316">
    <p class='ocr_par' dir='ltr' id='par_1_11' title="bbox 132 2148 1113 2316">
     <span class='ocr_line' id='line_1_45' title="bbox 315 2148 1113 2189; baseline 0 -9"><span class='ocrx_word' id='word_1_308' title='bbox 315 2149 354 2180; x_wconf 88' lang='lat' dir='ltr'>Et</span> <span class='ocrx_word' id='word_1_309' title='bbox 379 2149 430 2180; x_wconf 77' lang='lat' dir='ltr'>hic</span> <span class='ocrx_word' id='word_1_310' title='bbox 453 2153 593 2189; x_wconf 75' lang='lat' dir='ltr'>raptus,</span> <span class='ocrx_word' id='word_1_311' title='bbox 623 2153 657 2180; x_wconf 82' lang='lat' dir='ltr'>ut</span> <span class='ocrx_word' id='word_1_312' title='bbox 677 2149 744 2180; x_wconf 67' lang='lat' dir='ltr'>vita</span> <span class='ocrx_word' id='word_1_313' title='bbox 759 2151 793 2188; x_wconf 79' lang='lat'>⁶)</span> <span class='ocrx_word' id='word_1_314' title='bbox 811 2148 946 2180; x_wconf 70' lang='lat' dir='ltr'>hominis</span> <span class='ocrx_word' id='word_1_315' title='bbox 965 2153 1035 2186; x_wconf 77' lang='lat' dir='ltr'>est,</span> <span class='ocrx_word' id='word_1_316' title='bbox 1063 2151 1113 2181; x_wconf 84' lang='lat' dir='ltr'>ita</span> 
     </span>
     <span class='ocr_line' id='line_1_46' title="bbox 134 2191 1113 2232; baseline 0 -10"><span class='ocrx_word' id='word_1_317' title='bbox 134 2192 219 2222; x_wconf 83' lang='lat' dir='ltr'>omm&#39;</span> <span class='ocrx_word' id='word_1_318' title='bbox 235 2192 428 2232; x_wconf 67' lang='lat' dir='ltr'>cogitatione</span> <span class='ocrx_word' id='word_1_319' title='bbox 451 2192 624 2231; x_wconf 79' lang='lat' dir='ltr'>potentior.</span> <span class='ocrx_word' id='word_1_320' title='bbox 669 2192 753 2222; x_wconf 89' lang='lat' dir='ltr'>Nam</span> <span class='ocrx_word' id='word_1_321' title='bbox 780 2197 811 2222; x_wconf 85' lang='lat' dir='ltr'>et</span> <span class='ocrx_word' id='word_1_322' title='bbox 836 2192 878 2222; x_wconf 85' lang='lat' dir='ltr'>ad</span> <span class='ocrx_word' id='word_1_323' title='bbox 902 2191 1005 2222; x_wconf 90' lang='lat' dir='ltr'>multa</span> <span class='ocrx_word' id='word_1_324' title='bbox 1032 2192 1113 2223; x_wconf 83' lang='lat' dir='ltr'>citra</span> 
     </span>
     <span class='ocr_line' id='line_1_47' title="bbox 133 2233 1112 2275; baseline 0.002 -11"><span class='ocrx_word' id='word_1_325' title='bbox 133 2234 279 2274; x_wconf 89' lang='lat' dir='ltr'>ipsorum</span> <span class='ocrx_word' id='word_1_326' title='bbox 298 2235 529 2275; x_wconf 72' lang='lat' dir='ltr'>cogitationem</span> <span class='ocrx_word' id='word_1_327' title='bbox 547 2234 700 2275; x_wconf 88' lang='lat' dir='ltr'>rapimur.</span> <span class='ocrx_word' id='word_1_328' title='bbox 746 2233 803 2264; x_wconf 76' lang='lat' dir='ltr'>Sic</span> <span class='ocrx_word' id='word_1_329' title='bbox 829 2238 957 2274; x_wconf 81' lang='lat' dir='ltr'>oportet</span> <span class='ocrx_word' id='word_1_330' title='bbox 983 2238 1112 2266; x_wconf 71' lang='lat' dir='ltr'>contra-</span> 
     </span>
     <span class='ocr_line' id='line_1_48' title="bbox 132 2276 1112 2316; baseline 0.003 -10"><span class='ocrx_word' id='word_1_331' title='bbox 132 2277 216 2307; x_wconf 83' lang='lat' dir='ltr'>rium</span> <span class='ocrx_word' id='word_1_332' title='bbox 232 2277 389 2316; x_wconf 70' lang='lat' dir='ltr'>quendam</span> <span class='ocrx_word' id='word_1_333' title='bbox 408 2276 559 2316; x_wconf 68' lang='lat' dir='ltr'>affectum</span> <span class='ocrx_word' id='word_1_334' title='bbox 583 2278 616 2307; x_wconf 76' lang='lat' dir='ltr'>in</span> <span class='ocrx_word' id='word_1_335' title='bbox 637 2276 822 2316; x_wconf 75' lang='lat' dir='ltr'>pectoribus</span> <span class='ocrx_word' id='word_1_336' title='bbox 845 2278 967 2308; x_wconf 62' lang='grc' dir='ltr'>ποεῖν-ἴε</span> <span class='ocrx_word' id='word_1_337' title='bbox 992 2278 1112 2316; x_wconf 56' lang='lat' dir='ltr'>creavi,</span> 
     </span>
    </p>
   </div>
   <div class='ocr_carea' id='block_1_12' title="bbox 133 2155 267 2180">
    <p class='ocr_par' dir='ltr' id='par_1_12' title="bbox 133 2155 267 2180">
     <span class='ocr_line' id='line_1_49' title="bbox 133 2155 267 2180; baseline -0.007 0"><span class='ocrx_word' id='word_1_338' title='bbox 133 2159 186 2180; x_wconf 77' lang='lat' dir='ltr'>me</span> <span class='ocrx_word' id='word_1_339' title='bbox 205 2155 267 2180; x_wconf 77' lang='lat' dir='ltr'>etc.</span> 
     </span>
    </p>
   </div>
   <div class='ocr_carea' id='block_1_13' title="bbox 138 2371 336 2374">
    <p class='ocr_par' dir='ltr' id='par_1_13' title="bbox 138 2371 336 2374">
     <span class='ocr_line' id='line_1_50' title="bbox 138 2371 336 2374; baseline 0 0"><span class='ocrx_word' id='word_1_340' title='bbox 138 2371 336 2374; x_wconf 95' lang='lat' dir='ltr'> </span> 
     </span>
    </p>
   </div>
   <div class='ocr_carea' id='block_1_14' title="bbox 152 2428 1116 2529">
    <p class='ocr_par' dir='ltr' id='par_1_14' title="bbox 152 2428 1116 2529">
     <span class='ocr_line' id='line_1_51' title="bbox 152 2428 1113 2462; baseline -0.001 -8"><span class='ocrx_word' id='word_1_341' title='bbox 152 2429 183 2458; x_wconf 82' lang='lat'>5)</span> <span class='ocrx_word' id='word_1_342' title='bbox 207 2429 382 2460; x_wconf 70' lang='grc' dir='ltr'><em>προπαθείας,</em></span> <span class='ocrx_word' id='word_1_343' title='bbox 400 2429 496 2459; x_wconf 74' lang='lat' dir='ltr'>primns</span> <span class='ocrx_word' id='word_1_344' title='bbox 516 2431 608 2457; x_wconf 74' lang='lat' dir='ltr'>motus.</span> <span class='ocrx_word' id='word_1_345' title='bbox 628 2428 706 2458; x_wconf 71' lang='lat' dir='ltr'>elad]</span> <span class='ocrx_word' id='word_1_346' title='bbox 726 2429 762 2453; x_wconf 90' lang='lat' dir='ltr'>sic</span> <span class='ocrx_word' id='word_1_347' title='bbox 781 2429 885 2459; x_wconf 84' lang='lat' dir='ltr'>scripsi:</span> <span class='ocrx_word' id='word_1_348' title='bbox 904 2430 946 2455; x_wconf 87' lang='lat' dir='ltr'>Ed.</span> <span class='ocrx_word' id='word_1_349' title='bbox 959 2436 996 2460; x_wconf 85' lang='lat' dir='ltr'>pr.</span> <span class='ocrx_word' id='word_1_350' title='bbox 1009 2437 1113 2462; x_wconf 78' lang='grc' dir='ltr'><em>προπα-</em></span> 
     </span>
     <span class='ocr_line' id='line_1_52' title="bbox 205 2463 1116 2495; baseline 0.005 -10"><span class='ocrx_word' id='word_1_351' title='bbox 205 2463 289 2489; x_wconf 72' lang='grc' dir='ltr'><strong>θείας,</strong></span> <span class='ocrx_word' id='word_1_352' title='bbox 308 2464 404 2493; x_wconf 81' lang='lat' dir='ltr'>primus</span> <span class='ocrx_word' id='word_1_353' title='bbox 418 2466 510 2488; x_wconf 81' lang='lat' dir='ltr'>motus.</span> <span class='ocrx_word' id='word_1_354' title='bbox 532 2463 613 2489; x_wconf 87' lang='lat' dir='ltr'>elud.:</span> <span class='ocrx_word' id='word_1_355' title='bbox 632 2463 754 2487; x_wconf 86' lang='lat' dir='ltr'>Strobel.:</span> <span class='ocrx_word' id='word_1_356' title='bbox 773 2464 940 2493; x_wconf 69' lang='grc' dir='ltr'><em>προπαθείας</em></span> <span class='ocrx_word' id='word_1_357' title='bbox 953 2464 1048 2495; x_wconf 83' lang='lat' dir='ltr'>primus</span> <span class='ocrx_word' id='word_1_358' title='bbox 1062 2470 1116 2489; x_wconf 91' lang='lat' dir='ltr'>mo-</span> 
     </span>
     <span class='ocr_line' id='line_1_53' title="bbox 205 2497 840 2529; baseline 0 -7"><span class='ocrx_word' id='word_1_359' title='bbox 205 2500 245 2522; x_wconf 89' lang='lat' dir='ltr'>tus</span> <span class='ocrx_word' id='word_1_360' title='bbox 259 2497 345 2529; x_wconf 81' lang='lat' dir='ltr'>elud.;</span> <span class='ocrx_word' id='word_1_361' title='bbox 363 2497 458 2522; x_wconf 84' lang='lat' dir='ltr'>Fried.:</span> <span class='ocrx_word' id='word_1_362' title='bbox 471 2504 550 2528; x_wconf 81' lang='grc' dir='ltr'><em>προπ.</em></span> <span class='ocrx_word' id='word_1_363' title='bbox 563 2497 658 2528; x_wconf 83' lang='lat' dir='ltr'>primos</span> <span class='ocrx_word' id='word_1_364' title='bbox 671 2498 755 2521; x_wconf 84' lang='lat' dir='ltr'>motus</span> <span class='ocrx_word' id='word_1_365' title='bbox 773 2497 840 2522; x_wconf 88' lang='lat' dir='ltr'>elud.</span> 
     </span>
    </p>
   </div>
   <div class='ocr_carea' id='block_1_15' title="bbox 159 2547 809 2578">
    <p class='ocr_par' dir='ltr' id='par_1_15' title="bbox 159 2547 809 2578">
     <span class='ocr_line' id='line_1_54' title="bbox 159 2547 809 2578; baseline 0 -6"><span class='ocrx_word' id='word_1_366' title='bbox 159 2548 188 2577; x_wconf 84' lang='grc'>6)</span> <span class='ocrx_word' id='word_1_367' title='bbox 208 2547 268 2577; x_wconf 79' lang='lat' dir='ltr'>vita]</span> <span class='ocrx_word' id='word_1_368' title='bbox 287 2548 324 2573; x_wconf 86' lang='lat' dir='ltr'>sic</span> <span class='ocrx_word' id='word_1_369' title='bbox 341 2547 383 2573; x_wconf 85' lang='lat' dir='ltr'>Ed.</span> <span class='ocrx_word' id='word_1_370' title='bbox 401 2553 452 2578; x_wconf 83' lang='lat' dir='ltr'>pr.:</span> <span class='ocrx_word' id='word_1_371' title='bbox 473 2548 554 2573; x_wconf 82' lang='lat' dir='ltr'>Stroh.</span> <span class='ocrx_word' id='word_1_372' title='bbox 575 2551 600 2572; x_wconf 86' lang='lat' dir='ltr'>et</span> <span class='ocrx_word' id='word_1_373' title='bbox 618 2547 716 2572; x_wconf 59' lang='lat' dir='ltr'>hiem:</span> <span class='ocrx_word' id='word_1_374' title='bbox 735 2548 809 2572; x_wconf 76' lang='lat' dir='ltr'>vitae.</span> 
     </span>
    </p>
   </div>
   <div class='ocr_carea' id='block_1_16' title="bbox 548 134 1738 168">
    <p class='ocr_par' dir='ltr' id='par_1_16' title="bbox 548 134 1738 168">
     <span class='ocr_line' id='line_1_55' title="bbox 548 134 1738 168; baseline -0.001 -2"><span class='ocrx_word' id='word_1_375' title='bbox 548 136 571 166; x_wconf 94' lang='lat' dir='ltr'>I.</span> <span class='ocrx_word' id='word_1_376' title='bbox 595 135 698 168; x_wconf 88' lang='lat' dir='ltr'><strong>LOCI</strong></span> <span class='ocrx_word' id='word_1_377' title='bbox 720 134 997 167; x_wconf 84' lang='lat' dir='ltr'><strong>THEOLOGICI:</strong></span> <span class='ocrx_word' id='word_1_378' title='bbox 1020 136 1061 167; x_wconf 89' lang='lat' dir='ltr'>A.</span> <span class='ocrx_word' id='word_1_379' title='bbox 1086 135 1226 167; x_wconf 85' lang='lat' dir='ltr'><strong>PRIMA</strong></span> <span class='ocrx_word' id='word_1_380' title='bbox 1248 134 1406 167; x_wconf 85' lang='lat' dir='ltr'><strong>EORUM</strong></span> <span class='ocrx_word' id='word_1_381' title='bbox 1430 134 1738 167; x_wconf 83' lang='lat' dir='ltr'>ADUMBRATIO.</span> 
     </span>
    </p>
   </div>
   <div class='ocr_carea' id='block_1_17' title="bbox 1134 228 1148 2581">
    <p class='ocr_par' dir='ltr' id='par_1_17' title="bbox 1134 228 1148 2581">
     <span class='ocr_line' id='line_1_56' title="bbox 1134 228 1148 2581; baseline 0 0"><span class='ocrx_word' id='word_1_382' title='bbox 1134 228 1148 2581; x_wconf 95' lang='lat' dir='ltr'> </span> 
     </span>
    </p>
   </div>
   <div class='ocr_carea' id='block_1_18' title="bbox 2105 137 2147 168">
    <p class='ocr_par' dir='ltr' id='par_1_18' title="bbox 2105 137 2147 168">
     <span class='ocr_line' id='line_1_57' title="bbox 2105 137 2147 168; baseline 0 0"><span class='ocrx_word' id='word_1_383' title='bbox 2105 137 2147 168; x_wconf 80' lang='lat'>54</span> 
     </span>
    </p>
   </div>
   <div class='ocr_carea' id='block_1_19' title="bbox 1165 227 2146 483">
    <p class='ocr_par' dir='ltr' id='par_1_19' title="bbox 1165 227 2146 483">
     <span class='ocr_line' id='line_1_58' title="bbox 1170 227 2146 269; baseline 0.002 -10"><span class='ocrx_word' id='word_1_384' title='bbox 1170 239 1227 269; x_wconf 79' lang='lat' dir='ltr'>quo</span> <span class='ocrx_word' id='word_1_385' title='bbox 1247 234 1359 260; x_wconf 71' lang='lat' dir='ltr'>nostra</span> <span class='ocrx_word' id='word_1_386' title='bbox 1378 233 1490 269; x_wconf 74' lang='lat' dir='ltr'>sponte</span> <span class='ocrx_word' id='word_1_387' title='bbox 1502 253 1512 265; x_wconf 75' lang='grc'>,</span> <span class='ocrx_word' id='word_1_388' title='bbox 1532 229 1657 259; x_wconf 86' lang='lat' dir='ltr'>etiamsi</span> <span class='ocrx_word' id='word_1_389' title='bbox 1677 227 1768 259; x_wconf 90' lang='lat' dir='ltr'>nulla</span> <span class='ocrx_word' id='word_1_390' title='bbox 1788 235 1875 259; x_wconf 85' lang='lat' dir='ltr'>esset</span> <span class='ocrx_word' id='word_1_391' title='bbox 1895 228 1949 259; x_wconf 82' lang='lat' dir='ltr'>lex</span> <span class='ocrx_word' id='word_1_392' title='bbox 1963 252 1972 267; x_wconf 90' lang='grc'>,</span> <span class='ocrx_word' id='word_1_393' title='bbox 1998 231 2040 261; x_wconf 87' lang='grc'>311</span> <span class='ocrx_word' id='word_1_394' title='bbox 2059 231 2146 262; x_wconf 89' lang='grc'><strong>110113</strong></span> 
     </span>
     <span class='ocr_line' id='line_1_59' title="bbox 1169 271 2144 312; baseline 0.001 -10"><span class='ocrx_word' id='word_1_395' title='bbox 1169 274 1342 312; x_wconf 86' lang='lat' dir='ltr'>rapiamur.</span> <span class='ocrx_word' id='word_1_396' title='bbox 1388 271 1448 302; x_wconf 90' lang='lat' dir='ltr'>Hic</span> <span class='ocrx_word' id='word_1_397' title='bbox 1467 271 1603 303; x_wconf 82' lang='lat' dir='ltr'>affectus</span> <span class='ocrx_word' id='word_1_398' title='bbox 1622 272 1758 302; x_wconf 87' lang='lat' dir='ltr'>meritus</span> <span class='ocrx_word' id='word_1_399' title='bbox 1778 277 1827 301; x_wconf 86' lang='lat' dir='ltr'>est</span> <span class='ocrx_word' id='word_1_400' title='bbox 1846 281 1905 311; x_wconf 92' lang='lat' dir='ltr'>per</span> <span class='ocrx_word' id='word_1_401' title='bbox 1918 271 2094 310; x_wconf 82' lang='lat' dir='ltr'>Christum,</span> <span class='ocrx_word' id='word_1_402' title='bbox 2114 280 2144 303; x_wconf 89' lang='lat' dir='ltr'>et</span> 
     </span>
     <span class='ocr_line' id='line_1_60' title="bbox 1169 313 2144 355; baseline 0 -10"><span class='ocrx_word' id='word_1_403' title='bbox 1169 314 1335 345; x_wconf 80' lang='lat' dir='ltr'>GRATIA</span> <span class='ocrx_word' id='word_1_404' title='bbox 1355 315 1481 345; x_wconf 89' lang='lat' dir='ltr'>dicitur.</span> <span class='ocrx_word' id='word_1_405' title='bbox 1501 314 1548 345; x_wconf 89' lang='lat' dir='ltr'>lta</span> <span class='ocrx_word' id='word_1_406' title='bbox 1561 324 1674 344; x_wconf 76' lang='lat' dir='ltr'>verum</span> <span class='ocrx_word' id='word_1_407' title='bbox 1688 319 1749 350; x_wconf 80' lang='lat' dir='ltr'>est,</span> <span class='ocrx_word' id='word_1_408' title='bbox 1769 314 1853 344; x_wconf 74' lang='lat' dir='ltr'>iusto</span> <span class='ocrx_word' id='word_1_409' title='bbox 1871 313 1979 355; x_wconf 82' lang='lat' dir='ltr'>legem</span> <span class='ocrx_word' id='word_1_410' title='bbox 1990 325 2056 345; x_wconf 91' lang='lat' dir='ltr'>non</span> <span class='ocrx_word' id='word_1_411' title='bbox 2070 325 2144 346; x_wconf 84' lang='lat' dir='ltr'>esse</span> 
     </span>
     <span class='ocr_line' id='line_1_61' title="bbox 1166 357 2145 398; baseline 0 -10"><span class='ocrx_word' id='word_1_412' title='bbox 1166 359 1317 398; x_wconf 81' lang='lat' dir='ltr'>positam,</span> <span class='ocrx_word' id='word_1_413' title='bbox 1336 358 1369 388; x_wconf 91' lang='lat' dir='ltr'>id</span> <span class='ocrx_word' id='word_1_414' title='bbox 1383 363 1443 394; x_wconf 80' lang='lat' dir='ltr'>est,</span> <span class='ocrx_word' id='word_1_415' title='bbox 1460 357 1618 388; x_wconf 83' lang='lat' dir='ltr'>eiusmodi</span> <span class='ocrx_word' id='word_1_416' title='bbox 1631 357 1747 394; x_wconf 75' lang='lat' dir='ltr'>iustus,</span> <span class='ocrx_word' id='word_1_417' title='bbox 1768 357 1822 396; x_wconf 90' lang='lat' dir='ltr'>qui</span> <span class='ocrx_word' id='word_1_418' title='bbox 1834 359 1859 392; x_wconf 80' lang='lat'>⁷)</span> <span class='ocrx_word' id='word_1_419' title='bbox 1873 367 1933 387; x_wconf 87' lang='lat' dir='ltr'>sua</span> <span class='ocrx_word' id='word_1_420' title='bbox 1945 358 2016 397; x_wconf 89' lang='lat' dir='ltr'>ipse</span> <span class='ocrx_word' id='word_1_421' title='bbox 2028 364 2145 398; x_wconf 88' lang='lat' dir='ltr'>sponte</span> 
     </span>
     <span class='ocr_line' id='line_1_62' title="bbox 1166 399 2145 440; baseline 0 -10"><span class='ocrx_word' id='word_1_422' title='bbox 1166 406 1197 430; x_wconf 94' lang='lat' dir='ltr'>et</span> <span class='ocrx_word' id='word_1_423' title='bbox 1209 399 1296 430; x_wconf 91' lang='lat' dir='ltr'>ultro</span> <span class='ocrx_word' id='word_1_424' title='bbox 1309 399 1456 430; x_wconf 84' lang='lat' dir='ltr'>facturus</span> <span class='ocrx_word' id='word_1_425' title='bbox 1471 401 1555 430; x_wconf 87' lang='lat' dir='ltr'>bona</span> <span class='ocrx_word' id='word_1_426' title='bbox 1568 400 1621 437; x_wconf 88' lang='lat' dir='ltr'>sit,</span> <span class='ocrx_word' id='word_1_427' title='bbox 1641 406 1671 430; x_wconf 89' lang='grc'>61</span> <span class='ocrx_word' id='word_1_428' title='bbox 1684 400 1725 430; x_wconf 87' lang='grc'>311</span> <span class='ocrx_word' id='word_1_429' title='bbox 1740 400 1826 430; x_wconf 87' lang='grc'><strong>110113</strong></span> <span class='ocrx_word' id='word_1_430' title='bbox 1846 400 2000 440; x_wconf 85' lang='lat' dir='ltr'>rapiatur,</span> <span class='ocrx_word' id='word_1_431' title='bbox 2019 401 2145 431; x_wconf 86' lang='lat' dir='ltr'>etiamsi</span> 
     </span>
     <span class='ocr_line' id='line_1_63' title="bbox 1165 442 1759 483; baseline -0.002 -10"><span class='ocrx_word' id='word_1_432' title='bbox 1165 442 1257 473; x_wconf 83' lang='lat' dir='ltr'>nulla</span> <span class='ocrx_word' id='word_1_433' title='bbox 1275 452 1419 483; x_wconf 83' lang='lat' dir='ltr'>unquam</span> <span class='ocrx_word' id='word_1_434' title='bbox 1438 442 1492 472; x_wconf 77' lang='lat' dir='ltr'>lex</span> <span class='ocrx_word' id='word_1_435' title='bbox 1512 443 1640 482; x_wconf 80' lang='lat' dir='ltr'>prodita</span> <span class='ocrx_word' id='word_1_436' title='bbox 1659 448 1759 473; x_wconf 86' lang='lat' dir='ltr'>esset.</span> 
     </span>
    </p>
   </div>
   <div class='ocr_carea' id='block_1_20' title="bbox 1164 509 2142 625">
    <p class='ocr_par' dir='ltr' id='par_1_20' title="bbox 1164 509 2142 625">
     <span class='ocr_line' id='line_1_64' title="bbox 1209 509 2142 547; baseline 0 -8"><span class='ocrx_word' id='word_1_437' title='bbox 1209 509 1404 540; x_wconf 86' lang='lat' dir='ltr'><strong>GRATIAE</strong></span> <span class='ocrx_word' id='word_1_438' title='bbox 1428 509 1617 540; x_wconf 83' lang='lat' dir='ltr'><strong>PARTES:</strong></span> <span class='ocrx_word' id='word_1_439' title='bbox 1636 509 1783 547; x_wconf 72' lang='lat' dir='ltr'>FIDES,</span> <span class='ocrx_word' id='word_1_440' title='bbox 1802 510 1965 540; x_wconf 85' lang='lat' dir='ltr'>adsensus</span> <span class='ocrx_word' id='word_1_441' title='bbox 1986 515 2142 540; x_wconf 84' lang='lat' dir='ltr'>constans</span> 
     </span>
     <span class='ocr_line' id='line_1_65' title="bbox 1164 552 2142 589; baseline -0.001 -6"><span class='ocrx_word' id='word_1_442' title='bbox 1164 553 1256 583; x_wconf 80' lang='lat' dir='ltr'>verbi</span> <span class='ocrx_word' id='word_1_443' title='bbox 1286 553 1408 589; x_wconf 85' lang='lat' dir='ltr'>divini,</span> <span class='ocrx_word' id='word_1_444' title='bbox 1448 559 1478 583; x_wconf 89' lang='lat' dir='ltr'>et</span> <span class='ocrx_word' id='word_1_445' title='bbox 1515 552 1579 583; x_wconf 88' lang='lat' dir='ltr'>hac</span> <span class='ocrx_word' id='word_1_446' title='bbox 1610 552 1829 583; x_wconf 86' lang='lat' dir='ltr'>illuminamur</span> <span class='ocrx_word' id='word_1_447' title='bbox 1859 558 1889 583; x_wconf 90' lang='lat' dir='ltr'>et</span> <span class='ocrx_word' id='word_1_448' title='bbox 1918 552 2011 583; x_wconf 91' lang='lat' dir='ltr'>Deus</span> <span class='ocrx_word' id='word_1_449' title='bbox 2047 552 2142 582; x_wconf 87' lang='grc'><strong>1101115</strong></span> 
     </span>
     <span class='ocr_line' id='line_1_66' title="bbox 1165 596 1359 625; baseline -0.005 0"><span class='ocrx_word' id='word_1_450' title='bbox 1165 596 1359 625; x_wconf 88' lang='lat' dir='ltr'>ostenditur.</span> 
     </span>
    </p>
   </div>
   <div class='ocr_carea' id='block_1_21' title="bbox 1163 661 2143 1045">
    <p class='ocr_par' dir='ltr' id='par_1_21' title="bbox 1163 661 2143 1045">
     <span class='ocr_line' id='line_1_67' title="bbox 1207 661 2143 703; baseline -0.001 -10"><span class='ocrx_word' id='word_1_451' title='bbox 1207 661 1409 700; x_wconf 73' lang='lat' dir='ltr'>CARITAS.</span> <span class='ocrx_word' id='word_1_452' title='bbox 1423 672 1515 694; x_wconf 90' lang='lat' dir='ltr'>amor</span> <span class='ocrx_word' id='word_1_453' title='bbox 1530 662 1591 693; x_wconf 90' lang='lat' dir='ltr'>Dei</span> <span class='ocrx_word' id='word_1_454' title='bbox 1608 669 1638 693; x_wconf 92' lang='lat' dir='ltr'>et</span> <span class='ocrx_word' id='word_1_455' title='bbox 1654 663 1802 703; x_wconf 74' lang='lat' dir='ltr'>proximi,</span> <span class='ocrx_word' id='word_1_456' title='bbox 1818 663 1927 692; x_wconf 89' lang='lat' dir='ltr'>odium</span> <span class='ocrx_word' id='word_1_457' title='bbox 1943 664 2003 693; x_wconf 92' lang='lat' dir='ltr'>sui.</span> <span class='ocrx_word' id='word_1_458' title='bbox 2024 661 2143 699; x_wconf 86' lang='lat' dir='ltr'>SPES,</span> 
     </span>
     <span class='ocr_line' id='line_1_68' title="bbox 1163 704 2143 746; baseline -0.002 -10"><span class='ocrx_word' id='word_1_459' title='bbox 1163 705 1319 742; x_wconf 79' lang='lat' dir='ltr'>affectus,</span> <span class='ocrx_word' id='word_1_460' title='bbox 1346 705 1400 746; x_wconf 88' lang='lat' dir='ltr'>qui</span> <span class='ocrx_word' id='word_1_461' title='bbox 1419 706 1558 736; x_wconf 78' lang='lat' dir='ltr'>maxime</span> <span class='ocrx_word' id='word_1_462' title='bbox 1577 706 1607 736; x_wconf 90' lang='lat' dir='ltr'>in</span> <span class='ocrx_word' id='word_1_463' title='bbox 1635 706 1784 736; x_wconf 79' lang='lat' dir='ltr'>adversis</span> <span class='ocrx_word' id='word_1_464' title='bbox 1804 704 2008 742; x_wconf 73' lang='lat' dir='ltr'>declaratur,</span> <span class='ocrx_word' id='word_1_465' title='bbox 2038 714 2143 745; x_wconf 89' lang='lat' dir='ltr'>eoque</span> 
     </span>
     <span class='ocr_line' id='line_1_69' title="bbox 1163 747 2142 788; baseline -0.002 -9"><span class='ocrx_word' id='word_1_466' title='bbox 1163 748 1236 779; x_wconf 91' lang='lat' dir='ltr'>Deo</span> <span class='ocrx_word' id='word_1_467' title='bbox 1263 748 1456 779; x_wconf 88' lang='lat' dir='ltr'>confidimus</span> <span class='ocrx_word' id='word_1_468' title='bbox 1489 758 1547 788; x_wconf 88' lang='lat' dir='ltr'>per</span> <span class='ocrx_word' id='word_1_469' title='bbox 1573 749 1675 788; x_wconf 77' lang='lat' dir='ltr'>ipsius</span> <span class='ocrx_word' id='word_1_470' title='bbox 1703 749 1879 778; x_wconf 88' lang='lat' dir='ltr'>bonitatem</span> <span class='ocrx_word' id='word_1_471' title='bbox 1912 748 2047 778; x_wconf 79' lang='lat' dir='ltr'>servari.</span> <span class='ocrx_word' id='word_1_472' title='bbox 2092 747 2142 778; x_wconf 84' lang='lat' dir='ltr'>Ex</span> 
     </span>
     <span class='ocr_line' id='line_1_70' title="bbox 1164 789 2141 831; baseline -0.001 -10"><span class='ocrx_word' id='word_1_473' title='bbox 1164 801 1275 822; x_wconf 88' lang='lat' dir='ltr'>amore</span> <span class='ocrx_word' id='word_1_474' title='bbox 1294 801 1385 831; x_wconf 90' lang='lat' dir='ltr'>spem</span> <span class='ocrx_word' id='word_1_475' title='bbox 1405 792 1497 821; x_wconf 85' lang='lat' dir='ltr'>nasci</span> <span class='ocrx_word' id='word_1_476' title='bbox 1524 790 1732 821; x_wconf 86' lang='lat' dir='ltr'>manifestum</span> <span class='ocrx_word' id='word_1_477' title='bbox 1758 797 1818 821; x_wconf 84' lang='lat' dir='ltr'>est.</span> <span class='ocrx_word' id='word_1_478' title='bbox 1864 790 1948 820; x_wconf 78' lang='lat' dir='ltr'>Nam</span> <span class='ocrx_word' id='word_1_479' title='bbox 1975 791 2049 830; x_wconf 90' lang='lat' dir='ltr'>quia</span> <span class='ocrx_word' id='word_1_480' title='bbox 2068 789 2141 820; x_wconf 90' lang='lat' dir='ltr'>Deo</span> 
     </span>
     <span class='ocr_line' id='line_1_71' title="bbox 1163 833 2141 874; baseline -0.002 -10"><span class='ocrx_word' id='word_1_481' title='bbox 1163 835 1259 874; x_wconf 86' lang='lat' dir='ltr'>potiri</span> <span class='ocrx_word' id='word_1_482' title='bbox 1278 834 1332 864; x_wconf 91' lang='lat' dir='ltr'>hic</span> <span class='ocrx_word' id='word_1_483' title='bbox 1350 844 1415 864; x_wconf 91' lang='lat' dir='ltr'>non</span> <span class='ocrx_word' id='word_1_484' title='bbox 1434 833 1510 864; x_wconf 88' lang='lat' dir='ltr'>licet</span> <span class='ocrx_word' id='word_1_485' title='bbox 1529 835 1664 874; x_wconf 77' lang='lat' dir='ltr'>integre,</span> <span class='ocrx_word' id='word_1_486' title='bbox 1684 843 1780 874; x_wconf 92' lang='lat' dir='ltr'>quem</span> <span class='ocrx_word' id='word_1_487' title='bbox 1793 842 1950 869; x_wconf 79' lang='lat' dir='ltr'>amamus,</span> <span class='ocrx_word' id='word_1_488' title='bbox 1970 842 2141 873; x_wconf 87' lang='lat' dir='ltr'>speramus</span> 
     </span>
     <span class='ocr_line' id='line_1_72' title="bbox 1163 875 2143 917; baseline -0.002 -10"><span class='ocrx_word' id='word_1_489' title='bbox 1163 877 1326 917; x_wconf 84' lang='lat' dir='ltr'>potituros</span> <span class='ocrx_word' id='word_1_490' title='bbox 1349 876 1478 917; x_wconf 89' lang='lat' dir='ltr'>plenius</span> <span class='ocrx_word' id='word_1_491' title='bbox 1502 875 1596 907; x_wconf 84' lang='lat' dir='ltr'>alias.</span> <span class='ocrx_word' id='word_1_492' title='bbox 1621 875 1857 917; x_wconf 90' lang='lat' dir='ltr'>Complectitur</span> <span class='ocrx_word' id='word_1_493' title='bbox 1879 886 1956 916; x_wconf 87' lang='lat' dir='ltr'>spes</span> <span class='ocrx_word' id='word_1_494' title='bbox 1978 876 2143 916; x_wconf 80' lang='lat' dir='ltr'>quoddam</span> 
     </span>
     <span class='ocr_line' id='line_1_73' title="bbox 1164 918 2143 958; baseline -0.003 -8"><span class='ocrx_word' id='word_1_495' title='bbox 1164 919 1329 950; x_wconf 85' lang='lat' dir='ltr'>fastidium</span> <span class='ocrx_word' id='word_1_496' title='bbox 1352 921 1438 949; x_wconf 71' lang='lat' dir='ltr'>vitae</span> <span class='ocrx_word' id='word_1_497' title='bbox 1463 925 1494 949; x_wconf 90' lang='lat' dir='ltr'>et</span> <span class='ocrx_word' id='word_1_498' title='bbox 1517 929 1625 949; x_wconf 84' lang='lat' dir='ltr'>rerum</span> <span class='ocrx_word' id='word_1_499' title='bbox 1648 918 1873 950; x_wconf 86' lang='lat' dir='ltr'>humanarum.</span> <span class='ocrx_word' id='word_1_500' title='bbox 1920 918 1977 949; x_wconf 81' lang='lat' dir='ltr'>His</span> <span class='ocrx_word' id='word_1_501' title='bbox 2001 919 2143 958; x_wconf 82' lang='lat' dir='ltr'>adiunge</span> 
     </span>
     <span class='ocr_line' id='line_1_74' title="bbox 1168 961 2143 1002; baseline -0.002 -10"><span class='ocrx_word' id='word_1_502' title='bbox 1168 962 1295 992; x_wconf 88' lang='lat' dir='ltr'>fructus</span> <span class='ocrx_word' id='word_1_503' title='bbox 1320 963 1464 1002; x_wconf 74' lang='lat' dir='ltr'>spiritus.</span> <span class='ocrx_word' id='word_1_504' title='bbox 1489 963 1575 1002; x_wconf 88' lang='lat' dir='ltr'>apud</span> <span class='ocrx_word' id='word_1_505' title='bbox 1588 961 1727 992; x_wconf 89' lang='lat' dir='ltr'>Paulum</span> <span class='ocrx_word' id='word_1_506' title='bbox 1750 963 1781 992; x_wconf 88' lang='lat' dir='ltr'>in</span> <span class='ocrx_word' id='word_1_507' title='bbox 1801 961 1940 998; x_wconf 71' lang='lat' dir='ltr'>Galatis,</span> <span class='ocrx_word' id='word_1_508' title='bbox 1964 962 2019 1001; x_wconf 87' lang='lat' dir='ltr'>qui</span> <span class='ocrx_word' id='word_1_509' title='bbox 2043 970 2143 1001; x_wconf 88' lang='lat' dir='ltr'>opera</span> 
     </span>
     <span class='ocr_line' id='line_1_75' title="bbox 1166 1006 1401 1045; baseline -0.009 -10"><span class='ocrx_word' id='word_1_510' title='bbox 1166 1006 1292 1045; x_wconf 85' lang='lat' dir='ltr'>gratiae</span> <span class='ocrx_word' id='word_1_511' title='bbox 1316 1010 1401 1034; x_wconf 87' lang='lat' dir='ltr'>sunt.</span> 
     </span>
    </p>
   </div>
   <div class='ocr_carea' id='block_1_22' title="bbox 1629 1095 1685 1126">
    <p class='ocr_par' dir='ltr' id='par_1_22' title="bbox 1629 1095 1685 1126">
     <span class='ocr_line' id='line_1_76' title="bbox 1629 1095 1685 1126; baseline 0.018 -1"><span class='ocrx_word' id='word_1_512' title='bbox 1629 1095 1685 1126; x_wconf 85' lang='lat' dir='ltr'>lx.</span> 
     </span>
    </p>
   </div>
   <div class='ocr_carea' id='block_1_23' title="bbox 1160 1163 2141 1366">
    <p class='ocr_par' dir='ltr' id='par_1_23' title="bbox 1160 1163 2141 1366">
     <span class='ocr_line' id='line_1_77' title="bbox 1247 1163 2141 1205; baseline 0.001 -10"><span class='ocrx_word' id='word_1_513' title='bbox 1247 1164 1318 1195; x_wconf 88' lang='lat' dir='ltr'>Hac</span> <span class='ocrx_word' id='word_1_514' title='bbox 1338 1164 1452 1204; x_wconf 68' lang='lat' dir='ltr'>qratia</span> <span class='ocrx_word' id='word_1_515' title='bbox 1473 1163 1641 1205; x_wconf 69' lang='lat' dir='ltr'>iustificati</span> <span class='ocrx_word' id='word_1_516' title='bbox 1659 1167 1754 1201; x_wconf 74' lang='lat' dir='ltr'>snut,</span> <span class='ocrx_word' id='word_1_517' title='bbox 1779 1169 1939 1204; x_wconf 88' lang='lat' dir='ltr'>quotquot</span> <span class='ocrx_word' id='word_1_518' title='bbox 1962 1165 2141 1205; x_wconf 90' lang='lat' dir='ltr'>praedesti-</span> 
     </span>
     <span class='ocr_line' id='line_1_78' title="bbox 1160 1206 2137 1248; baseline 0 -10"><span class='ocrx_word' id='word_1_519' title='bbox 1160 1208 1228 1238; x_wconf 90' lang='lat' dir='ltr'>nati</span> <span class='ocrx_word' id='word_1_520' title='bbox 1251 1213 1343 1238; x_wconf 84' lang='lat' dir='ltr'>sunt:</span> <span class='ocrx_word' id='word_1_521' title='bbox 1368 1206 1449 1237; x_wconf 76' lang='lat' dir='ltr'>Cum</span> <span class='ocrx_word' id='word_1_522' title='bbox 1471 1214 1583 1248; x_wconf 81' lang='lat' dir='ltr'>patres</span> <span class='ocrx_word' id='word_1_523' title='bbox 1596 1213 1672 1237; x_wconf 81' lang='lat' dir='ltr'>ante</span> <span class='ocrx_word' id='word_1_524' title='bbox 1691 1206 1812 1246; x_wconf 77' lang='grc' dir='ltr'><strong><em>χριστὸν</em></strong></span> <span class='ocrx_word' id='word_1_525' title='bbox 1834 1207 2038 1238; x_wconf 86' lang='lat' dir='ltr'>incarnatum</span> <span class='ocrx_word' id='word_1_526' title='bbox 2051 1207 2137 1238; x_wconf 88' lang='lat' dir='ltr'>alius</span> 
     </span>
     <span class='ocr_line' id='line_1_79' title="bbox 1162 1248 2140 1287; baseline -0.001 -6"><span class='ocrx_word' id='word_1_527' title='bbox 1162 1250 1227 1281; x_wconf 90' lang='lat' dir='ltr'>alio</span> <span class='ocrx_word' id='word_1_528' title='bbox 1251 1248 1476 1280; x_wconf 75' lang='lat' dir='ltr'>manifestiore</span> <span class='ocrx_word' id='word_1_529' title='bbox 1489 1251 1529 1280; x_wconf 89' lang='lat' dir='ltr'>de</span> <span class='ocrx_word' id='word_1_530' title='bbox 1549 1249 1681 1280; x_wconf 80' lang='lat' dir='ltr'>Christo</span> <span class='ocrx_word' id='word_1_531' title='bbox 1706 1249 1923 1287; x_wconf 73' lang='lat' dir='ltr'>revelatione,</span> <span class='ocrx_word' id='word_1_532' title='bbox 1954 1251 2014 1280; x_wconf 89' lang='lat' dir='ltr'>sed</span> <span class='ocrx_word' id='word_1_533' title='bbox 2027 1260 2140 1280; x_wconf 88' lang='grc'><strong>01111165</strong></span> 
     </span>
     <span class='ocr_line' id='line_1_80' title="bbox 1162 1291 2140 1333; baseline 0 -10"><span class='ocrx_word' id='word_1_534' title='bbox 1162 1293 1227 1323; x_wconf 86' lang='lat' dir='ltr'>fide</span> <span class='ocrx_word' id='word_1_535' title='bbox 1252 1293 1401 1329; x_wconf 70' lang='lat' dir='ltr'>venturi,</span> <span class='ocrx_word' id='word_1_536' title='bbox 1436 1299 1502 1323; x_wconf 87' lang='lat' dir='ltr'>tum</span> <span class='ocrx_word' id='word_1_537' title='bbox 1526 1293 1565 1329; x_wconf 80' lang='lat' dir='ltr'>ii.</span> <span class='ocrx_word' id='word_1_538' title='bbox 1595 1293 1648 1333; x_wconf 88' lang='lat' dir='ltr'>qui</span> <span class='ocrx_word' id='word_1_539' title='bbox 1679 1298 1755 1333; x_wconf 83' lang='lat' dir='ltr'>post</span> <span class='ocrx_word' id='word_1_540' title='bbox 1779 1291 1945 1323; x_wconf 78' lang='lat' dir='ltr'>Christum</span> <span class='ocrx_word' id='word_1_541' title='bbox 1975 1293 2140 1324; x_wconf 84' lang='lat' dir='ltr'>iustificati</span> 
     </span>
     <span class='ocr_line' id='line_1_81' title="bbox 1163 1342 1248 1366; baseline -0.012 0"><span class='ocrx_word' id='word_1_542' title='bbox 1163 1342 1248 1366; x_wconf 90' lang='lat' dir='ltr'>sunt.</span> 
     </span>
    </p>
   </div>
   <div class='ocr_carea' id='block_1_24' title="bbox 1629 1426 1672 1457">
    <p class='ocr_par' dir='ltr' id='par_1_24' title="bbox 1629 1426 1672 1457">
     <span class='ocr_line' id='line_1_82' title="bbox 1629 1426 1672 1457; baseline 0 0"><span class='ocrx_word' id='word_1_543' title='bbox 1629 1426 1672 1457; x_wconf 90' lang='lat' dir='ltr'>X.</span> 
     </span>
    </p>
   </div>
   <div class='ocr_carea' id='block_1_25' title="bbox 1155 1494 2143 2419">
    <p class='ocr_par' dir='ltr' id='par_1_25' title="bbox 1155 1494 2143 2419">
     <span class='ocr_line' id='line_1_83' title="bbox 1246 1494 2143 1537; baseline 0.001 -11"><span class='ocrx_word' id='word_1_544' title='bbox 1246 1495 1430 1526; x_wconf 81' lang='lat' dir='ltr'>Familiaris</span> <span class='ocrx_word' id='word_1_545' title='bbox 1454 1494 1559 1525; x_wconf 79' lang='lat' dir='ltr'>Paulo</span> <span class='ocrx_word' id='word_1_546' title='bbox 1584 1501 1698 1536; x_wconf 85' lang='lat' dir='ltr'>tropus</span> <span class='ocrx_word' id='word_1_547' title='bbox 1723 1501 1788 1533; x_wconf 81' lang='lat' dir='ltr'>est,</span> <span class='ocrx_word' id='word_1_548' title='bbox 1818 1505 1856 1525; x_wconf 74' lang='lat' dir='ltr'>ex</span> <span class='ocrx_word' id='word_1_549' title='bbox 1877 1495 1940 1537; x_wconf 81' lang='lat' dir='ltr'>fide</span> <span class='ocrx_word' id='word_1_550' title='bbox 1968 1495 2143 1537; x_wconf 71' lang='lat' dir='ltr'>iustificari</span> 
     </span>
     <span class='ocr_line' id='line_1_84' title="bbox 1159 1536 2139 1579; baseline 0 -10"><span class='ocrx_word' id='word_1_551' title='bbox 1159 1548 1232 1576; x_wconf 81' lang='lat' dir='ltr'>nos.</span> <span class='ocrx_word' id='word_1_552' title='bbox 1257 1539 1345 1579; x_wconf 91' lang='lat' dir='ltr'>quod</span> <span class='ocrx_word' id='word_1_553' title='bbox 1368 1537 1469 1579; x_wconf 66' lang='lat' dir='ltr'>xnlgo</span> <span class='ocrx_word' id='word_1_554' title='bbox 1483 1538 1530 1568; x_wconf 86' lang='lat' dir='ltr'>sic</span> <span class='ocrx_word' id='word_1_555' title='bbox 1543 1536 1740 1579; x_wconf 83' lang='lat' dir='ltr'>intelligunt,</span> <span class='ocrx_word' id='word_1_556' title='bbox 1764 1538 1861 1569; x_wconf 84' lang='lat' dir='ltr'>fidem</span> <span class='ocrx_word' id='word_1_557' title='bbox 1874 1548 1950 1569; x_wconf 90' lang='lat' dir='ltr'>esse</span> <span class='ocrx_word' id='word_1_558' title='bbox 1963 1539 2139 1579; x_wconf 84' lang='lat' dir='ltr'>quoddam,</span> 
     </span>
     <span class='ocr_line' id='line_1_85' title="bbox 1160 1580 2138 1622; baseline -0.001 -10"><span class='ocrx_word' id='word_1_559' title='bbox 1160 1582 1247 1622; x_wconf 88' lang='lat' dir='ltr'>quod</span> <span class='ocrx_word' id='word_1_560' title='bbox 1279 1581 1441 1622; x_wconf 69' lang='lat' dir='ltr'>exigitur.</span> <span class='ocrx_word' id='word_1_561' title='bbox 1474 1587 1608 1621; x_wconf 87' lang='lat' dir='ltr'>praeter</span> <span class='ocrx_word' id='word_1_562' title='bbox 1635 1580 1763 1622; x_wconf 87' lang='lat' dir='ltr'>reliqua</span> <span class='ocrx_word' id='word_1_563' title='bbox 1797 1591 1908 1621; x_wconf 90' lang='lat' dir='ltr'>opera.</span> <span class='ocrx_word' id='word_1_564' title='bbox 1957 1580 2015 1611; x_wconf 86' lang='lat' dir='ltr'>Ut:</span> <span class='ocrx_word' id='word_1_565' title='bbox 2049 1580 2138 1612; x_wconf 85' lang='lat' dir='ltr'>esto!</span> 
     </span>
     <span class='ocr_line' id='line_1_86' title="bbox 1159 1622 2138 1665; baseline 0.001 -12"><span class='ocrx_word' id='word_1_566' title='bbox 1159 1623 1241 1654; x_wconf 89' lang='lat' dir='ltr'>Cato</span> <span class='ocrx_word' id='word_1_567' title='bbox 1276 1622 1372 1653; x_wconf 90' lang='lat' dir='ltr'>suerit</span> <span class='ocrx_word' id='word_1_568' title='bbox 1406 1633 1466 1663; x_wconf 86' lang='lat' dir='ltr'>per</span> <span class='ocrx_word' id='word_1_569' title='bbox 1497 1623 1604 1653; x_wconf 89' lang='lat' dir='ltr'>omnia</span> <span class='ocrx_word' id='word_1_570' title='bbox 1634 1624 1763 1665; x_wconf 83' lang='lat' dir='ltr'>integer</span> <span class='ocrx_word' id='word_1_571' title='bbox 1785 1634 1825 1654; x_wconf 88' lang='grc'>36</span> <span class='ocrx_word' id='word_1_572' title='bbox 1847 1624 1995 1664; x_wconf 69' lang='lat' dir='ltr'>probus,</span> <span class='ocrx_word' id='word_1_573' title='bbox 2030 1629 2138 1654; x_wconf 87' lang='lat' dir='ltr'>tamen</span> 
     </span>
     <span class='ocr_line' id='line_1_87' title="bbox 1159 1664 2138 1707; baseline 0 -11"><span class='ocrx_word' id='word_1_574' title='bbox 1159 1667 1234 1707; x_wconf 89' lang='lat' dir='ltr'>quia</span> <span class='ocrx_word' id='word_1_575' title='bbox 1257 1676 1323 1696; x_wconf 90' lang='lat' dir='ltr'>non</span> <span class='ocrx_word' id='word_1_576' title='bbox 1348 1666 1497 1703; x_wconf 85' lang='lat' dir='ltr'>credidit,</span> <span class='ocrx_word' id='word_1_577' title='bbox 1521 1675 1587 1696; x_wconf 90' lang='lat' dir='ltr'>non</span> <span class='ocrx_word' id='word_1_578' title='bbox 1610 1664 1669 1696; x_wconf 82' lang='lat' dir='ltr'>fuit</span> <span class='ocrx_word' id='word_1_579' title='bbox 1694 1667 1825 1697; x_wconf 88' lang='lat' dir='ltr'>omnino</span> <span class='ocrx_word' id='word_1_580' title='bbox 1855 1667 1961 1696; x_wconf 82' lang='lat' dir='ltr'>iustus</span> <span class='ocrx_word' id='word_1_581' title='bbox 1993 1672 2024 1696; x_wconf 87' lang='lat' dir='ltr'>et</span> <span class='ocrx_word' id='word_1_582' title='bbox 2044 1676 2138 1696; x_wconf 86' lang='lat' dir='ltr'>acce-</span> 
     </span>
     <span class='ocr_line' id='line_1_88' title="bbox 1157 1707 2137 1749; baseline 0.001 -11"><span class='ocrx_word' id='word_1_583' title='bbox 1157 1714 1233 1748; x_wconf 84' lang='lat' dir='ltr'>ptus</span> <span class='ocrx_word' id='word_1_584' title='bbox 1257 1708 1340 1738; x_wconf 92' lang='lat' dir='ltr'>Deo.</span> <span class='ocrx_word' id='word_1_585' title='bbox 1385 1707 1467 1738; x_wconf 90' lang='lat' dir='ltr'>Tale</span> <span class='ocrx_word' id='word_1_586' title='bbox 1490 1708 1644 1749; x_wconf 82' lang='lat' dir='ltr'>quiddam</span> <span class='ocrx_word' id='word_1_587' title='bbox 1668 1709 1708 1739; x_wconf 91' lang='lat' dir='ltr'>de</span> <span class='ocrx_word' id='word_1_588' title='bbox 1731 1708 1900 1739; x_wconf 89' lang='lat' dir='ltr'>Abraham</span> <span class='ocrx_word' id='word_1_589' title='bbox 1913 1714 1963 1739; x_wconf 87' lang='lat' dir='ltr'>est</span> <span class='ocrx_word' id='word_1_590' title='bbox 1986 1709 2073 1749; x_wconf 89' lang='lat' dir='ltr'>apud</span> <span class='ocrx_word' id='word_1_591' title='bbox 2095 1708 2137 1739; x_wconf 89' lang='lat' dir='ltr'>D.</span> 
     </span>
     <span class='ocr_line' id='line_1_89' title="bbox 1158 1750 2139 1792; baseline 0.001 -12"><span class='ocrx_word' id='word_1_592' title='bbox 1158 1750 1402 1791; x_wconf 57' lang='lat' dir='ltr'>Hieronymum.</span> <span class='ocrx_word' id='word_1_593' title='bbox 1449 1750 1516 1781; x_wconf 87' lang='lat' dir='ltr'>Sed</span> <span class='ocrx_word' id='word_1_594' title='bbox 1539 1750 1607 1780; x_wconf 90' lang='lat' dir='ltr'>hoc</span> <span class='ocrx_word' id='word_1_595' title='bbox 1632 1750 1731 1792; x_wconf 82' lang='lat' dir='ltr'>longe</span> <span class='ocrx_word' id='word_1_596' title='bbox 1762 1751 1831 1782; x_wconf 91' lang='lat' dir='ltr'>falli</span> <span class='ocrx_word' id='word_1_597' title='bbox 1862 1757 2002 1781; x_wconf 88' lang='lat' dir='ltr'>constat.</span> <span class='ocrx_word' id='word_1_598' title='bbox 2047 1750 2139 1781; x_wconf 90' lang='lat' dir='ltr'>Haec</span> 
     </span>
     <span class='ocr_line' id='line_1_90' title="bbox 1156 1792 2138 1830; baseline -0.002 -7"><span class='ocrx_word' id='word_1_599' title='bbox 1156 1802 1237 1823; x_wconf 85' lang='lat' dir='ltr'>vero</span> <span class='ocrx_word' id='word_1_600' title='bbox 1261 1793 1423 1823; x_wconf 88' lang='lat' dir='ltr'>sententia</span> <span class='ocrx_word' id='word_1_601' title='bbox 1445 1792 1539 1824; x_wconf 90' lang='lat' dir='ltr'>Pauli</span> <span class='ocrx_word' id='word_1_602' title='bbox 1563 1799 1630 1823; x_wconf 89' lang='lat' dir='ltr'>est:</span> <span class='ocrx_word' id='word_1_603' title='bbox 1656 1793 1711 1823; x_wconf 68' lang='lat' dir='ltr'>Em</span> <span class='ocrx_word' id='word_1_604' title='bbox 1729 1793 1838 1822; x_wconf 89' lang='lat' dir='ltr'>FIDE</span> <span class='ocrx_word' id='word_1_605' title='bbox 1854 1792 2138 1830; x_wconf 77' lang='lat' dir='ltr'><em>1USTIFICARI,</em></span> 
     </span>
     <span class='ocr_line' id='line_1_91' title="bbox 1157 1834 2138 1876; baseline 0.001 -11"><span class='ocrx_word' id='word_1_606' title='bbox 1157 1836 1189 1865; x_wconf 93' lang='lat' dir='ltr'>id</span> <span class='ocrx_word' id='word_1_607' title='bbox 1214 1841 1285 1872; x_wconf 90' lang='lat' dir='ltr'>est,</span> <span class='ocrx_word' id='word_1_608' title='bbox 1315 1834 1440 1865; x_wconf 88' lang='lat' dir='ltr'>nullum</span> <span class='ocrx_word' id='word_1_609' title='bbox 1466 1845 1548 1876; x_wconf 89' lang='lat' dir='ltr'>opus</span> <span class='ocrx_word' id='word_1_610' title='bbox 1574 1840 1639 1865; x_wconf 89' lang='lat' dir='ltr'>tam</span> <span class='ocrx_word' id='word_1_611' title='bbox 1663 1836 1806 1873; x_wconf 73' lang='lat' dir='ltr'>bonum,</span> <span class='ocrx_word' id='word_1_612' title='bbox 1840 1842 1906 1866; x_wconf 86' lang='lat' dir='ltr'>tam</span> <span class='ocrx_word' id='word_1_613' title='bbox 1929 1835 2138 1876; x_wconf 89' lang='lat' dir='ltr'>splendidum</span> 
     </span>
     <span class='ocr_line' id='line_1_92' title="bbox 1158 1877 2139 1919; baseline 0 -12"><span class='ocrx_word' id='word_1_614' title='bbox 1158 1887 1245 1914; x_wconf 84' lang='lat' dir='ltr'>esse,</span> <span class='ocrx_word' id='word_1_615' title='bbox 1269 1878 1356 1918; x_wconf 90' lang='lat' dir='ltr'>quod</span> <span class='ocrx_word' id='word_1_616' title='bbox 1380 1877 1517 1908; x_wconf 75' lang='lat' dir='ltr'>affectus</span> <span class='ocrx_word' id='word_1_617' title='bbox 1541 1879 1702 1919; x_wconf 83' lang='lat' dir='ltr'>genuinos</span> <span class='ocrx_word' id='word_1_618' title='bbox 1732 1884 1858 1909; x_wconf 87' lang='lat' dir='ltr'>mutare</span> <span class='ocrx_word' id='word_1_619' title='bbox 1882 1884 1992 1919; x_wconf 81' lang='lat' dir='ltr'>queat,</span> <span class='ocrx_word' id='word_1_620' title='bbox 2015 1878 2076 1908; x_wconf 89' lang='lat' dir='ltr'>sed</span> <span class='ocrx_word' id='word_1_621' title='bbox 2099 1887 2139 1908; x_wconf 89' lang='lat' dir='ltr'>eo</span> 
     </span>
     <span class='ocr_line' id='line_1_93' title="bbox 1157 1919 2139 1961; baseline 0 -11"><span class='ocrx_word' id='word_1_622' title='bbox 1157 1921 1249 1960; x_wconf 80' lang='lat' dir='ltr'>ipso,</span> <span class='ocrx_word' id='word_1_623' title='bbox 1278 1921 1366 1961; x_wconf 91' lang='lat' dir='ltr'>quod</span> <span class='ocrx_word' id='word_1_624' title='bbox 1406 1920 1585 1958; x_wconf 80' lang='lat' dir='ltr'>credimus,</span> <span class='ocrx_word' id='word_1_625' title='bbox 1616 1919 1781 1951; x_wconf 79' lang='lat' dir='ltr'>Christum</span> <span class='ocrx_word' id='word_1_626' title='bbox 1812 1927 1961 1951; x_wconf 90' lang='lat' dir='ltr'>autorem</span> <span class='ocrx_word' id='word_1_627' title='bbox 1996 1920 2139 1950; x_wconf 87' lang='lat' dir='ltr'>iustitiae</span> 
     </span>
     <span class='ocr_line' id='line_1_94' title="bbox 1157 1961 2139 2003; baseline 0 -11"><span class='ocrx_word' id='word_1_628' title='bbox 1157 1968 1313 2000; x_wconf 89' lang='lat' dir='ltr'>nostrae,</span> <span class='ocrx_word' id='word_1_629' title='bbox 1345 1968 1376 1993; x_wconf 93' lang='lat' dir='ltr'>et</span> <span class='ocrx_word' id='word_1_630' title='bbox 1401 1961 1613 2002; x_wconf 87' lang='lat' dir='ltr'>imploramus</span> <span class='ocrx_word' id='word_1_631' title='bbox 1636 1973 1755 1993; x_wconf 90' lang='lat' dir='ltr'>nomen</span> <span class='ocrx_word' id='word_1_632' title='bbox 1779 1964 1849 1994; x_wconf 90' lang='lat' dir='ltr'>eius</span> <span class='ocrx_word' id='word_1_633' title='bbox 1863 1986 1872 2001; x_wconf 92' lang='lat'>,</span> <span class='ocrx_word' id='word_1_634' title='bbox 1905 1963 1976 2003; x_wconf 90' lang='lat' dir='ltr'>ipse</span> <span class='ocrx_word' id='word_1_635' title='bbox 1999 1963 2139 1993; x_wconf 89' lang='lat' dir='ltr'>subinde</span> 
     </span>
     <span class='ocr_line' id='line_1_95' title="bbox 1157 2005 2138 2046; baseline 0 -11"><span class='ocrx_word' id='word_1_636' title='bbox 1157 2015 1264 2035; x_wconf 83' lang='lat' dir='ltr'>novos</span> <span class='ocrx_word' id='word_1_637' title='bbox 1288 2005 1425 2036; x_wconf 91' lang='lat' dir='ltr'>affectus</span> <span class='ocrx_word' id='word_1_638' title='bbox 1448 2006 1651 2045; x_wconf 84' lang='lat' dir='ltr'>suppeditat,</span> <span class='ocrx_word' id='word_1_639' title='bbox 1674 2005 1757 2037; x_wconf 90' lang='lat' dir='ltr'>fides</span> <span class='ocrx_word' id='word_1_640' title='bbox 1782 2005 1967 2046; x_wconf 86' lang='lat' dir='ltr'>compellit,</span> <span class='ocrx_word' id='word_1_641' title='bbox 1990 2011 2025 2036; x_wconf 92' lang='lat' dir='ltr'>ut</span> <span class='ocrx_word' id='word_1_642' title='bbox 2047 2006 2138 2036; x_wconf 75' lang='lat' dir='ltr'>invo-</span> 
     </span>
     <span class='ocr_line' id='line_1_96' title="bbox 1159 2047 2139 2089; baseline 0.001 -12"><span class='ocrx_word' id='word_1_643' title='bbox 1159 2057 1281 2078; x_wconf 84' lang='lat' dir='ltr'>cemus.</span> <span class='ocrx_word' id='word_1_644' title='bbox 1339 2047 1508 2078; x_wconf 79' lang='lat' dir='ltr'>Invoeatio</span> <span class='ocrx_word' id='word_1_645' title='bbox 1540 2050 1691 2088; x_wconf 86' lang='lat' dir='ltr'>impetrat</span> <span class='ocrx_word' id='word_1_646' title='bbox 1727 2048 1904 2085; x_wconf 60' lang='lat' dir='ltr'>auxilium,</span> <span class='ocrx_word' id='word_1_647' title='bbox 1944 2058 2011 2078; x_wconf 90' lang='lat' dir='ltr'>non</span> <span class='ocrx_word' id='word_1_648' title='bbox 2053 2048 2139 2089; x_wconf 78' lang='lat' dir='ltr'>qnod</span> 
     </span>
     <span class='ocr_line' id='line_1_97' title="bbox 1155 2090 2137 2131; baseline 0.001 -11"><span class='ocrx_word' id='word_1_649' title='bbox 1155 2091 1287 2130; x_wconf 67' lang='lat' dir='ltr'>gratiae</span> <span class='ocrx_word' id='word_1_650' title='bbox 1306 2100 1392 2130; x_wconf 79' lang='lat' dir='ltr'>pars</span> <span class='ocrx_word' id='word_1_651' title='bbox 1409 2099 1473 2121; x_wconf 76' lang='lat' dir='ltr'>non</span> <span class='ocrx_word' id='word_1_652' title='bbox 1491 2091 1534 2121; x_wconf 77' lang='lat' dir='ltr'>sit</span> <span class='ocrx_word' id='word_1_653' title='bbox 1557 2097 1588 2121; x_wconf 90' lang='lat' dir='ltr'>et</span> <span class='ocrx_word' id='word_1_654' title='bbox 1612 2091 1706 2128; x_wconf 77' lang='lat' dir='ltr'>fides,</span> <span class='ocrx_word' id='word_1_655' title='bbox 1729 2091 1789 2122; x_wconf 89' lang='lat' dir='ltr'>sed</span> <span class='ocrx_word' id='word_1_656' title='bbox 1812 2092 1901 2131; x_wconf 94' lang='lat' dir='ltr'>quod</span> <span class='ocrx_word' id='word_1_657' title='bbox 1914 2090 1997 2121; x_wconf 86' lang='lat' dir='ltr'>fides</span> <span class='ocrx_word' id='word_1_658' title='bbox 2010 2097 2061 2122; x_wconf 88' lang='lat' dir='ltr'>est</span> <span class='ocrx_word' id='word_1_659' title='bbox 2072 2091 2137 2131; x_wconf 90' lang='lat' dir='ltr'>pri-</span> 
     </span>
     <span class='ocr_line' id='line_1_98' title="bbox 1158 2132 2138 2174; baseline 0.001 -11"><span class='ocrx_word' id='word_1_660' title='bbox 1158 2143 1244 2163; x_wconf 89' lang='lat' dir='ltr'>mum</span> <span class='ocrx_word' id='word_1_661' title='bbox 1268 2133 1394 2174; x_wconf 81' lang='lat' dir='ltr'>gratiae</span> <span class='ocrx_word' id='word_1_662' title='bbox 1416 2132 1634 2170; x_wconf 80' lang='lat' dir='ltr'>beneficium,</span> <span class='ocrx_word' id='word_1_663' title='bbox 1665 2139 1697 2164; x_wconf 87' lang='lat' dir='ltr'>et</span> <span class='ocrx_word' id='word_1_664' title='bbox 1725 2133 1913 2164; x_wconf 88' lang='lat' dir='ltr'>iustificatio</span> <span class='ocrx_word' id='word_1_665' title='bbox 1942 2143 2010 2164; x_wconf 88' lang='lat' dir='ltr'>non</span> <span class='ocrx_word' id='word_1_666' title='bbox 2034 2132 2138 2164; x_wconf 85' lang='lat' dir='ltr'>semel</span> 
     </span>
     <span class='ocr_line' id='line_1_99' title="bbox 1158 2175 2137 2213; baseline 0 -7"><span class='ocrx_word' id='word_1_667' title='bbox 1158 2181 1227 2206; x_wconf 87' lang='lat' dir='ltr'>tota</span> <span class='ocrx_word' id='word_1_668' title='bbox 1250 2176 1283 2206; x_wconf 88' lang='lat' dir='ltr'>in</span> <span class='ocrx_word' id='word_1_669' title='bbox 1305 2176 1402 2206; x_wconf 87' lang='lat' dir='ltr'>nobis</span> <span class='ocrx_word' id='word_1_670' title='bbox 1427 2175 1630 2213; x_wconf 83' lang='lat' dir='ltr'>absolvitur,</span> <span class='ocrx_word' id='word_1_671' title='bbox 1660 2177 1720 2207; x_wconf 87' lang='lat' dir='ltr'>sed</span> <span class='ocrx_word' id='word_1_672' title='bbox 1745 2176 1885 2207; x_wconf 88' lang='lat' dir='ltr'>subinde</span> <span class='ocrx_word' id='word_1_673' title='bbox 1908 2175 2046 2207; x_wconf 88' lang='lat' dir='ltr'>affectus</span> <span class='ocrx_word' id='word_1_674' title='bbox 2068 2186 2137 2206; x_wconf 91' lang='lat' dir='ltr'>mu-</span> 
     </span>
     <span class='ocr_line' id='line_1_100' title="bbox 1158 2218 2137 2260; baseline 0.001 -12"><span class='ocrx_word' id='word_1_675' title='bbox 1158 2224 1268 2249; x_wconf 86' lang='lat' dir='ltr'>tantur</span> <span class='ocrx_word' id='word_1_676' title='bbox 1291 2224 1322 2249; x_wconf 88' lang='lat' dir='ltr'>et</span> <span class='ocrx_word' id='word_1_677' title='bbox 1343 2224 1537 2260; x_wconf 83' lang='lat' dir='ltr'>purgantur.</span> <span class='ocrx_word' id='word_1_678' title='bbox 1583 2218 1632 2249; x_wconf 86' lang='lat' dir='ltr'>lta</span> <span class='ocrx_word' id='word_1_679' title='bbox 1655 2218 1781 2249; x_wconf 88' lang='lat' dir='ltr'>nullum</span> <span class='ocrx_word' id='word_1_680' title='bbox 1804 2228 1888 2259; x_wconf 88' lang='lat' dir='ltr'>opus</span> <span class='ocrx_word' id='word_1_681' title='bbox 1920 2224 2044 2249; x_wconf 84' lang='lat' dir='ltr'>tantum</span> <span class='ocrx_word' id='word_1_682' title='bbox 2075 2225 2137 2255; x_wconf 81' lang='lat' dir='ltr'>est,</span> 
     </span>
     <span class='ocr_line' id='line_1_101' title="bbox 1158 2261 2137 2302; baseline -0.001 -11"><span class='ocrx_word' id='word_1_683' title='bbox 1158 2270 1223 2301; x_wconf 89' lang='lat' dir='ltr'>quo</span> <span class='ocrx_word' id='word_1_684' title='bbox 1246 2270 1336 2291; x_wconf 90' lang='lat' dir='ltr'>mors</span> <span class='ocrx_word' id='word_1_685' title='bbox 1359 2262 1445 2292; x_wconf 79' lang='lat' dir='ltr'>vinci</span> <span class='ocrx_word' id='word_1_686' title='bbox 1468 2261 1586 2301; x_wconf 87' lang='lat' dir='ltr'>possit,</span> <span class='ocrx_word' id='word_1_687' title='bbox 1610 2266 1708 2302; x_wconf 90' lang='lat' dir='ltr'>atque</span> <span class='ocrx_word' id='word_1_688' title='bbox 1731 2262 1815 2292; x_wconf 91' lang='lat' dir='ltr'>adeo</span> <span class='ocrx_word' id='word_1_689' title='bbox 1839 2271 1904 2302; x_wconf 88' lang='lat' dir='ltr'>quo</span> <span class='ocrx_word' id='word_1_690' title='bbox 1928 2262 2019 2292; x_wconf 84' lang='lat' dir='ltr'>beari</span> <span class='ocrx_word' id='word_1_691' title='bbox 2029 2262 2137 2301; x_wconf 90' lang='lat' dir='ltr'>possi-</span> 
     </span>
     <span class='ocr_line' id='line_1_102' title="bbox 1157 2303 2136 2344; baseline 0 -11"><span class='ocrx_word' id='word_1_692' title='bbox 1157 2313 1240 2333; x_wconf 90' lang='lat' dir='ltr'>mus.</span> <span class='ocrx_word' id='word_1_693' title='bbox 1286 2303 1429 2334; x_wconf 89' lang='lat' dir='ltr'>Proinde</span> <span class='ocrx_word' id='word_1_694' title='bbox 1452 2304 1516 2333; x_wconf 91' lang='lat' dir='ltr'>fide</span> <span class='ocrx_word' id='word_1_695' title='bbox 1540 2304 1686 2340; x_wconf 88' lang='lat' dir='ltr'>beamur,</span> <span class='ocrx_word' id='word_1_696' title='bbox 1709 2303 1774 2334; x_wconf 91' lang='grc'><strong>1106</strong></span> <span class='ocrx_word' id='word_1_697' title='bbox 1797 2310 1864 2341; x_wconf 78' lang='lat' dir='ltr'>est,</span> <span class='ocrx_word' id='word_1_698' title='bbox 1894 2304 1970 2344; x_wconf 87' lang='lat' dir='ltr'>quia</span> <span class='ocrx_word' id='word_1_699' title='bbox 1994 2304 2136 2334; x_wconf 85' lang='lat' dir='ltr'>creditur</span> 
     </span>
     <span class='ocr_line' id='line_1_103' title="bbox 1158 2344 2135 2386; baseline 0 -11"><span class='ocrx_word' id='word_1_700' title='bbox 1158 2345 1308 2382; x_wconf 61' lang='lat' dir='ltr'>Chi-isto,</span> <span class='ocrx_word' id='word_1_701' title='bbox 1343 2346 1420 2386; x_wconf 89' lang='lat' dir='ltr'>quia</span> <span class='ocrx_word' id='word_1_702' title='bbox 1441 2347 1474 2376; x_wconf 91' lang='lat' dir='ltr'>in</span> <span class='ocrx_word' id='word_1_703' title='bbox 1496 2346 1603 2386; x_wconf 87' lang='lat' dir='ltr'>ipsum</span> <span class='ocrx_word' id='word_1_704' title='bbox 1626 2355 1687 2376; x_wconf 92' lang='lat' dir='ltr'>nos</span> <span class='ocrx_word' id='word_1_705' title='bbox 1721 2347 1912 2382; x_wconf 86' lang='grc'><strong>161661111115,</strong></span> <span class='ocrx_word' id='word_1_706' title='bbox 1939 2347 2010 2386; x_wconf 90' lang='lat' dir='ltr'>ipse</span> <span class='ocrx_word' id='word_1_707' title='bbox 2032 2344 2135 2376; x_wconf 92' lang='lat' dir='ltr'>inelu-</span> 
     </span>
     <span class='ocr_line' id='line_1_104' title="bbox 1160 2387 1915 2419; baseline 0.001 -1"><span class='ocrx_word' id='word_1_708' title='bbox 1160 2387 1312 2419; x_wconf 88' lang='lat' dir='ltr'>ctabilem</span> <span class='ocrx_word' id='word_1_709' title='bbox 1335 2389 1401 2419; x_wconf 79' lang='lat' dir='ltr'>vim</span> <span class='ocrx_word' id='word_1_710' title='bbox 1423 2389 1538 2419; x_wconf 85' lang='lat' dir='ltr'>mortis</span> <span class='ocrx_word' id='word_1_711' title='bbox 1562 2388 1713 2419; x_wconf 89' lang='lat' dir='ltr'>interimit</span> <span class='ocrx_word' id='word_1_712' title='bbox 1737 2394 1769 2419; x_wconf 84' lang='lat' dir='ltr'>et</span> <span class='ocrx_word' id='word_1_713' title='bbox 1792 2394 1915 2419; x_wconf 88' lang='lat' dir='ltr'>enecat.</span> 
     </span>
    </p>
   </div>
   <div class='ocr_carea' id='block_1_26' title="bbox 1161 2490 1361 2494">
    <p class='ocr_par' dir='ltr' id='par_1_26' title="bbox 1161 2490 1361 2494">
     <span class='ocr_line' id='line_1_105' title="bbox 1161 2490 1361 2494; baseline 0 0"><span class='ocrx_word' id='word_1_714' title='bbox 1161 2490 1361 2494; x_wconf 95' lang='lat' dir='ltr'> </span> 
     </span>
    </p>
   </div>
   <div class='ocr_carea' id='block_1_27' title="bbox 1186 2548 1815 2624">
    <p class='ocr_par' dir='ltr' id='par_1_27' title="bbox 1186 2548 1815 2624">
     <span class='ocr_line' id='line_1_106' title="bbox 1186 2548 1815 2580; baseline -0.002 -6"><span class='ocrx_word' id='word_1_715' title='bbox 1186 2550 1214 2579; x_wconf 87' lang='lat'>7)</span> <span class='ocrx_word' id='word_1_716' title='bbox 1233 2549 1286 2580; x_wconf 85' lang='lat' dir='ltr'>qui]</span> <span class='ocrx_word' id='word_1_717' title='bbox 1306 2549 1342 2574; x_wconf 87' lang='lat' dir='ltr'>sic</span> <span class='ocrx_word' id='word_1_718' title='bbox 1360 2549 1402 2574; x_wconf 85' lang='lat' dir='ltr'>Ed.</span> <span class='ocrx_word' id='word_1_719' title='bbox 1422 2554 1473 2579; x_wconf 84' lang='lat' dir='ltr'>pr.;</span> <span class='ocrx_word' id='word_1_720' title='bbox 1492 2549 1575 2574; x_wconf 65' lang='lat' dir='ltr'>Strob.</span> <span class='ocrx_word' id='word_1_721' title='bbox 1594 2552 1620 2574; x_wconf 83' lang='lat' dir='ltr'>et</span> <span class='ocrx_word' id='word_1_722' title='bbox 1638 2548 1730 2574; x_wconf 60' lang='lat' dir='ltr'>Primi:</span> <span class='ocrx_word' id='word_1_723' title='bbox 1749 2549 1815 2579; x_wconf 84' lang='lat' dir='ltr'>quia.</span> 
     </span>
     <span class='ocr_line' id='line_1_107' title="bbox 1775 2597 1813 2624; baseline 0 -12"><span class='ocrx_word' id='word_1_724' title='bbox 1775 2597 1813 2624; x_wconf 60' lang='lat'>4⁸</span> 
     </span>
    </p>
   </div>
  </div>
 </body>
</html>
