2358 2933
93 101 157 133 793

95 196 179 226 enim
202 194 286 224 haec
309 193 436 223 infirma
458 199 575 222 natura
597 202 664 222 non
686 190 869 221 satisfaciat
891 190 974 231 Legi
992 189 1068 225 Dei,
1089 192 1091 200 '

93 236 164 268 vult
197 236 290 266 Deus
320 241 454 275 propter
484 233 587 265 filium
620 243 682 264 nos
715 234 863 273 recipere
893 238 923 262 et
958 231 1069 262 facere

92 278 254 309 haeredes
277 278 364 308 vitae
386 282 557 313 aeternae,
595 275 660 306 hoc
682 275 717 306 fit
740 275 816 306 fide.
859 274 901 304 Et
924 285 998 305 cum
1021 284 1070 304 re-

94 322 242 361 cipimur,
277 318 450 350 inchoatur
483 329 571 349 nova
603 317 658 348 lux
693 323 725 348 et
758 317 954 354 obedientia,
984 326 1069 356 quae

94 362 247 404 congruit
266 372 339 392 cum
362 361 453 402 Lege
464 361 538 392 Dei.
560 360 603 390 Et
626 369 811 400 quanquam
833 359 918 389 haec
936 358 1069 389 inchoa-

93 406 136 435 tio
182 414 247 434 non
280 402 440 433 satisfacit
474 404 557 444 Legi
588 402 667 439 Dei,
711 408 820 432 tamen
854 400 962 441 placet
995 400 1069 431 Deo

92 453 227 487 propter
260 445 497 482 Mediatorem,
530 451 565 475 ut
599 454 699 484 saepe
733 444 855 474 dictum
889 449 948 474 est.
1013 443 1069 473 Sic

93 494 224 529 oportet
245 489 370 518 servari
393 489 545 518 mandata
567 486 647 523 Dei,
671 492 701 516 et
725 487 756 516 in
780 486 916 516 eandem
939 492 1070 516 senten-

92 532 169 561 tiam
186 531 290 571 inquit
312 529 436 561 Paulus
461 530 567 568 [Rom.
585 528 616 567 3,
634 528 716 566 31.]:
741 528 864 568 Legem
887 527 1069 558 stabilimus

92 583 152 613 per
174 573 282 610 fidem,
316 573 346 603 id
371 579 440 609 est,
470 582 543 602 cum
565 580 679 601 sumus
700 570 764 601 fide
787 571 900 600 inserti
925 570 1069 607 Christo,

93 616 156 646 iam
178 614 287 655 placet
309 615 492 646 obedientia
515 620 545 644 et
569 612 742 643 inchoatur
765 611 896 643 dilectio
920 612 994 643 Dei.

180 657 340 688 Omnibus
374 667 454 698 ergo
490 656 585 686 dictis
618 655 717 695 Legis
747 655 831 685 adde
853 654 1068 696 Evangelium

95 699 220 737 [Matth.
245 699 296 735 19.
324 700 406 737 17.];
451 699 487 728 Si
520 699 571 728 vis
606 698 733 739 ingredi
766 698 798 727 in
831 698 949 734 vitam,
972 707 1070 727 serva

94 741 257 776 mandata,
281 741 408 772 scilicet.
430 742 520 771 iuxta
542 750 659 770 vocem
682 739 870 780 Evangelii,
899 750 959 770 seu
981 742 1070 769 ἐπιεί-

93 796 184 822 κειαν,
207 794 304 824 quam
327 784 416 814 addit
438 781 670 823 Evangelium:
698 782 773 812 Non
795 788 891 822 potes
913 782 1070 813 inchoare

94 825 301 857 dilectionem
325 827 395 856 sine
417 826 584 866 agnitione
607 824 727 855 Christi
747 831 776 855 et
791 825 913 865 Spiritu
936 830 1071 860 sancto,

93 868 164 899 Nec
182 867 291 909 placet
314 868 517 905 obedientia,
562 868 636 907 quia
661 866 744 907 Legi
778 866 976 904 satisfaciat,
1011 867 1072 896 sed

93 917 226 951 propter
247 910 480 946 Mediatorem‚
503 915 535 939 et
557 915 666 939 tamen
689 909 837 939 inchoari
860 919 930 939 eam
954 919 1071 939 neces-

93 963 131 983 se
154 959 216 989 est,
239 953 324 982 sicut
348 953 423 983 dicit
442 950 566 981 Paulus
591 952 633 988 [2.
654 950 731 982 Cor.
751 952 782 988 5,
805 952 869 989 2.]:
916 952 1071 991 Superin-

94 995 239 1032 duemur,
261 996 289 1024 si
312 1001 420 1025 tamen
445 1004 511 1024 non
534 994 610 1023 nudi
634 995 840 1033 reperiemur
886 993 966 1024 Item
979 994 1071 1024 Chri-

94 1043 166 1068 stus
189 1037 291 1077 inquit
316 1036 444 1073 matth,
468 1036 500 1073 5,
524 1036 613 1073 204:
636 1035 708 1065 Nisi
729 1036 946 1066 abundaverit
963 1037 1001 1068 Η)
1026 1036 1071 1065 iu-

96 1080 183 1110 stitia
211 1085 323 1109 vestra
356 1089 457 1119 supra
489 1079 646 1109 iustitiam
680 1079 865 1108 scribarum
898 1084 930 1108 et
957 1077 1072 1108 Phari-

93 1131 257 1158 saeorum,
280 1131 347 1150 non
369 1121 532 1151 intrabitis
554 1121 588 1150 in
611 1130 748 1161 regnum
773 1119 952 1151 coelorum.
986 1119 1072 1150 Pha-

93 1164 190 1202 risaei
231 1164 395 1194 docebant
435 1169 603 1193 externam
643 1161 866 1202 disciplinam;
902 1162 969 1192 Sed
1005 1173 1072 1192 vox

92 1205 278 1247 Evangelii,
313 1215 397 1245 quae
432 1206 472 1235 de
504 1206 704 1245 poenitentia
738 1205 962 1241 concionatur,
996 1203 1071 1244 plns

94 1249 237 1288 requirit.
283 1247 438 1277 Abundat
459 1248 559 1288 igitur
581 1257 641 1277 seu
664 1245 831 1277 antecellit
860 1247 981 1276 iustitia
1002 1247 1071 1286 pio-

92 1301 166 1321 rum
187 1289 238 1320 his
261 1299 321 1319 sex
343 1290 454 1326 rebus,
488 1290 698 1329 poenitentia,
732 1288 806 1325 fide,
830 1289 975 1319 novitate
999 1288 1072 1328 Spi-

92 1333 193 1369 ritus,
228 1342 309 1362 vera
331 1332 557 1368 invocatione,
592 1332 805 1362 successibus
828 1332 861 1362 in
884 1332 1070 1367 vocatione,

93 1380 125 1405 et
157 1374 370 1414 repressione
392 1372 537 1404 Diaboli.
581 1373 666 1403 Nam
687 1372 744 1403 illa
766 1384 855 1404 nova
876 1372 933 1404 limv
952 1380 1002 1404 est
1024 1375 1071 1404 in-

93 1416 225 1447 choatio
259 1417 344 1446 vitae
377 1421 548 1452 aeternae,
571 1425 656 1456 quae
680 1422 732 1446 est
755 1422 786 1446 et
809 1417 869 1446 erit
892 1415 968 1446 talis
991 1417 1068 1453 vita,

92 1457 168 1489 talis
188 1459 347 1498 sapientia
370 1464 400 1488 et
424 1459 561 1494 iustitia,
597 1458 726 1498 qualem
748 1458 819 1489 Lex
841 1458 1000 1498 postulat,
1024 1459 1070 1489 vi-

92 1500 210 1532 delicet
243 1499 383 1531 illustris
411 1501 531 1541 agnitio
554 1500 619 1530 Dei
642 1507 675 1531 et
698 1512 781 1541 pura
803 1500 944 1532 dilectio.
991 1500 1069 1531 Ideo

93 1544 211 1574 dicitur
233 1542 346 1573 Ierem.
370 1542 421 1573 31.
447 1544 510 1580 [VS.
533 1542 598 1580 33.)
640 1543 738 1574 Dabo
762 1543 888 1584 Legem
911 1553 1016 1574 meam
1038 1544 1071 1573 in

94 1586 196 1616 corda
219 1595 350 1625 eorum,
374 1586 406 1615 id
430 1592 499 1622 est,
523 1586 707 1616 accendam
729 1584 836 1616 lucem
862 1592 894 1616 et
917 1586 1071 1616 obedien-

92 1628 169 1659 tiam
191 1638 304 1658 veram
327 1629 360 1658 in
382 1626 568 1665 salvandiS,
596 1638 680 1669 quae
704 1629 763 1659 erit
785 1634 921 1659 aeterna
944 1629 1072 1669 sapien-

92 1671 136 1701 tia
154 1676 188 1700 et
209 1671 340 1701 iustitia.

362 1762 566 1794 Decimum
603 1764 798 1803 quintum.

177 1838 351 1875 Remittite‚
377 1845 410 1869 et
433 1840 613 1870 remittetur
631 1841 739 1877 vobis,

175 1881 267 1923 Ergo
290 1888 406 1912 nostra
430 1882 627 1912 condonatio
652 1888 794 1913 meretur
817 1883 1052 1913 remissionem.

176 1923 395 1965 Respondeo:
440 1924 530 1955 Haec
559 1925 721 1955 sententia
745 1930 795 1955 est
818 1925 935 1956 concio
958 1926 1070 1965 poeni-

90 1967 219 2003 tentiae,
243 1965 360 2007 quales
379 1965 540 2007 plurimae
563 1973 637 1998 sunt
663 1968 694 1997 in
719 1966 906 2007 Prophetis.
951 1968 1013 1998 les.
1041 1968 1069 1998 l.

90 2011 174 2046 [vss.
200 2009 250 2039 16.
282 2008 344 2047 18.]
369 2008 520 2039 Desinite
551 2008 767 2046 malefacere:
790 2010 818 2040 si
847 2017 987 2049 peccata
1015 2021 1070 2041 ve-

90 2057 160 2081 stra
201 2057 315 2081 essent
354 2058 389 2081 ut
429 2052 611 2089 coccinum,
648 2053 736 2082 eritis
771 2053 900 2083 candidi
934 2059 968 2083 ut
1003 2053 1068 2083 nix.

90 2093 168 2124 Item
193 2093 253 2124 les.
278 2093 330 2124 58.
355 2096 418 2130 [vs.
433 2094 477 2133 7.]
502 2093 633 2135 Frange
656 2096 811 2126 esurienti
833 2105 950 2135 panem
969 2101 1069 2133 tuum,

90 2141 122 2166 et
145 2134 251 2177 gloria
281 2134 413 2166 Domini
448 2134 584 2177 colliget
607 2143 648 2167 te.
694 2137 763 2168 Hae
788 2144 820 2169 et
843 2136 967 2168 similes
992 2148 1069 2169 con-

89 2178 203 2209 ciones
236 2179 357 2219 ubique
393 2179 562 2209 continent
597 2180 679 2210 duas
708 2186 836 2220 partes:
878 2179 995 2211 Altera
1018 2187 1069 2211 est

90 2230 155 2251 vox
177 2222 346 2261 praecepti
369 2222 504 2259 iubens,
538 2227 573 2252 ut
599 2232 661 2252 nos
685 2224 907 2254 emendemus.
952 2222 1068 2254 Altera

91 2269 142 2294 est
164 2264 342 2303 promissio
362 2264 564 2294 remissionis
586 2271 810 2305 peccatorum.
855 2265 923 2296 lam
945 2266 986 2296 de
1004 2265 1067 2297 hac

89 2306 310 2345 promissione
338 2306 509 2336 audiamus
532 2306 759 2349 Evangelium.
804 2308 879 2339 Non
913 2309 990 2339 dicit
1022 2309 1067 2339 le-

89 2349 196 2378 saias:
220 2347 372 2379 Desinite
394 2359 498 2389 prava
522 2348 643 2386 facere,
667 2356 801 2390 propter
823 2357 954 2381 vestras
967 2352 1068 2382 virtu-

90 2395 140 2421 tes
175 2391 303 2422 dabitur
337 2391 498 2422 remissio.
555 2391 622 2422 Imo
657 2391 720 2422 alio
754 2391 829 2424 loco
865 2393 933 2432 [53‚
957 2394 1001 2432 4.]
1027 2393 1067 2424 de

92 2526 135 2555 14)
156 2527 333 2557 abundaverit]
354 2528 426 2552 Editt.
452 2529 537 2551 1—14.
562 2528 598 2551 12³.
617 2528 768 2557 abundabit:
796 2529 837 2553 Ed.
861 2530 898 2552 15.
928 2530 1068 2555 abundavit

559 99 582 129 1.
605 98 708 130 LOCI
731 97 1009 129 THEOLOGICI:
1032 97 1076 128 D.
1098 98 1258 129 TERTIA
1280 97 1438 129 EORUM
1463 97 1619 129 AETAS.

2032 100 2093 131 794

1113 190 1246 221 Christo
1281 190 1371 221 clare
1400 192 1493 222 dicit:
1523 191 1612 221 Vere
1636 190 1769 221 dolores
1793 197 1926 221 nostros
1950 193 2019 231 ipse
2043 199 2092 223 tu—

1112 233 1148 263 lit
1171 239 1233 264 etc.

1198 275 1246 305 lta
1268 274 1335 304 hic:
1371 275 1551 312 Remittite,
1585 281 1616 305 et
1639 276 1820 305 remittetur
1844 276 1950 306 vobis.
1996 275 2091 306 Prior

1112 328 1190 357 pars
1224 325 1274 347 est
1296 324 1519 357 praeceptum,
1555 319 1721 357 posterior
1744 323 1794 347 est
1816 318 2005 358 promissio,
2031 320 2092 349 sed

1112 370 1178 390 non
1213 360 1352 396 additur,
1386 366 1520 399 propter
1555 366 1641 389 tuam
1665 360 1937 390 condonationem
1960 361 2016 390 tibi
2041 371 2091 391 re-

1113 403 1263 432 mittetur.
1295 402 1328 432 Si
1353 401 1436 432 haec
1461 401 1603 432 conditio
1627 403 1777 432 addenda
1801 409 1902 439 esset,
1927 403 2021 433 fieret
2044 404 2090 432 in-

1114 450 1202 474 certa
1235 445 1421 483 promissio,
1458 450 1491 474 nt
1526 442 1624 474 facile
1658 443 1794 485 intelligi
1830 451 1949 484 potest.
2001 444 2091 485 Ergo

1113 487 1220 517 audita
1254 487 1473 526 promissione
1497 496 1590 515 mens
1613 487 1754 517 intuetur
1769 488 1809 518 15)
1844 487 2026 517 doctrinam
2050 488 2092 518 de

1114 529 1309 559 remissione
1342 535 1475 568 propter
1510 528 1676 558 Christum
1711 530 1873 567 promissa
1898 531 1940 568 l⁶)
1976 531 2090 570 gratis.

1114 571 1285 612 Significat
1310 578 1417 601 autem
1441 571 1561 611 requiri
1585 569 1649 601 hoc
1673 581 1768 610 opus,
1793 571 1918 602 scilicet
1945 578 2092 601 nostram

1114 614 1399 650 condonationem,
1422 614 1505 643 sicut
1530 612 1594 643 alia
1618 620 1730 643 nostra
1755 623 1873 652 opera,
1905 620 1936 644 et
1960 612 2092 653 placere

1113 656 1196 686 sicut
1220 666 1321 696 supra
1345 656 1467 686 dictum
1490 662 1551 692 est,
1574 665 1640 685 non
1664 655 1751 696 quod
1766 658 1805 688 17)
1828 657 1958 696 penitus
1981 655 2092 687 nullus

1114 699 1155 728 sit
1189 708 1314 728 naevus
1349 699 1381 728 in
1415 699 1536 734 animo,
1572 698 1631 728 sed
1666 698 1754 738 quod
1787 699 1838 737 pia
1876 709 1967 728 mens
1998 708 2092 738 repu-

1138 747 1192 770 nat
1208 742 1246 773 18)
1281 739 1533 771 malevolentiae
1568 747 1598 770 et
1635 741 1718 770 odiis
1747 746 1881 780 propter
1904 741 2092 771 mandatum

1112 752 1177 813 {ei
1211 790 1243 813 et
1273 781 1444 813 Ecclesiae
1479 783 1709 813 concordiam.
1745 788 1777 813 et
1803 783 1972 823 agnoscit,
2005 782 2091 813 hanc

1113 826 1369 856 moderationem
1393 824 1525 865 placere
1548 831 1682 865 propter
1706 824 1885 855 Christum.

1199 867 1324 898 Eadem
1347 877 1486 907 prorsus
1511 874 1562 897 est
1585 869 1747 898 sententia
1778 868 1946 898 concionis
1970 867 2091 898 Danie-

1113 909 1154 939 lis
1169 911 1227 950 ¹⁹):
1263 910 1383 940 Libera
1406 917 1437 940 te
1461 921 1480 940 a
1503 911 1648 950 peccatis
1670 911 1793 940 iustitia
1816 917 1847 940 et
1872 909 2090 950 eleemosynis

1114 962 1193 993 erga
1217 962 1391 992 pauperes,
1426 960 1457 982 et
1491 953 1550 982 erit
1585 953 1712 983 sanatio
1736 952 1929 983 delictorum
1952 959 2090 983 tuorum.

1113 994 1196 1025 Tota
1231 995 1336 1024 oratio
1370 1002 1419 1025 est
1456 995 1571 1024 concio
1596 996 1825 1034 poenitentiae,
1860 995 1893 1024 in
1916 1005 1980 1034 qua
2002 994 2092 1033 prior

1114 1046 1191 1076 pars
1215 1035 1359 1076 postulat
1384 1037 1655 1073 emendationem,
1680 1044 1710 1067 et
1734 1035 1878 1077 loquitur
1900 1046 1965 1066 non
1985 1036 2025 1066 de
2038 1046 2092 1066 so-

1114 1078 1154 1109 lis
1178 1078 1421 1119 eleemosynis,
1447 1080 1507 1109 sed
1532 1079 1571 1109 de
1594 1085 1663 1109 tota
1689 1079 1924 1109 conversione:
1970 1077 2092 1108 Libera

1114 1127 1146 1151 te
1179 1131 1199 1151 a
1232 1122 1379 1160 peccatis
1413 1131 1472 1161 per
1505 1122 1675 1158 iustitiam,
1709 1122 1742 1151 id
1778 1127 1848 1158 est,
1880 1120 1941 1151 fias
1975 1121 2092 1156 iustus,

1114 1173 1260 1204 agnosce
1297 1165 1466 1196 verum'20)
1491 1163 1607 1200 Deum,
1638 1164 1692 1203 qui
1722 1174 1759 1193 se
1782 1163 1941 1195 revelavit
1966 1164 1998 1194 in
2021 1175 2093 1195 ver-

1115 1206 1169 1242 bo,
1193 1205 1281 1245 quod
1304 1205 1392 1235 dedit
1415 1204 1536 1245 populo
1561 1205 1677 1243 lsraEI,
1700 1212 1732 1236 et
1754 1207 1903 1246 promisit
1928 1208 2093 1237 remissio-

1113 1257 1188 1277 nem
1211 1253 1421 1287 peccatomm
1445 1255 1579 1288 propter
1602 1255 1776 1278 venturum
1796 1247 1982 1279 Dominum.
2028 1249 2093 1280 De-

1114 1290 1189 1319 inde
1213 1290 1253 1319 sit
1279 1296 1310 1319 et
1333 1291 1527 1330 gubernatio
1547 1297 1603 1321 tua
1625 1292 1723 1328 iusta,
1757 1292 1804 1321 sis
1829 1291 1969 1331 diligens
1992 1292 2024 1322 in
2048 1292 2093 1322 iu-

1114 1332 1318 1368 risdictione,
1350 1333 1490 1372 prohibe
1523 1334 1669 1370 iniurias,
1702 1334 1816 1373 punito
1851 1333 2092 1375 delinquentes,

1115 1373 1255 1405 defende
1278 1374 1451 1412 honestos,
1475 1385 1542 1406 non
1561 1376 1608 1406 sis
1633 1375 1778 1406 crudelis
1801 1377 1961 1407 adversus
1976 1376 2093 1408 Eccle-

1115 1418 1196 1447 siam
1221 1423 1253 1447 et
1274 1417 1430 1457 populum
1453 1417 1534 1454 Dei3
1578 1418 1731 1459 Denique
1759 1420 1867 1449 onmia
1896 1418 2007 1450 officia
2029 1429 2093 1449 me-

1115 1460 1237 1490 diocris
1261 1466 1293 1490 et
1316 1459 1470 1491 salutaris
1494 1462 1741 1502 gubernationis
1755 1460 1994 1501 complectitur,
2020 1472 2094 1492 cum

1114 1502 1232 1542 inquit:
1278 1502 1414 1533 Redime
1436 1511 1575 1543 peccata
1599 1502 1832 1545 eleemosynis,
1854 1504 1888 1534 id
1911 1510 1972 1542 est,
1997 1504 2093 1534 bene-

1115 1544 1198 1575 ficiis
1233 1554 1315 1586 erga
1336 1556 1512 1586 pauperes.
1556 1545 1599 1576 Et
1620 1545 1704 1576 haec
1727 1547 1829 1586 prima
1852 1557 1930 1587 pars
1955 1553 2006 1577 est
2028 1556 2093 1576 vox

1114 1586 1228 1628 LegiS,
1251 1597 1337 1627 quae
1359 1589 1518 1628 praecipit
1537 1589 1578 1619 de
1602 1590 1831 1620 conversione.

1200 1628 1317 1660 Altera
1349 1640 1440 1670 pars,
1474 1630 1515 1661 Et
1548 1632 1607 1661 erit
1642 1632 1769 1662 sanatio
1804 1632 2000 1664 delictorum
2022 1640 2092 1665 tuo-

1114 1682 1196 1709 rum,
1220 1671 1403 1703 Promissio
1422 1680 1484 1710 est,
1508 1684 1606 1714 quam
1630 1680 1758 1714 oportet
1782 1674 1848 1706 fide
1870 1677 1986 1716 accipi.
2033 1677 2092 1707 Er-

1115 1724 1158 1755 go
1182 1725 1255 1745 cum
1278 1716 1530 1755 promissionem
1548 1717 1713 1756 proponit,
1736 1719 1871 1758 requirit
1894 1718 2002 1756 fidem,
2027 1729 2093 1760 qua

1115 1757 1258 1787 creditur
1291 1756 1364 1788 Deo
1398 1759 1599 1799 promittenti
1632 1769 1691 1799 per
1720 1760 1991 1798 misericordiam,
2026 1772 2092 1792 non

1113 1806 1248 1839 propter
1270 1806 1418 1831 nostram
1442 1802 1644 1841 dignitatem.
1693 1802 1763 1832 Nec
1790 1801 1850 1833 fuit
1873 1803 1957 1834 haec
1981 1804 2091 1834 brevis

1114 1842 1281 1877 doctrina;
1325 1842 1409 1873 Nam
1433 1843 1517 1885 Regi
1540 1844 1731 1885 sciscitanti,
1753 1845 1841 1876 unde
1863 1845 1949 1877 hanc
1973 1845 2088 1877 volun-

1113 1890 1212 1914 tatem
1235 1883 1298 1915 Dei
1321 1886 1422 1916 sciret
1444 1885 1579 1924 Daniel,
1612 1888 1700 1918 unde
1722 1886 1904 1919 affirmaret
1927 1894 2018 1919 certo
2042 1898 2092 1919 re-

1113 1927 1195 1957 mitti
1228 1933 1377 1967 peccata,
1400 1927 1521 1959 Daniel
1543 1928 1633 1960 haud
1656 1930 1753 1961 dubie
1776 1932 1931 1971 exposuit
1952 1931 2092 1972 promis-

1113 1969 1240 2000 sionem
1263 1980 1282 2000 a
1306 1969 1381 2001 Deo
1405 1971 1554 2002 traditam
1579 1971 1620 2002 de
1642 1970 1752 2003 futura
1780 1971 1973 2004 liberatione
1997 1980 2029 2004 et
2053 1974 2093 2004 de

1112 2012 1179 2042 vita
1213 2017 1359 2050 aeterna,
1395 2020 1425 2044 et
1459 2015 1601 2045 ostendit
1635 2016 1801 2054 pertinere
1835 2026 1908 2047 eam
1931 2017 2027 2047 etiam
2050 2016 2093 2046 ad

1114 2053 1249 2084 Gentes.
1296 2054 1374 2086 ldeo
1396 2067 1458 2088 nec
1481 2056 1607 2098 flagitat
1631 2059 1847 2096 ceremonias,
1870 2064 1907 2089 ut
1930 2058 2093 2100 significet

1114 2176 1157 2202 15)
1178 2175 1299 2206 intuetur]
1322 2176 1358 2201 sic
1376 2176 1450 2201 Editt.
1474 2175 1578 2202 16-18,
1597 2176 1714 2206 20—-34.,
1734 2178 1805 2208 Corp.
1827 2179 1912 2209 1-8.,
1930 2179 1991 2210 opp.
2012 2180 2034 2205 l.
2054 2180 2091 2209 2.;

1181 2212 1282 2234 ceterae
1302 2210 1391 2235 Editt.:
1409 2211 1539 2235 intueatur

1112 2260 1156 2289 16)
1175 2262 1279 2319 {lippata
1297 2260 1423 2286 Christum
1441 2261 1579 2292 promissa]
1599 2262 1673 2287 Editt.
1694 2262 1766 2287 1-9.
1788 2264 1826 2287 12.
1846 2265 1972 2294 promissa
1989 2267 2092 2296 propter

1216 2301 1250 2319 ris
1265 2301 1306 2319 um

1113 2345 1156 2376 17)
1175 2351 1225 2370 non
1244 2345 1321 2376 quod]
1343 2345 1415 2370 Editt.
1437 2347 1477 2372 22.
1498 2347 1536 2371 24.
1557 2347 1606 2377 28..
1626 2347 1688 2378 opp.
1707 2350 1728 2371 1.
1749 2349 1771 2373 2.
1790 2349 1857 2379 quod
1875 2356 1925 2375 non

1110 2397 1155 2425 18)
1174 2397 1312 2426 repugnat]
1331 2397 1403 2427 Corp.
1425 2398 1498 2421 1—8.
1519 2400 1645 2428 repugnet

1113 2447 1156 2477 19)
1176 2447 1298 2506 ΒξιῐίἰεΙὶς]
1319 2447 1392 2472 Editt.
1413 2448 1452 2473 22.
1471 2449 1513 2471 24.
1534 2449 1654 2476 28-34..
1681 2450 1753 2480 corp.
1776 2452 1856 2478 1—8..
1876 2452 1936 2483 opp.
1959 2453 1979 2476 l.
1998 2453 2022 2476 2.
2043 2455 2089 2479 Da-

1178 2487 1218 2506 me

1110 2532 1155 2560 20)
1173 2532 1273 2562 verum]
1292 2532 1364 2557 Editt.
1387 2533 1476 2556 1-—15.
1500 2534 1537 2556 19.
1556 2540 1633 2559 unum
