2358 2933
111 117 174 150 705

113 217 145 242 et
167 209 220 241 vel
271 210 488 239 ubernatores
513 206 629 236 evertit
657 204 711 236 vel
746 205 845 234 habet
871 213 931 234 sua
962 213 1087 245 organa

112 255 144 284 in
167 220 310 293 popuqm
333 251 418 280 sicut
431 247 564 279 Saulem
585 246 728 278 funditus
740 246 890 286 perdidit,
914 246 968 285 qui
980 252 1087 276 tamen

112 296 202 326 initio
226 303 280 324 res
302 301 441 333 magnas
465 296 497 320 et
520 289 617 320 utiles
633 295 795 330 gesserat,
818 287 937 318 Davidi
951 286 1088 328 laqueos

113 337 234 373 iniecit,
258 345 298 366 ex
321 335 439 374 quibus
464 333 519 364 vix
533 331 692 362 eluctatus
706 336 766 361 est.
795 330 924 360 Deinde
946 330 1089 360 incendit

113 379 213 409 filium
242 375 462 412 Absalonem‚
497 375 589 404 cuius
624 372 736 404 scelus
766 373 931 413 ingentem
963 373 1089 402 ruinam

113 421 219 451 traxit.
265 418 389 449 Turbat
419 418 518 458 igitur
540 414 702 446 Diabolus
726 413 876 455 politias,
911 419 943 443 et
974 420 1087 445 natura

111 462 277 493 hominum
300 470 359 501 per
382 470 457 491 sese
480 459 606 489 infirma
631 463 681 487 est
704 457 735 487 in
755 456 1031 497 gubernatoribus
1057 463 1087 487 et

110 505 143 535 in
166 502 305 544 populo;
333 513 373 532 ac
404 503 533 542 utrique
555 499 719 531 licentiam
751 498 944 529 naturaliter
967 506 1087 536 amant,

113 553 144 577 et
167 547 304 576 oderunt
328 545 455 585 Legum
479 551 509 574 et
534 541 728 582 disciplinae
751 539 894 571 vincula.
930 541 966 571 ln
990 542 1088 571 tantis

112 587 242 619 Diaboli
282 588 407 618 insidiis
438 592 469 616 et
499 591 565 616 tam
604 583 771 624 multiplici
810 582 996 614 infirmitate
1031 583 1088 614 ho-

111 632 231 661 minum
253 631 395 660 retinere
417 628 615 658 mediocrem
635 633 769 663 statum,
794 636 946 666 magnum
970 632 1000 656 et
1024 627 1089 656 sin-

113 673 228 714 gulare
240 671 303 702 Dei
319 681 402 711 opus
418 677 486 706 est,
504 669 597 700 Sicut
608 668 698 700 clare
713 669 788 699 dicit
805 668 963 699 Salomon
977 668 1088 705 [Prov.

111 715 166 752 ⁶20,
180 715 262 752 12.]:
286 713 331 743 Ut
354 712 470 743 oculus
482 713 590 742 videat
609 718 639 742 et
652 713 741 742 auris
755 711 875 748 audiat,
899 710 991 741 Deus
1010 709 1088 741 facit

111 763 295 797 utrumque,
308 755 341 785 id
355 761 417 792 est,
430 761 464 785 ut
480 755 682 796 gubernator
695 753 814 783 habeat
826 752 904 783 felix
917 752 1089 783 consilium

112 805 144 831 et
171 798 368 839 respondeat
391 797 576 828 obedientia
599 797 802 826 subditorum
826 806 886 826 suo
908 793 1001 832 loco,
1026 795 1089 825 Dei

113 852 213 882 opera
237 846 324 877 sinit,
347 839 430 870 haec
452 839 592 879 impertit
615 849 675 879 per
698 837 813 868 fideles
837 839 1089 878 gubernatores,

112 894 251 925 quorum
274 881 328 912 alii
351 881 423 912 aliis
446 887 625 921 praestant.
670 879 770 910 Nulla
792 880 934 910 humana
960 881 1089 920 sapien-

113 927 168 963 tia,
191 924 359 966 vigilantia
382 930 436 954 aut
458 924 562 954 virtus
585 933 646 963 par
668 929 717 952 est
741 923 838 952 tantis
862 923 971 952 rebus.
1012 922 1089 951 Ideo

112 967 237 998 Paulus
260 966 361 1007 inquit
384 967 414 996 ἱ).
439 965 516 996 Cor.
539 966 569 996 3.
596 968 657 1002 [vs.
681 964 723 1002 5.]
749 962 953 994 Sufficientia
976 970 1089 994 nostra

114 1020 156 1041 ex
178 1009 251 1040 Deo
275 1015 335 1039 est.
370 1008 463 1038 Item:
486 1007 562 1037 Non
584 1017 698 1037 sumus
722 1007 831 1036 idonei
854 1016 895 1036 ex
918 1007 1025 1043 nobis,
1048 1016 1090 1036 ne

114 1053 260 1093 cogitare
283 1051 422 1091 quidem.
453 1049 521 1080 Sed
549 1051 581 1079 in
608 1050 688 1089 ipsis
712 1049 863 1089 personis
887 1047 1088 1084 fidelitatem,

112 1095 145 1125 id
173 1099 242 1130 est,
274 1093 415 1123 studium
444 1097 535 1122 recta
564 1090 706 1122 faciendi
735 1092 867 1131 requirit
905 1090 933 1120 1.
957 1090 1034 1120 Cor.
1059 1091 1089 1120 4.

114 1140 178 1175 [vs.
201 1136 264 1173 2.]:
289 1134 442 1165 Ceterum
476 1133 541 1164 hoc
577 1134 751 1174 requiritur
785 1134 816 1163 in
851 1133 1025 1169 ministn's,
1055 1139 1090 1162 ut

113 1177 229 1209 fideles
259 1178 334 1208 sint.
381 1175 463 1207 Cum
485 1176 583 1217 igitur
605 1176 779 1206 mediocris
803 1182 909 1205 status
934 1182 983 1205 est
1010 1173 1091 1215 poli-

114 1221 239 1258 tiaram,
262 1228 485 1261 agnoscamus
510 1229 583 1248 eum
606 1228 682 1248 esse
699 1217 894 1248 beneficium
906 1216 980 1254 Dei,
1003 1217 1091 1257 quod

113 1272 174 1303 per
194 1262 324 1302 aliquos
347 1259 461 1291 fideles
485 1261 653 1290 ministros
671 1260 824 1300 impertit,
848 1266 878 1289 et
891 1258 965 1289 Deo
983 1259 1090 1290 autori

113 1303 296 1345 politiarum
322 1303 524 1333 obediamus.

198 1346 328 1377 Deinde
358 1351 389 1375 et
420 1345 500 1384 ipsis
523 1344 800 1385 gubernatoribus
824 1354 885 1383 pro
910 1353 969 1374 sua
989 1342 1090 1373 fideli-

114 1394 180 1419 tate
203 1394 235 1419 et
258 1388 444 1429 ingentibus
466 1386 649 1423 laboribus,
673 1387 726 1427 qui
748 1386 944 1417 comitantur
963 1396 1091 1416 omnem

115 1431 396 1473 gubernationem,
418 1430 599 1460 tribuamus
621 1428 791 1465 honorem,
815 1428 880 1459 hoc
904 1435 964 1465 est,
988 1438 1090 1470 agno-

115 1483 248 1503 scamus
277 1482 335 1502 eos
365 1472 513 1502 adiuvari
542 1471 714 1507 divinitus,
749 1481 826 1501 esse
857 1480 999 1511 organa,
1033 1481 1092 1511 per

115 1525 199 1556 quae
220 1514 314 1545 Deus
337 1515 433 1544 nobis
458 1515 545 1544 bona
565 1514 760 1553 suppeditat,
783 1523 929 1543 amemus
954 1523 1026 1550 eos,
1051 1523 1091 1543 ac

114 1567 177 1588 nos
201 1558 248 1588 eis
272 1557 502 1593 subiiciamus,
535 1562 566 1586 et
596 1556 717 1586 debere
741 1554 900 1586 fateamur
922 1565 981 1595 pro
1004 1556 1091 1595 ipso-

114 1611 186 1631 rum
230 1597 403 1630 sedulitate
437 1599 593 1640 gratiam,
635 1604 667 1628 et
700 1596 827 1638 aliquos
861 1596 975 1638 lapsus
1010 1599 1090 1637 ipsis

116 1642 349 1679 condonemus,
373 1642 421 1671 sic
444 1647 564 1678 tamen,
586 1650 628 1670 ne
651 1646 766 1670 contra
790 1640 941 1670 mandata
960 1639 1022 1670 Dei
1045 1639 1091 1670 fa-

116 1685 250 1715 ciamus.
291 1684 381 1715 Haec
404 1684 553 1724 aequitas
577 1692 695 1723 magna
719 1684 822 1713 virtus
847 1688 897 1713 est
921 1688 952 1712 et
975 1681 1091 1713 diffici-

114 1725 165 1757 lis.
210 1726 363 1757 Breviter
389 1726 561 1762 annotavi,
591 1735 674 1766 quas
697 1734 751 1754 res
775 1724 1012 1765 complectatur
1034 1735 1092 1754 vo-

116 1767 268 1800 cabulum
290 1768 445 1805 Honoris,
469 1768 556 1808 quod
573 1766 746 1808 diligenter
759 1767 1008 1807 expendendum
1027 1773 1089 1804 est,

116 1818 147 1842 et
171 1812 235 1842 dixi
259 1811 299 1841 de
322 1811 509 1842 discrimine
533 1811 580 1840 rei
604 1816 635 1840 et
658 1820 884 1850 personarum.

204 1853 356 1884 Continet
385 1859 494 1884 autem
522 1852 587 1883 hoc
615 1859 828 1892 praeceptum
855 1858 966 1882 mutua
990 1862 1092 1891 opera

116 1896 322 1937 superiorum
345 1902 375 1926 et
399 1893 600 1926 inferiorum.
632 1893 750 1925 Officia
767 1894 972 1935 superiorum
991 1895 1092 1936 signi-

115 1938 212 1969 ficata
239 1944 314 1969 sunt
340 1939 372 1968 in
401 1936 575 1969 vocabulis
603 1938 706 1977 patris
736 1943 766 1967 et
789 1937 922 1971 matris3
956 1937 1036 1967 Item
1058 1937 1091 1966 in

115 1981 243 2022 integro
266 1980 457 2022 Decalogo,
493 1981 546 2020 qui
565 1978 794 2010 universaliter
828 1984 878 2009 est
901 1978 1006 2009 forma
1041 1989 1091 2010 re-

116 2024 260 2065 giminis,
296 2029 327 2053 et
361 2021 588 2063 complectitur
615 2032 728 2052 omnes
758 2022 894 2052 virtutes
925 2028 955 2052 et
985 2022 1091 2052 onmia

117 2064 227 2096 officia
238 2066 314 2095 boni
327 2066 429 2105 patris
443 2071 473 2095 et
488 2065 562 2095 boni
575 2065 818 2105 gubernatoris,
843 2066 928 2095 sicut
943 2074 1022 2094 vera
1034 2063 1091 2094 illa

116 2118 182 2139 vox
217 2113 283 2144 est,
319 2107 589 2148 quemadmodum
621 2106 808 2147 Xenophon
844 2106 980 2147 [Cyrop.
1007 2106 1090 2136 VIII.

116 2150 290 2192 principio]
314 2150 432 2190 inquit:
455 2149 568 2179 Bonus
592 2150 746 2189 princeps
768 2148 848 2180 nihil
865 2159 884 2179 a
899 2149 986 2179 bono
999 2155 1091 2188 patre

117 2192 232 2223 differt.
266 2192 375 2222 Prima
394 2192 433 2222 sit
457 2192 556 2232 igitur
578 2202 657 2222 eura
680 2192 911 2233 gubernatoris
935 2192 976 2221 de
989 2192 1092 2232 prima

116 2234 239 2272 tabula,
263 2235 296 2265 id
319 2240 381 2271 est,
405 2240 497 2264 curet.
519 2240 609 2264 recte
633 2234 744 2264 doceri
765 2233 948 2264 Ecclesias.
994 2233 1092 2264 Pater

118 2283 209 2308 curet
254 2277 366 2308 doceri
406 2275 529 2306 liberos
571 2286 650 2306 suos
686 2277 725 2307 de
760 2276 853 2314 Deo,
897 2276 1013 2307 deinde
1049 2276 1091 2305 sit

117 2321 221 2350 iustus
261 2325 293 2349 et
321 2317 424 2349 *fortis
462 2319 494 2348 in
532 2317 740 2356 defensione,
784 2319 825 2349 sit
865 2325 996 2355 castus,
1049 2318 1091 2348 sit

118 2361 285 2393 beneficus
329 2362 361 2392 in
400 2361 551 2392 iuvandis
594 2361 706 2398 bonis,
750 2360 872 2392 habeat
912 2359 1018 2391 zelum
1060 2366 1092 2390 et

119 2414 196 2435 acre
232 2405 339 2435 odium
379 2404 602 2443 turpitudiniS,
649 2403 689 2433 sit
725 2413 825 2433 verax
865 2403 898 2432 in
932 2403 1027 2433 dictis
1061 2408 1092 2432 et

118 2445 230 2483 factis,
265 2447 307 2476 sit
341 2446 516 2483 candidus,
548 2456 613 2476 non
648 2445 804 2484 suspicax
833 2452 895 2476 etc.
941 2445 991 2475 Sit
1021 2444 1091 2475 dili-

120 2499 201 2530 gens
231 2490 263 2519 in
290 2487 502 2519 facultatibus
534 2495 623 2519 recte
652 2486 874 2524 collocandis,
910 2498 950 2518 ne
984 2488 1091 2517 desint

120 2537 267 2571 sumptus
291 2531 390 2561 rebus
413 2531 621 2561 necessariis.
664 2529 826 2570 Denique,
851 2536 885 2560 ut
904 2530 978 2566 dixi,
1004 2535 1092 2560 totus

271 2598 417 2617 HELANTH.
432 2597 513 2616 OPER.
528 2597 590 2618 VOL,
606 2597 663 2615 nl.

581 113 605 144 1.
627 112 730 143 LOCI
752 110 1032 142 TI-[EOLOGIC-I:
1055 111 1097 142 D.
1120 111 1279 143 TERTIA
1300 111 1458 142 EORUM
1480 112 1636 144 AETAS.

2047 112 2109 143 706

1130 204 1322 246 Decalogus
1347 211 1397 235 est
1420 204 1526 236 forma
1550 206 1815 247 gubernationiS,
1841 212 1871 236 et
1897 207 1924 236 si
1949 208 2109 248 guberna-

1130 253 1183 277 tor
1210 247 1342 278 habebit
1370 247 1521 278 affectum
1545 254 1733 288 paternum,
1766 249 1826 279 erit
1849 249 1881 279 in
1906 258 1944 279 eo
1969 250 2109 280 studium

1130 289 1246 320 harum
1270 291 1436 320 xirtutum.

1217 331 1372 362 Vicissim
1394 331 1531 362 inferior
1549 333 1669 363 tribuat
1692 332 1851 364 honorem
1876 335 2053 374 superiori,
2077 335 2110 364 id

1131 380 1198 411 est,
1232 380 1395 415 agnoscat
1417 373 1480 405 Dei
1503 384 1604 414 opera
1628 385 1704 405 esse
1727 375 1875 416 politias,
1909 377 2111 417 obtemperet

1131 423 1266 456 propter
1288 415 1395 447 Deum
1418 423 1449 446 et
1475 417 1639 447 condonet
1659 419 1819 458 quaedam
1843 426 1961 450 errata.
2008 419 2111 450 Perti-

1130 465 1208 488 nent
1232 458 1296 489 huc
1320 460 1471 495 virtutes,
1496 460 1618 489 iustitia
1638 460 1847 498 universalis,
1872 472 1956 502 quae
1979 468 2029 492 est
2054 463 2110 492 ob·

1131 501 1271 531 edientia
1298 499 1443 541 legitima
1472 511 1552 542 erga
1581 502 1810 543 magistratus3
1842 503 1922 534 Item
1951 515 2030 535 cura
2053 516 2109 536 vo-

1132 544 1288 579 cationis,
1322 543 1401 573 Item
1425 546 1566 573 ἐπιείκεια
1590 544 1622 573 in
1646 544 1888 576 dissimulandis
1912 553 1967 577 aut
1991 557 2109 577 sanan-

1132 586 1181 615 dis
1212 587 1421 625 superiorum
1451 587 1585 622 erratis,
1626 596 1666 616 ne
1696 597 1761 626 pax
1790 586 1921 627 publica
1951 590 2108 620 turbetur.

1132 627 1199 658 Sed
1225 628 1377 667 opposita
1401 628 1481 658 vitia
1503 638 1563 658 seu
1586 636 1723 668 peccata
1746 628 1876 659 facilius
1904 632 2110 671 conspiciun-

1131 676 1194 707 ηπ,
1219 676 1253 699 nt
1273 670 1476 700 contumacia
1500 671 1662 701 adversus
1686 672 1886 710 superiores.
1906 684 1989 713 quae
2012 684 2109 704 voca-

1131 718 1184 742 tur
1212 712 1432 742 inobedientia
1464 719 1493 742 et
1525 719 1574 743 est
1602 713 1800 744 universalis
1831 715 2000 751 iniustitia,
2036 717 2110 746 item

1132 755 1260 791 seditio,
1284 754 1485 795 negligentia
1509 756 1680 786 obeundae
1704 757 1907 794 vocationis,
1938 760 2110 799 πολυπραγ-

1131 797 1252 835 μοσύνη,
1276 797 1307 827 id
1332 804 1401 834 est,
1432 798 1583 838 ingerere
1607 808 1643 828 se
1667 796 1793 828 alienae
1816 800 1992 830 vocationi.
2039 800 2110 830 Hoc

1132 840 1210 869 vitio
1230 845 1259 869 et
1279 840 1468 880 superiores
1488 846 1519 870 et
1536 838 1710 871 inferiores
1728 850 1829 880 saepe
1848 848 1996 881 peccant.
2033 842 2109 873 Ideo

1133 888 1163 912 et
1187 881 1304 912 Petrus
1328 882 1480 922 prohibet
1505 892 1581 913 esse
1605 882 1934 924 ιῖλλοτριοεπισκόπους,
1961 885 2110 926 ingeren-

1131 930 1181 954 tes
1206 934 1243 953 se
1265 924 1392 954 alienae
1416 925 1657 966 gubernationi.
1927 922 1930 924 ’

1218 966 1393 997 Praeterea
1417 972 1451 997 ut
1476 977 1575 1008 supra
1600 967 1675 1005 dixi,
1699 968 1731 998 in
1754 968 1898 1008 imperiis
1922 970 2111 1000 discernen-

1133 1009 1193 1039 das
1225 1019 1301 1039 esse
1329 1019 1383 1039 res
1407 1015 1438 1039 et
1462 1019 1644 1049 personas,
1677 1011 1722 1040 ita
1746 1020 1853 1040 rerum
1877 1011 1973 1041 etiam
1997 1013 2110 1042 discri-

1134 1061 1207 1081 men
1232 1052 1477 1082 observandum
1501 1058 1562 1082 est.
1608 1051 1643 1081 In
1671 1052 1871 1083 monarchiis
1903 1055 2022 1084 ceteris
2052 1065 2110 1096 gu-

1135 1094 1282 1124 bernatio
1306 1094 1482 1134 praecipue
1506 1095 1676 1135 spectabat
1699 1096 1740 1124 ad
1765 1094 1870 1125 civilis
1895 1101 1926 1125 et
1949 1095 2110 1127 honestae

1135 1137 1301 1166 societatis
1326 1134 1568 1173 defensionem,
1603 1138 1728 1167 etiamsi
1753 1143 1820 1167 erat
1845 1138 1959 1178 ignota
1981 1137 2108 1179 religio.

1135 1177 1201 1208 Sed
1224 1178 1255 1207 in
1279 1188 1382 1218 regno
1402 1178 1593 1208 Antichristi
1615 1177 1708 1219 leges
1732 1185 1908 1219 perpetuae
1933 1187 1962 1210 et
1985 1181 2110 1220 praeci-

1134 1230 1219 1259 puae
1233 1222 1278 1258 92)
1315 1221 1408 1261 regni
1432 1226 1507 1250 sunt
1531 1221 1572 1250 de
1594 1231 1681 1251 novo
1706 1220 1794 1252 cultu
1818 1221 2054 1253 contumelioso
2077 1224 2109 1253 in

1135 1261 1301 1293 Christum
1331 1269 1361 1292 et
1393 1263 1544 1293 damnato
1570 1264 1739 1301 divinitus,
1769 1270 1800 1294 et
1824 1264 1897 1294 finis
1920 1264 2109 1305 principalis

1135 1305 1203 1335 eius
1227 1306 1321 1346 regni
1341 1312 1402 1342 est,
1428 1304 1582 1339 deleri93)
1607 1315 1725 1337 nomen
1740 1305 1874 1344 Christi,
1898 1313 1928 1337 et
1951 1307 2014 1338 hoc
2038 1309 2109 1347 ipso

1133 1353 1305 1387 praetextu
1329 1348 1497 1378 conditum
1521 1354 1571 1378 est
1594 1358 1748 1389 regnum,
1783 1350 1875 1389 quasi
1901 1348 2025 1391 gloriae
2047 1350 2109 1380 Dei

1133 1390 1273 1427 intersit,
1296 1391 1450 1430 extirpari
1473 1400 1591 1421 nomen
1615 1397 1645 1421 et
1669 1391 1849 1421 doctrinam
1863 1390 1996 1422 Christi.
2030 1392 2110 1423 Tale

1135 1439 1185 1462 est
1209 1442 1345 1473 regnum
1368 1432 1561 1463 Mahometi:
1585 1433 1658 1464 Lex
1681 1434 1751 1473 ipsa
1770 1433 1949 1465 Mahometi
1973 1440 2022 1465 est
2046 1446 2110 1465 ma-

1134 1473 1253 1504 nifesta
1278 1474 1474 1506 contumelia
1503 1476 1664 1506 adversus
1688 1475 1872 1512 Christum,
1909 1477 2024 1507 deinde
2059 1483 2109 1508 est

1132 1517 1318 1547 mandatum
1353 1518 1393 1548 de
1427 1517 1616 1556 latrocinio,
1651 1519 1726 1559 quia
1753 1519 1842 1549 iubet
1872 1519 2011 1550 interfici
2040 1529 2109 1557 eos,

1134 1560 1188 1600 qui
1223 1560 1360 1590 credunt
1394 1559 1559 1591 Christum
1593 1570 1668 1591 esse
1701 1560 1802 1591 filium
1835 1560 1914 1597 Dei;
1952 1562 2109 1602 praecipit

1132 1603 1207 1632 item
1237 1603 1413 1643 propagari
1443 1612 1522 1632 suos
1558 1613 1690 1634 errores
1725 1602 1846 1645 gladio.
1892 1603 1983 1634 Haec
2016 1614 2109 1645 prae-

1134 1645 1219 1675 dicta
1233 1651 1308 1675 sunt
1322 1646 1408 1685 apud
1421 1644 1592 1676 Danielem
1612 1656 1683 1686 cap.
1699 1646 1728 1675 7.
1747 1649 1827 1683 [vss.
1844 1646 1864 1677 S
1879 1650 1964 1687 sqq-J
1985 1648 2026 1677 de
2037 1657 2109 1687 par-

1134 1685 1211 1717 vulo
1235 1697 1354 1717 cornu:
1380 1687 1559 1719 Sermones
1577 1695 1691 1719 contra
1711 1687 1880 1719 excelsum
1903 1687 2055 1729 loquetur
2078 1695 2109 1720 et

1135 1735 1271 1760 sanctos
1301 1728 1448 1760 altissimi
1477 1736 1636 1761 conteret.
1681 1730 1790 1761 Tertio
1820 1731 2012 1762 conceditur
2034 1730 2109 1772 lege

1134 1771 1303 1812 multiplex
1327 1773 1493 1811 turpitudo
1518 1771 1695 1810 libidinum,
1719 1779 1751 1803 et
1774 1783 1810 1803 re
1832 1773 1903 1813 ipsa
1927 1772 2014 1804 nulla
2035 1779 2110 1804 sunt

1135 1813 1437 1845 Mahometistarum
1474 1816 1654 1853 connubia,
1696 1816 1772 1856 quia
1807 1816 1989 1846 concedunt
2024 1817 2110 1853 duci,

1135 1857 1247 1887 dimitti
1271 1864 1300 1887 et
1326 1857 1478 1887 dimissas
1494 1859 1593 1898 recipi
1616 1859 1753 1898 privatis
1776 1858 1917 1887 arbitriis
1942 1858 2011 1888 sine
2033 1857 2109 1889 ullis

1136 1900 1278 1937 caussis,
1302 1900 1485 1930 concedunt
1509 1906 1539 1931 et
1562 1900 1637 1942 lege
1653 1899 1836 1941 flagitiosas
1850 1899 2012 1938 libidines,
2036 1911 2109 1940 pro-

1134 1948 1206 1981 pter
1237 1952 1319 1982 quas
1350 1942 1443 1972 Deus
1473 1944 1588 1973 evertit
1612 1943 1788 1973 Sodomam
1819 1948 1849 1972 et
1880 1941 1960 1972 alias
1989 1941 2108 1973 multas

1135 1985 1294 2015 civitates.
1338 1984 1429 2025 Ergo
1458 1985 1490 2014 in
1521 1996 1560 2016 eo
1590 1995 1695 2027 regno
1725 1994 1786 2015 nec
1813 1983 1866 2014 lex
1896 1991 1944 2014 est
1976 1995 1994 2014 a
2022 1985 2108 2021 Deo,

1135 2027 1194 2057 sed
1223 2033 1273 2057 est
1301 2026 1484 2058 diabolicus
1513 2026 1620 2064 furor,
1650 2037 1746 2068 quem
1770 2027 1915 2068 grassari
1938 2025 2030 2057 Deus
2055 2037 2109 2057 ex-

1135 2075 1237 2099 tremo
1260 2076 1407 2110 tempore
1431 2070 1517 2107 sinit,
1536 2076 1569 2101 ut
1592 2071 1705 2110 puniat
1727 2070 1890 2100 mundum.
1925 2068 2015 2100 Sicut
2040 2079 2109 2099 cre-

1135 2113 1303 2142 scentibus
1331 2113 1477 2152 peccatis
1505 2113 1580 2143 inde
1609 2122 1714 2153 usque
1737 2113 1777 2142 ab
1800 2111 1890 2142 initio
1915 2112 2016 2142 crevit
2040 2121 2108 2141 ser-

1135 2155 1221 2184 vitus
1253 2160 1283 2184 et
1312 2155 1520 2194 imperiorum
1551 2156 1713 2195 asperitas
1736 2160 1768 2184 et
1791 2152 1952 2184 confusio.
1999 2153 2109 2189 Quare

1135 2197 1315 2227 differentia
1338 2197 1420 2227 inter
1438 2196 1584 2238 reliquas
1608 2196 1817 2227 monarchias
1841 2202 1872 2226 et
1890 2205 2026 2236 regnum
2040 2195 2109 2226 Ma-

1134 2240 1255 2270 hometi
1279 2241 1487 2270 observanda
1514 2246 1574 2270 est.
1619 2238 1738 2269 Daniel
1760 2244 1887 2279 poterat
1911 2247 1986 2268 esse
2008 2238 2109 2268 man-i-

1135 2288 1255 2312 stratus
1278 2283 1310 2312 in
1334 2292 1436 2323 regno
1460 2281 1678 2323 Babylonico.
1725 2281 1833 2311 ludaei
1856 2287 2006 2321 poterant
2030 2282 2072 2310 mi
2085 2280 2109 2310 i-

1134 2330 1206 2355 tare
1240 2325 1301 2355 sub
1331 2324 1533 2355 Alexandro.
1587 2323 1761 2355 Christiani
1792 2328 1942 2363 poterant
1973 2321 2110 2353 militare

1134 2488 1179 2516 92)
1205 2486 1369 2517 praecipuae]
1389 2486 1461 2510 Editt.
1485 2486 1555 2509 1-3,
1577 2486 1600 2509 6.
1622 2486 1644 2509 ῖ.
1665 2486 1688 2509 9.
1711 2485 1748 2508 12.
1770 2486 1904 2514 praecipue

1110 2553 1112 2564 .
1133 2538 1179 2567 93)
1206 2537 1297 2566 deleri]
1315 2537 1386 2561 Editt.
1408 2537 1496 2561 1—14.
1519 2537 1557 2559 19.
1577 2535 1617 2558 23.
1638 2535 1723 2559 delere

1871 2585 1904 2609 45
