2358 2933
142 101 208 134 925
622 99 646 129 Ι.
670 97 778 129 LOCL
793 96 1070 129 THEOLOGICI:
1093 97 1137 128 D.
1160 96 1323 129 TERTIA
1345 96 1501 129 EORUM
1523 97 1681 129 AETAS.
2095 97 2158 128 926

143 205 218 225 nem
250 194 292 224 de
326 190 492 233 corporali
527 191 750 221 dominatione
779 190 977 221 Sanctorum
1010 190 1044 220 in
1067 189 1132 220 hac
1151 196 1154 208 ¹
1174 201 1228 221 um
1264 196 1297 221 et
1331 191 1434 221 credit
1467 191 1500 221 in
1524 200 1608 228 eum,
1630 191 1752 222 habeat
1771 193 1870 223 vitam
1895 201 2071 228 aeternam.
2118 198 2159 230 Et

143 238 221 269 vita·
1150 214 1154 262 i
1177 242 1241 274 ego
1267 235 1476 264 resuscitabo
1501 243 1574 264 eum
1598 235 1632 264 in
1654 235 1837 265 novissimo
1867 237 1928 266 die.
1973 237 2014 268 Et
2036 239 2159 272 Paulus

582 359 703 398 [Χνι]

252 446 314 477 DE
337 444 707 477 RESURRECTIONE
730 442 1030 474 MORTUORUM.

229 532 304 562 Non
327 530 435 562 solum
458 530 621 566 doctrina,
644 538 729 570 quae
753 527 894 559 affirmat
916 527 1057 559 futuram
1077 538 1128 559 es-

143 585 181 607 se
226 574 394 605 hominum
427 580 630 604 mortuorum
664 572 807 602 omnium
841 572 1128 609 resurrectionem,

143 623 333 649 secuturum
342 619 386 649 26)
409 622 528 656 postea
550 615 715 651 iudicium,
740 621 907 645 aeternam
926 615 1036 652 vitam,
1059 615 1127 654 pio-

142 672 214 691 rum
249 659 390 700 gloriam
424 664 592 688 aeternam
622 663 654 687 et
677 657 848 698 impiorum
870 667 998 697 poenas
1021 664 1127 687 aeter-

141 713 215 740 naS,
234 703 268 733 in
279 700 465 742 Evangelio
488 710 548 730 seu
571 700 815 739 praedicatione
839 700 915 730 novi
926 699 1127 730 Testamenti

143 744 234 776 clare
257 749 290 774 et
312 744 490 784 perspicue
513 744 586 773 sine
609 742 686 773 ullis
710 741 890 773 involucris
914 743 1033 772 tradita
1057 748 1126 778 est;

143 788 203 818 sed
236 796 291 817 res
327 787 424 816 etiam
457 784 611 815 inchoata
636 792 704 823 est,
739 792 771 816 et
794 785 884 815 initia
906 784 994 815 illius
1018 795 1126 815 novae

141 831 240 867 vitae,
264 829 297 859 in
321 838 387 869 qua
411 829 472 859 erit
490 838 578 858 nova
601 826 667 865 lux,
691 828 851 868 sapientia
875 834 905 857 et
926 829 1058 865 iustitia,
1082 828 1124 857 si-

141 882 184 903 ne
205 877 345 912 peccato
369 877 401 901 et
424 871 495 901 sine
518 876 634 901 morte.
649 869 820 911 Apostolis
844 877 875 900 et
899 869 1026 911 reliquo
1050 880 1124 901 coe-

141 916 186 945 tui
209 915 385 945 coniuncto
410 924 484 944 cum
507 912 680 953 Apostolis
710 919 892 943 monstrata
915 920 990 943 sunt
1016 919 1047 943 et
1069 923 1125 953 pa-

141 956 208 988 lam
242 958 285 987 ob
321 954 437 987 oculos
471 957 593 996 posita,
615 966 687 986 cum
712 956 864 986 Christus
888 962 964 995 post
988 962 1126 986 mortem

141 1000 259 1030 revixit
283 1005 316 1029 et
337 997 391 1029 alii
414 998 506 1029 multi
528 998 647 1029 Patres
675 1005 706 1029 et
730 997 917 1038 Prophetae
939 998 1127 1028 resuscitati

142 1047 228 1073 sunt.
275 1041 311 1071 Id
332 1048 399 1071 tam
421 1042 605 1072 mirandum
628 1051 712 1081 opus
731 1051 797 1071 non
824 1039 947 1071 frustra
975 1040 1126 1081 proposi-

141 1090 209 1116 tum
244 1090 295 1115 est
319 1083 505 1114 Ecclesiae.
550 1082 661 1114 Voluit
685 1083 837 1114 Christus
868 1083 954 1114 hane
979 1094 1071 1114 suam
1095 1088 1127 1112 et

142 1126 283 1158 aliorum
304 1127 593 1157 resuscitationem
621 1132 652 1157 et
676 1126 738 1156 hos
763 1125 941 1156 familiares
967 1135 1126 1167 congres-

143 1179 201 1201 sus
236 1175 268 1200 et
292 1168 459 1209 colloquia
482 1169 606 1199 dierum
630 1170 850 1210 quadraginta
872 1169 959 1208 apud
982 1169 1127 1208 Aposto-

143 1212 198 1243 los
221 1218 254 1242 et
277 1210 436 1252 reliquum
463 1218 592 1242 coetum
617 1212 697 1251 ipsis
721 1212 932 1242 coniunctum
955 1210 1083 1240 illustre
1096 1215 1127 1240 et

143 1255 280 1285 evidens
313 1254 535 1284 testimonium
570 1264 646 1283 esse
676 1254 716 1283 de
739 1254 983 1283 resurrectione
1007 1259 1039 1283 et
1060 1254 1127 1283 vita

142 1302 289 1327 aeterna.
336 1296 434 1330 Quod
468 1297 496 1325 si
533 1306 635 1335 saepe
669 1297 904 1336 cogitaremus,
927 1306 994 1326 non
1018 1294 1127 1326 solum

142 1348 304 1370 assensus
327 1347 387 1368 seu
410 1337 492 1368 fides
516 1339 548 1368 in
571 1339 687 1368 animis
711 1339 836 1368 nostris
860 1339 902 1369 de
920 1338 985 1369 hoc
1007 1339 1127 1368 articu-

142 1381 176 1413 lo
201 1380 461 1419 confirmaretur,
486 1381 544 1411 sed
568 1382 665 1411 etiam
689 1380 822 1412 facilius
845 1379 1008 1412 ferremus
1032 1390 1127 1411 aeru-

144 1434 240 1455 mnas
273 1423 371 1453 huius
405 1423 492 1453 vitae
521 1424 737 1454 brevissimae
760 1430 792 1454 et
814 1423 1059 1464 fugacissimae,
1081 1424 1128 1453 in-

143 1472 273 1497 tuentes
297 1466 329 1495 in
353 1464 431 1495 illud
455 1465 727 1497 iucundissimum
751 1466 937 1497 sodalitium
951 1465 1073 1497 Christi
1096 1471 1128 1496 et

143 1509 427 1539 resuscitatorum.
465 1506 604 1538 Sublata
627 1514 677 1538 est
702 1510 787 1539 enim
808 1510 966 1540 dubitatio
990 1515 1037 1539 tot
1062 1509 1128 1539 die-

142 1562 226 1589 rum,
250 1551 468 1591 quadraginta
490 1549 653 1587 videlicet,
679 1552 933 1582 conversatione
956 1558 987 1582 et
1011 1557 1057 1582 tot
1070 1551 1129 1581 ho-

143 1595 264 1624 minum
288 1593 537 1633 congressibus,
562 1591 686 1630 oculis,
720 1593 947 1634 complexibus
971 1600 1003 1624 et
1026 1593 1129 1624 collo-

145 1637 241 1677 quiis.
298 1636 374 1666 Non
410 1636 495 1665 enim
531 1637 714 1676 cogitemus
738 1636 906 1667 Christum
941 1643 972 1667 et
997 1642 1128 1667 ceteros

145 1679 363 1710 resuscitatos
387 1684 422 1709 ut
444 1676 577 1719 fugacia
602 1685 754 1718 spectra,
780 1680 807 1709 si
831 1680 961 1719 quando
986 1679 1128 1719 Aposto-

144 1720 197 1753 los
221 1722 384 1758 adierunt,
407 1721 518 1751 subito
543 1722 730 1758 evanuisse,
755 1722 815 1751 sed
835 1723 943 1752 crebri
956 1732 995 1752 ac
1008 1723 1130 1753 diutur-

145 1765 179 1795 ni
208 1773 411 1805 congressus
446 1762 576 1793 suerunt
612 1764 640 1794 ei
675 1762 852 1794 familiares
887 1774 1058 1795 sermones
1089 1766 1130 1794 de

146 1807 212 1837 hoc
235 1813 326 1837 tanto
351 1806 414 1836 Dei
438 1816 550 1846 opere,
574 1807 615 1836 de
639 1808 877 1836 instauratione
900 1806 1062 1837 humanae
1074 1818 1130 1837 na-

147 1856 252 1886 turae,
276 1849 317 1879 de
339 1855 431 1879 tanta
455 1847 560 1889 gloria
581 1850 701 1879 donata
726 1851 822 1879 nobis
847 1859 905 1888 per
928 1849 1054 1887 Filium,
1089 1850 1129 1880 de

147 1893 385 1934 propagatione
407 1890 580 1933 Evangelii
611 1893 695 1922 inter
719 1891 855 1922 Gentes.
901 1892 1052 1933 Denique
1075 1903 1129 1922 ex-

146 1934 251 1965 hibita
284 1941 361 1965 sunt
389 1940 479 1964 certa
502 1935 590 1964 vitae
614 1940 644 1965 et
667 1934 809 1965 laetitiae
833 1936 1029 1965 testimonia.

147 2020 276 2050 accidit.
310 2019 352 2050 Et
374 2031 449 2050 cum
471 2029 538 2050 rem
563 2026 685 2050 tautam
705 2019 797 2050 Deus
821 2031 886 2050 non
910 2020 1033 2051 frustra
1056 2030 1129 2061 spe-

148 2063 302 2093 ctandam
335 2062 530 2099 exhibuerit,
565 2072 695 2102 semper
731 2063 816 2093 hanc
839 2063 989 2094 scholam
1012 2063 1129 2093 horum

148 2105 368 2145 quadraginta
402 2105 527 2134 dierum
560 2105 677 2135 intueri
711 2116 773 2135 nos
804 2107 911 2136 animo
945 2107 1129 2146 oportebat.

149 2147 234 2177 Hinc
256 2147 356 2188 igitur
379 2153 411 2177 et
431 2147 471 2176 de
495 2146 606 2177 multis
629 2146 703 2178 aliis
728 2150 828 2179 rebus
853 2155 883 2179 et
907 2150 948 2179 de
971 2148 1130 2180 Resurre-

150 2190 260 2221 ctione
281 2199 322 2220 ac
345 2190 411 2220 vita
434 2195 571 2220 aeterna
594 2191 815 2222 testimonium
839 2198 998 2232 petamus.

235 2231 420 2262 Teneamus
445 2232 541 2262 etiam
563 2234 741 2273 perspicua
763 2235 849 2265 dicta
868 2235 901 2264 in
915 2235 1130 2265 concionibus

150 2272 284 2312 Christi,
316 2280 352 2304 ut
370 2273 487 2305 Matth.
521 2275 572 2305 25.
610 2279 675 2314 [γε.
699 2276 766 2315 34.]
812 2277 942 2315 Venite,
967 2277 1130 2308 benedicti

150 2316 258 2347 Patris
281 2317 355 2354 mei,
390 2318 560 2358 possidete
593 2325 743 2358 paratum
776 2321 871 2350 vobis
896 2330 1044 2361 regnum.
1089 2319 1131 2350 Et

150 2358 242 2390 Ioau.
265 2359 297 2390 5.
319 2359 398 2390 Item
420 2360 450 2391 6.
475 2362 540 2398 [vs.
563 2361 628 2399 401
656 2361 747 2393 Haec
771 2368 823 2393 est
845 2369 952 2396 autem
976 2362 1130 2394 voluntas

151 2400 259 2432 Patris
293 2403 367 2440 mei,
393 2403 447 2443 qui
470 2404 559 2433 misit
582 2414 644 2441 me,
667 2411 701 2435 ut
726 2406 843 2442 omnis,
867 2406 922 2446 qui
945 2407 1031 2437 videt
1055 2405 1131 2436 Fili-

153 2537 198 2567 26)
217 2539 377 2569 secuturum]
396 2539 470 2564 Editt.
491 2540 513 2564 1.
532 2541 556 2565 3.
574 2539 689 2564 futurum

1074 1935 1129 1965 Ni·
1151 1937 1153 1947 ²

147 1976 194 2007 hil
228 1976 334 2007 simile
362 1983 418 2007 aut
452 1978 556 2007 maius
590 1976 659 2007 ullo
683 1988 827 2017 uuquam
851 1983 997 2016 tempore
1020 1978 1129 2008 mundi
1150 1997 1152 2005 s

1175 275 1201 306 1,
1227 276 1305 306 Cor.
1332 276 1380 306 15.
1416 277 1535 306 acriter
1556 284 1743 318 propugnat
1763 284 1794 308 et
1818 278 1991 319 splendide
2014 281 2159 315 illustrat

1173 316 1261 349 hunc
1283 317 1466 349 articulum.

1259 376 1342 408 Cum
1376 383 1484 408 autem
1518 378 1605 408 dicta
1628 379 1661 408 in
1690 380 1824 420 scriptis
1846 380 2054 421 Apostolicis
2078 394 2156 418 nota

1172 420 1248 458 sint,
1275 419 1470 461 colligemus
1493 426 1625 451 vetusta
1637 421 1876 462 Prophetarum
1900 427 2098 466 testimonia,
2122 436 2156 460 ut

1171 469 1329 502 perpetua
1359 461 1534 493 Ecclesiae
1557 462 1702 502 Pati-um,
1737 464 1976 505 Prophetarum
2012 476 2043 500 et
2066 471 2155 512 Apo-

1172 504 1335 536 stolorum
1371 506 1531 535 sententia
1567 506 1607 535 de
1641 505 1705 537 hoc
1740 507 1876 539 articulo
1912 516 1943 540 et
1968 522 2154 545 consensus

1171 549 1347 578 universae
1370 546 1542 578 Ecclesiae
1563 547 1627 578 Dei
1653 551 1886 589 conspiciatur.

1257 607 1318 638 les*
1344 607 1396 638 26.
1422 609 1506 647 [vss.
1533 607 1705 646 19—521.]
1737 609 1858 640 Vivent
1882 614 1999 643 mortui
2024 616 2081 649 tui,
2106 617 2153 647 in-

1169 648 1298 681 terfecti
1321 650 1382 680 mei
1405 657 1599 691 resurgent3
1622 650 1896 693 Expergiscimini
1920 662 1951 685 et
1975 654 2153 697 laetamini,

1171 694 1224 733 qui
1258 693 1412 723 habitatis
1447 693 1480 723 in
1514 692 1667 733 pulvere,
1703 695 1779 735 quia
1804 706 1859 724 ros
1883 702 1958 727 tuus
1982 700 2041 729 erit
2060 700 2152 732 velut

1169 745 1226 765 ros
1260 741 1429 776 pratorum
1466 742 1497 766 et
1532 743 1619 766 terra
1644 743 1791 767 mortuos
1815 739 1932 769 eiiciet.
1978 741 2072 772 Vade
2095 754 2152 782 po-

1168 777 1265 818 pulus
1288 788 1380 809 meus
1404 778 1487 808 intra
1507 778 1658 810 cubicula
1682 785 1747 816 tua,
1762 779 1880 811 claude
1894 783 1977 813 ostia
1990 790 2057 821 tua,
2077 786 2151 816 abs-

1170 821 1313 851 condere
1342 822 1505 851 modicum
1538 822 1579 852 ad
1615 828 1828 860 momentum,
1864 825 1969 855 donec
2003 832 2152 858 transeat

1169 864 1350 904 indignatio
1375 874 1457 893 mea.
1492 863 1581 894 Ecce
1605 866 1689 894 enim
1712 864 1874 896 Dominus
1901 869 2087 908 egredietur
2110 871 2151 900 de

1169 905 1244 937 loco
1280 916 1358 943 suo,
1395 912 1429 936 ut
1464 907 1601 947 dissipet
1625 907 1826 947 iniquitatem
1850 908 2065 941 habitantium
2087 918 2151 942 ter-

1170 960 1238 979 ram
1264 955 1379 979 contra
1402 958 1472 985 eos,
1497 956 1528 979 et
1551 948 1709 980 revelabit
1734 956 1820 980 terra
1840 953 2031 992 sanguinem
2054 964 2151 985 suum

1171 997 1201 1022 et
1224 1002 1289 1022 11011
1314 992 1439 1031 operiet
1473 990 1560 1022 ultra
1589 991 1781 1023 interfectos
1811 1004 1901 1024 suos.
1949 994 2038 1026 Haec
2074 1007 2151 1027 con-

1170 1034 1221 1064 cio
1257 1033 1443 1064 clarissime
1477 1033 1620 1075 loquitur
1655 1036 1695 1065 de
1729 1037 1967 1067 resuscitandis
2002 1039 2150 1076 mortuis,

1171 1078 1211 1107 de
1246 1077 1374 1118 gaudiis
1409 1084 1615 1113 sanctorum,
1651 1078 1691 1107 de
1721 1079 1836 1117 poeuis
1861 1079 2031 1119 impiorum
2054 1087 2085 1110 et
2110 1082 2151 1111 de

1170 1120 1339 1159 praesenti
1373 1117 1553 1151 afflictione
1588 1119 1771 1150 Ecclesiae.
1833 1120 1944 1155 Quare
1978 1121 2152 1164 diligenter

1172 1162 1415 1192 consideranda
1438 1168 1498 1192 est.
1532 1161 1655 1192 Mortui
1688 1163 1733 1192 tui
1758 1163 1888 1203 (inquit)
1918 1164 2040 1194 vivent.
2084 1165 2151 1195 Vo-

1171 1210 1225 1234 cat
1258 1210 1395 1234 sanctos
1428 1210 1575 1235 mortuos
1605 1205 1678 1241 i'ei,
1708 1211 1743 1235 ut
1777 1205 1943 1246 significet
1965 1206 2153 1238 Ecclesiam

1170 1246 1224 1277 hic
1247 1245 1351 1286 affligi
1375 1253 1510 1287 propter
1533 1247 1659 1282 Deum3
1706 1247 1810 1282 Quasi
1833 1249 1977 1279 diceret:
2013 1248 2084 1280 Filii
2107 1251 2152 1280 tui

1171 1294 1203 1319 et
1225 1288 1388 1319 interfecti
1410 1297 1546 1329 propter
1558 1296 1601 1327 te,
1625 1297 1655 1320 et
1675 1291 1729 1330 qui
1752 1291 1809 1320 tibi
1833 1300 1933 1321 curae
1966 1297 2062 1329 sunt,
2095 1293 2150 1323 ite-

1171 1342 1243 1362 rum
1266 1332 1388 1362 vivent.
1418 1331 1534 1367 Qualis
1557 1338 1665 1363 autem
1688 1333 1748 1363 erit
1770 1333 1837 1363 vita
1860 1334 2013 1365 aeterna?
2037 1334 2153 1365 Laeta-

1171 1375 1259 1410 mini,
1284 1375 1398 1414 inquit,
1421 1373 1484 1406 hoc
1509 1381 1570 1412 est,
1595 1376 1636 1414 pii
1656 1382 1814 1415 perpetua
1835 1375 1977 1414 laetitia,
2001 1376 2150 1417 perfecta

1171 1417 1339 1457 agnitione
1362 1416 1425 1448 Dei
1459 1424 1490 1448 et
1526 1417 1673 1458 perfecta
1709 1418 1831 1449 iustitia
1858 1420 1929 1449 sine
1958 1425 2096 1459 peccato
2122 1426 2154 1450 et

1172 1464 1277 1490 morte
1299 1469 1430 1498 semper
1452 1460 1602 1491 virebunt
1627 1466 1659 1490 et
1681 1460 1857 1499 florebunt,
1881 1463 1965 1492 sicut
1988 1469 2083 1502 prata
2105 1472 2155 1492 re-

1173 1502 1343 1532 virescunt
1366 1512 1452 1532 rore.
1510 1502 1640 1533 Deinde
1662 1504 1810 1544 aspergit
1829 1503 2090 1535 consolationem
2114 1505 2154 1535 de

1173 1543 1418 1575 afflictionibus.
1466 1544 1530 1575 Sed
1556 1545 1792 1586 aliquantisper
1816 1553 1943 1586 oportet
1967 1547 2155 1578 Ecclesiam

1174 1586 1277 1628 affligi
1312 1594 1344 1617 et
1378 1594 1515 1618 mortem
1549 1589 1685 1628 perpeti.
1732 1588 1833 1619 Erunt
1869 1589 1986 1620 inclusi
2010 1589 2097 1621 velut
2122 1591 2156 1620 iu

1175 1629 1339 1666 cubiculo.
1373 1629 1499 1661 scilicet
1536 1632 1611 1671 quia
1644 1633 1866 1662 servabuntur
1900 1634 1931 1663 in
1954 1632 2106 1663 Ecclesia
2126 1639 2157 1664 et

1175 1674 1276 1704 verbo
1311 1682 1416 1713 usque
1451 1673 1494 1702 ad
1522 1674 1686 1704 iudicium.
1733 1673 1854 1704 Postea
1878 1677 2095 1707 concionatur
2114 1677 2154 1707 de

1174 1715 1290 1755 poenis
1325 1716 1495 1755 impiorum
1530 1722 1561 1745 et
1584 1717 1701 1756 repetit
1724 1718 1919 1748 sententiam
1944 1719 1984 1748 de
2008 1729 2155 1750 resurre-

1175 1759 1297 1788 ctione:
1332 1758 1406 1787 Non
1441 1759 1565 1798 operiet
1600 1765 1688 1790 terra
1721 1758 1807 1790 ultra
1846 1760 2038 1792 interfectos
2073 1773 2155 1794 suos

1175 1806 1237 1830 etc.

1262 1851 1323 1881 les.
1347 1851 1400 1881 66.
1426 1854 1508 1888 lvss.
1533 1853 1685 1892 22—24.]
1710 1852 1801 1883 Sicut
1826 1853 1909 1884 coeli
1934 1856 2011 1885 novi
2036 1862 2067 1886 et
2090 1864 2154 1888 ter-

1175 1904 1212 1924 ra
1241 1904 1339 1930 nova,
1374 1894 1450 1924 dicit
1471 1894 1646 1933 Dominus,
1675 1896 1723 1926 sic
1747 1897 1847 1926 stabit
1872 1907 1984 1927 semen
2008 1904 2153 1931 vestrum

1175 1943 1204 1966 et
1240 1947 1358 1966 nomen
1395 1944 1541 1967 vestrum
1577 1948 1688 1968 coram
1712 1949 1773 1969 me.
1818 1938 1859 1969 Et
1883 1940 1942 1969 erit
1966 1942 2089 1971 mensis
2114 1952 2154 1973 ex

1175 1989 1298 2015 mense.
1323 1980 1502 2010 Sabbatum
1527 1990 1566 2010 ex
1586 1980 1746 2018 Sabbato,
1770 1987 1801 2011 et
1825 1982 1931 2012 veniet
1945 1984 2049 2013 omnis
2063 1995 2153 2023 caro,

1174 2029 1207 2052 ut
1241 2022 1356 2052 adoret
1390 2032 1501 2052 coram
1535 2022 1620 2053 facie
1653 2033 1737 2060 mea,
1773 2024 2056 2056 dieitDominus.
2113 2027 2155 2057 Et

1175 2065 1386 2105 egredientur
1426 2071 1458 2095 et
1499 2066 1654 2096 videbunt
1690 2066 1853 2097 cadavera
1896 2068 2057 2105 virorum,
2099 2071 2154 2110 qui

1174 2108 1391 2147 praevaricati
1425 2115 1500 2138 sunt
1534 2109 1565 2138 in
1600 2119 1662 2139 me.
1708 2108 1840 2139 Vermis
1865 2114 1977 2140 efflum
1996 2121 2063 2141 non
2086 2122 2154 2142 mo-

1175 2150 1274 2180 rietur
1297 2155 1328 2180 et
1351 2150 1437 2190 ignis
1457 2160 1571 2181 eorum
1595 2161 1661 2181 non
1685 2152 1900 2192 extinguetur*
1929 2158 1958 2183 et
1983 2159 2076 2183 erunt
2099 2164 2154 2184 us-

1175 2202 1238 2233 que
1272 2194 1314 2223 ad
1347 2193 1531 2224 satietatem
1566 2194 1701 2225 visionis
1726 2195 1811 2224 omni
1837 2203 1937 2224 cari
1984 2195 2154 2227 Describit

1176 2242 1205 2265 et
1240 2234 1294 2265 hic
1316 2235 1413 2266 locus
1436 2242 1622 2277 utrumque,
1646 2246 1773 2277 poenas
1796 2243 1949 2267 aeterms
1969 2239 2152 2279 impiorum,

1152 2290 1154 2317 g.
1176 2279 1293 2319 gaudia
1305 2280 1348 2311 ²⁷)
1372 2279 1551 2314 iustorumg
1575 2279 1614 2309 Et
1638 2279 1745 2320 qualis
1769 2280 1810 2309 sit
1834 2280 1900 2310 vita
1946 2286 2071 2318 eterna,
2097 2282 2153 2312 do-

1177 2327 1239 2357 cet,
1264 2331 1337 2351 culn
1360 2322 1415 2358 ait,
1438 2321 1622 2362 Perpetuos
1647 2332 1779 2352 menses
1800 2328 1830 2352 et
1853 2332 1934 2362 perp
1949 2330 2046 2364 {tuum
2071 2323 2152 2354 Sab-

1177 2364 1285 2393 batum
1320 2362 1402 2401 fore,
1436 2364 1501 2394 hoc
1538 2371 1606 2402 est,
1640 2371 1833 2405 perpetuum
1856 2364 1976 2396 festum
1999 2367 2095 2403 diem,
2117 2371 2153 2396 ut

1175 2412 1333 2447 perpetuo
1368 2407 1506 2437 adorent
1540 2407 1717 2438 Dominum
1751 2417 1864 2437 omnes
1900 2409 2017 2440 sancti.
2083 2407 2153 2438 Erit

1174 2543 1219 2571 27)
1237 2543 1341 2575 gaudia]
1361 2544 1434 2569 Editt.
1456 2545 1477 2566 1.
1497 2545 1520 2569 3.
1542 2546 1566 2568 et
1584 2543 1677 2574 gaudia
