2358 2933
95 128 160 161 229
572 125 595 154 1.
619 123 719 155 LOCI
741 123 1016 154 THEOLOGICI:
1039 124 1078 154 Β.
1102 123 1243 155 PRIMA
1265 123 1420 155 EORUM
1443 124 1600 156 AETAS.
2029 126 2092 158 230

164 224 187 241 ¹¹
337 219 409 249 Hoc
433 223 499 255 est,
530 218 618 258 quod
641 216 764 248 Paulus
786 216 880 247 Rom.
907 215 956 246 13.
979 221 1070 256 pote·
1201 216 1337 257 Loquor
1366 223 1472 250 autem
1504 218 1544 248 de
1566 218 1606 248 iis
1630 217 1875 254 traditionibus,
1905 218 1938 248 iu
2001 221 2032 239 ²³

251 267 369 292 statem
393 260 630 290 ordinationem
652 259 717 290 Dei
740 265 847 290 vocat.
1116 259 1235 299 quibus
1254 258 1333 289 nihil
1348 266 1462 290 contra
1481 261 1675 300 scripturam
1691 260 1856 290 decretum
1875 265 1936 289 est.

163 307 189 325 ¹2
336 303 420 333 Nam
445 303 605 333 ordinatio
629 313 649 333 a
670 301 745 332 Deo
769 308 830 338 est,
854 299 969 341 quales
994 311 1072 341 qua·
1202 301 1349 331 Verbum
1371 302 1435 332 Dei
1461 301 1545 332 alios
1569 302 1722 337 vivificat,
1745 300 1828 332 alios
1852 303 1938 332 occi·
2002 304 2032 322 ²⁴

250 345 301 376 les
324 351 418 382 511111,
443 345 496 385 qui
520 344 574 375 vel
592 345 766 381 invadunt,
796 342 850 374 vel
873 348 990 383 gerunt
1016 344 1072 373 im-
1117 344 1173 380 dit,
1192 344 1265 383 quja
1283 345 1438 375 mundum
1456 345 1585 375 iudicat.
1617 344 1674 375 Sic
1692 343 1854 374 Ananiam
1876 343 1938 374 Pe-

249 388 386 430 perium.
1117 392 1187 415 trus
1207 387 1276 415 iure
1301 387 1429 417 occidit.

163 433 189 451 ¹³
338 429 419 460 Cum
443 430 654 471 magistratus
673 434 728 459 aut
746 428 910 468 principes
929 428 1073 464 1101111110,
1202 427 1420 459 Minister-ium
1440 427 1624 469 Evangelii,
1643 428 1741 468 plane
1765 427 1934 467 spirituale
1998 430 2028 448 ²⁵

251 471 497 513 comprehendo
521 480 635 502 omnes
658 471 825 501 ministros
847 470 970 511 legum,
993 470 1073 500 iudi·
1117 469 1265 510 regimen
1285 476 1345 501 est.

252 525 320 552 665,
343 515 536 551 advocatos,
559 519 717 553 patronos
743 512 947 553 litigantium.
1095 547 1097 552 ¹
1206 512 1302 546 Quod
1326 513 1401 553 quia
1423 512 1591 552 praedicat
1614 512 1767 542 iustitiam
1795 512 1937 551 spiritus,
2002 513 2032 532 ²⁶

162 560 188 577 ¹⁴
337 557 408 587 Hac
421 557 637 592 ordinatione,
657 556 732 596 quia
746 556 833 585 bona
848 561 999 585 creatura
1009 553 1074 584 Dei
1095 556 1097 565 ’
1117 553 1196 584 nihil
1221 555 1389 585 constituit
1412 555 1452 584 de
1471 560 1608 585 externo
1633 564 1742 584 rerum
1764 564 1836 584 usu.

251 605 313 637 651,
332 600 377 630 uti
396 600 467 629 sine
486 605 623 638 peccato
640 603 780 637 possunt
798 596 907 638 legum
926 597 1072 627 ministri.
1205 596 1288 627 Nam
1310 597 1431 627 iustitia
1457 597 1608 637 spirituS,
1633 602 1683 626 est
1706 597 1771 627 vita
1795 602 1939 633 aeterna,
2003 598 2032 616 ‘²⁷

164 643 190 662 ¹⁵
367 647 495 678 eccam,
519 641 573 681 qui
593 646 709 671 contra
730 640 817 670 hanc
837 640 1075 671 ordinationem
1119 640 1255 669 verbum
1283 640 1367 669 enim
1390 639 1456 669 vita
1475 645 1536 669 est.
1572 638 1684 669 Ioann.
1706 639 1732 669 1.

249 690 410 724 usurpant
423 682 579 724 gladium,
599 683 780 713 cuiusmodi
793 689 880 719 sunt,
899 682 953 722 qui
968 680 1075 712 aliena
1205 681 1290 716 Quid
1308 687 1416 712 autem
1430 682 1513 712 11136
1531 687 1696 718 aeternae,
1722 691 1794 710 cum
1811 681 1939 711 iustitiis
2004 682 2034 701 ²⁴3

249 726 418 756 invadunt.
1119 724 1240 760 carnis,
1254 734 1338 764 quae
1352 725 1439 754 circa
1451 734 1504 754 res
1514 733 1576 754 usu
1583 729 1759 764 pereuntes
1768 723 1939 754 versatur?

162 772 190 790 ¹⁶
336 768 503 798 peccabat
526 773 558 798 et
580 767 710 804 Petrus,
734 777 831 807 quom
855 772 971 797 contra
991 766 1075 796 ordi·
1204 766 1327 797 Misere
1349 765 1518 803 falluntur,
1543 767 1597 807 qui
1619 766 1772 796 iustitiam
1795 766 1940 806 spii'ituS‚
2003 766 2034 785 '²⁹

250 811 415 842 nationem
438 809 614 850 legitimam
639 808 783 851 gladium
806 815 990 849 usurparet.
1118 807 1198 839 nihil
1217 808 1306 840 aliud
1325 819 1400 839 esse
1420 809 1572 847 iudicant,
1598 819 1695 849 quam
1717 807 1806 838 illam
1826 818 1939 839 carna-

164 857 189 875 17
336 853 421 883 Ν3111
440 859 472 882 et
497 851 648 882 Christus
672 851 771 893 gladii
793 853 843 882 ius
863 852 1074 887 confirmans,
1118 850 1182 881 lem
1206 852 1360 882 iustitiam
1383 852 1503 882 mundi.

251 896 364 937 inquit,
377 894 601 936 gladiooecidi
612 895 743 932 debere,
753 895 806 935 qui
816 893 1073 935 sumitgladimn.
1205 893 1287 924 Cum
1311 895 1432 925 iustitia
1460 895 1570 924 mundi
1599 901 1687 923 stare
1717 899 1825 933 potest
1849 894 1941 936 igno·
2005 896 2035 914 3⁰

164 941 190 959 ¹5
335 937 412 968 Non
424 937 575 977 peccavit.
592 936 682 974 Iehu,
703 947 775 967 cum
787 937 949 967 adversus
962 946 1075 977 regem
1118 937 1200 966 ratio
1232 942 1263 966 et
1287 942 1493 977 contemptus
1517 936 1599 973 Dei,
1629 946 1731 977 quare
1757 946 1797 967 ea
1820 936 1940 967 iustitia

252 990 342 1011 arma
364 980 460 1019 cepit,
485 979 573 1019 quod
591 979 623 1009 id
640 978 753 1010 fecerit
774 985 888 1019 aperta
902 980 1075 1010 vocatione
1118 989 1183 1009 non
1208 984 1259 1009 est
1281 980 1358 1009 vita.

250 1021 372 1053 Divina
396 1027 542 1051 coactus.
1205 1020 1271 1051 Sed
1297 1031 1352 1051 res
1379 1021 1541 1061 quaedam
1565 1020 1724 1057 exterior,
1748 1030 1811 1061 qua
1835 1021 1941 1051 sancti
2005 1022 2034 1041 3¹

163 1068 189 1085 ¹⁹
336 1062 492 1094 Peccavit
512 1063 653 1100 Sambri,
677 1063 731 1103 qui
752 1064 833 1093 citra
851 1068 997 1103 apertam
1018 1072 1074 1093 vo·
1118 1063 1167 1092 sic
1189 1068 1333 1100 utuntur,
1356 1070 1390 1093 ut
1415 1064 1488 1094 cibo
1513 1068 1543 1093 et
1566 1069 1656 1103 potu.
1676 1063 1678 1065 ’

251 1106 412 1137 cationem
431 1115 569 1146 regnum
584 1105 713 1135 invasit.
1206 1104 1288 1135 Iusti
1312 1106 1443 1146 spiritu.
1473 1115 1540 1136 non
1565 1111 1705 1145 possunt
1728 1106 1817 1137 abuti
1840 1106 1938 1136 rebus
2004 1107 2034 1125 3²

159 1152 189 1169 '²⁰
335 1148 499 1188 Legitima
529 1148 709 1185 ordinatio,
741 1148 815 1188 quia
843 1158 883 1178 ex
906 1146 980 1178 Deo
1012 1148 1274 1185 est,³exte1'11iS.

249 1201 316 1221 11011
338 1196 460 1231 potest,
483 1191 545 1221 nisi
567 1190 641 1221 Deo
664 1191 808 1228 iubente,
832 1188 959 1221 violari.
1053 1192 1056 1195 ⁴
1203 1190 1317 1231 ltaque
1336 1188 1510 1231 corporale
1525 1191 1670 1232 regimen
1689 1191 1872 1221 institutum
1890 1197 1938 1221 651
2004 1192 2034 1209 ¹³⁹·

159 1236 186 1254 2¹
336 1231 556 1274 spiritualiter
585 1233 728 1274 regitur,
763 1232 836 1263 solo
866 1233 968 1263 verbo
999 1231 1073 1269 Dei,
1096 1236 1097 1267 ζ
1118 1233 1159 1263 3(1
1191 1232 1400 1263 cohercenda
1425 1243 1564 1273 corpora
1590 1243 1717 1271 eorum,
1749 1234 1803 1273 qui
1827 1239 1939 1264 carent

250 1286 317 1306 non
338 1274 480 1306 humana
505 1276 662 1316 potentia.
1118 1275 1233 1315 spiritu
1256 1275 1330 1306 Dei.

157 1320 188 1338 ²¹2
333 1317 594 1348 Ecclesiasticae
613 1318 816 1356 traditiones,
845 1317 960 1348 civiles
979 1316 1074 1359 leges
1202 1318 1353 1349 Breviter
1380 1318 1500 1349 iustitia
1525 1318 1652 1355 mundi,
1686 1327 1752 1348 non
1784 1323 1834 1348 est
1864 1317 1941 1355 vita,
2004 1318 2034 1336 3⁴

253 1366 340 1397 sunt,
368 1366 399 1390 et
426 1361 635 1402 paedagogia
655 1361 824 1401 quaedam,
844 1359 922 1391 nihil
936 1361 977 1391 ad
989 1361 1074 1401 regi·
1117 1361 1178 1391 sed
1201 1371 1302 1399 mors,
1328 1366 1359 1392 et
1382 1361 1509 1401 peccati
1531 1370 1649 1401 poena.

252 1412 327 1434 meu
351 1401 524 1443 spirituale
550 1404 730 1444 pertinens.

1658 1401 1769 1434 PHIL.
1794 1401 1896 1433 MEL.

248 1610 327 1641 Inter
353 1612 444 1640 huius
468 1614 579 1650 primae
599 1614 707 1641 aetatis
726 1614 897 1642 Editionem
917 1623 941 1642 a.
966 1616 1053 1643 1525.
1076 1618 1105 1643 et
1124 1615 1245 1653 primam
1265 1615 1420 1644 secundae
1439 1616 1548 1645 aetatis
1568 1617 1726 1646 intercedit
1751 1618 2006 1648 Euchiridion
2027 1621 2094 1650 Lo-

94 1665 215 1683 corum
236 1665 251 1683 a
275 1654 470 1683 Melanthone
489 1655 675 1684 institutum.
697 1666 752 1684 nec
770 1660 868 1684 tamen
889 1656 1088 1694 impressum,
1114 1658 1201 1686 cuius
1229 1657 1398 1695 exemplum
1418 1668 1472 1686 ms.
1492 1668 1527 1686 an
1548 1660 1665 1697 uspiam
1686 1665 1837 1689 servetur.
1865 1662 1963 1690 adhuc
1982 1663 2093 1697 ignoro,

94 1701 124 1725 et
151 1697 186 1725 ad
215 1697 295 1734 quod
320 1698 469 1735 pertinent
495 1708 531 1726 ea
549 1697 755 1726 Melanthonis
783 1699 888 1728 verba.
920 1709 997 1736 quae
1016 1698 1155 1736 leguntur
1173 1700 1201 1728 in
1222 1701 1288 1728 eius
1309 1699 1415 1728 llbello
1439 1700 1552 1729 Brevis
1571 1701 1740 1730 discendae
1759 1702 1934 1741 theoloyiae
1954 1693 2035 1733 1(ιῖίο
2056 1707 2094 1733 in-

94 1740 217 1777 scripto.
238 1749 263 1767 a.
288 1741 377 1768 153⁴).
406 1740 530 1776 primum
552 1740 633 1767 edito
654 1743 776 1773 (recuso
797 1741 824 1768 in
845 1740 935 1768 huius
957 1739 1045 1779 Corp.
1064 1741 1137 1769 Vol.
1159 1740 1194 1769 Π.
1215 1752 1244 1780 p.
1266 1745 1325 1771 456
1346 1748 1449 1780 sqq.):
1484 1741 1712 1773 ..instituendus
1734 1749 1782 1773 est
1801 1750 1830 1773 61
1849 1745 1972 1774 libellus
1992 1749 2094 1776 articu-

93 1781 187 1810 lorum
209 1782 277 1809 fidei
297 1781 334 1809 de
353 1782 492 1815 1111111316,
518 1782 555 1809 (16
576 1783 735 1816 creatione,
756 1783 794 1811 (16
814 1782 927 1811 Christi
947 1784 1065 1812 duabus
1086 1785 1209 1818 naturis,
1230 1785 1268 1812 de
1288 1788 1411 1822 peccato
1436 1786 1580 1822 originali,
1605 1787 1643 1814 de
1663 1786 1757 1815 libero
1774 1788 1903 1816 arbitrio.
1924 1789 1961 1816 de
1982 1790 2096 1818 iustitia

95 1824 174 1855 fidei,
195 1824 232 1852 de
244 1823 395 1856 Ecclesia,
416 1823 453 1851 de
474 1823 621 1853 clavibus.
653 1824 710 1852 Hic
729 1825 854 1853 libellus
874 1836 969 1863 paene
989 1826 1100 1854 similis
1121 1828 1175 1854 erit
1195 1826 1290 1855 Locis
1310 1827 1522 1860 ronunzmibus,
1543 1829 1599 1856 sed
1619 1833 1729 1857 tantum
1751 1830 1878 1858 breviter
1891 1830 1981 1859 (161161
1995 1836 2094 1860 1611616

94 1866 273 1899 sententias,
295 1876 372 1903 quae
391 1867 515 1903 probant
534 1866 678 1895 articulos
698 1877 755 1895 seu
775 1868 924 1905 dogmata.
951 1870 1032 1896 sieut
1055 1879 1112 1906 eyo
1131 1870 1254 1897 institui
1273 1869 1475 1898 enchiridion.
1497 1872 1582 1899 ruins
1605 1870 1772 1908 ammplam
1797 1871 1834 1899 ab
1856 1872 1912 1900 his.
1936 1875 1989 1911 qui
2008 1874 2094 1902 audi-

94 1912 213 1938 verunt.
240 1912 347 1946 petere
372 1912 496 1945 potem-‘-
543 1908 627 1937 Haec
653 1919 723 1937 vero
751 1920 808 1938 non
828 1912 976 1948 pertinere.
996 1911 1032 1939 ad
1052 1911 1201 1939 Locorum
1221 1911 1493 1941 adumbrationem.
1525 1923 1623 1950 neque
1642 1914 1680 1941 ad
1700 1913 1780 1942 illam
1801 1915 1974 1951 genuinam.
2007 1926 2093 1953 quam

94 1960 184 1988 supra
203 1960 230 1989 p.
253 1952 400 1979 11—4-3.
427 1951 524 1984 edidi,
552 1961 649 1989 neque
674 1952 710 1980 ad
732 1952 811 1980 illam
832 1963 847 1981 a
866 1953 994 1987 Kohlio,
1022 1952 1203 1982 Professore
1223 1954 1463 1992 Hamburgensi.
1490 1965 1515 1984 a.
1540 1957 1630 1985 1752.
1651 1966 1667 1983 6
1686 1955 1891 1985 Melanthonis
1912 1958 2093 1996 autographo

93 1994 218 2031 primum
238 1993 365 2025 editam,
391 2003 481 2032 supra
499 2004 528 2032 p.
550 1996 697 2023 49—60.
729 2005 883 2029 recusam,
914 1995 1003 2024 facile
1023 2000 1071 2024 est
1091 1996 1262 2025 intellectu.
1295 2006 1330 2024 36
1348 1997 1442 2025 11111110
1462 1998 1561 2026 minus
1581 1998 1617 2026 ad
1636 1998 1879 2036 Dispositionem
1900 2001 2041 2029 orationis
2066 2001 2092 2029 in

93 2035 151 2073 Ep.
173 2034 259 2063 Pauli
279 2035 316 2063 ad
335 2035 422 2064 Rom.
442 2037 498 2064 iam
523 2046 549 2064 a.
574 2037 664 2066 1529.
686 2037 794 2065 editam
821 2042 957 2075 spectant
983 2039 1066 2071 (vide
1086 2038 1182 2067 Maur.
1204 2038 1366 2076 Roedigeri
1392 2040 1634 2069 dissertationem
1655 2051 1745 2079 supra
1765 2051 1792 2079 p.
1818 2044 1843 2069 1.
1864 2043 1968 2075 notan
1994 2042 2093 2071 lauda-

94 2082 151 2106 tam
172 2087 199 2115 p.
220 2080 273 2114 «1).

156 2290 199 2330 (¹.
264 2290 607 2331 SECUNDA
663 2271 906 2332 AETAS.
967 2293 1325 2334 LOCORUM
1379 2295 2032 2338 THEOLOGIOORUM

588 2367 666 2406 AB
705 2367 827 2408 IPSO
868 2369 1261 2409 MELANTHONE
1301 2371 1607 2411 EDITORUM.

250 2456 437 2495 Quamquam
458 2467 527 2485 vero
553 2457 623 2485 illae
643 2458 793 2487 editiones
818 2460 931 2497 primae
950 2459 1041 2488 huius
1061 2460 1127 2489 libri
1148 2461 1255 2489 aetatis
1275 2465 1356 2490 tanto
1376 2461 1486 2499 plausu
1506 2465 1649 2500 exceptae
1669 2465 1699 2491 et
1717 2463 1889 2492 auctoritate
1910 2465 2090 2501 quasicano-

96 2500 161 2527 nica
181 2503 300 2528 01113136
319 2504 410 2529 erant.
430 2503 528 2528 tamen
548 2504 652 2528 auctor
669 2510 738 2528 mox
758 2501 903 2530 intellexit
926 2501 1030 2539 plures
1056 2503 1124 2531 eius
1151 2503 1237 2531 locos
1269 2505 1450 2532 accuratiore
1478 2504 1681 2542 disputatione
1707 2514 1806 2542 egere.
1858 2505 1930 2534 Erat
1957 2507 2033 2534 enim
2064 2508 2090 2534 in

98 2546 198 2570 natura
218 2543 271 2570 viri
292 2542 454 2579 singularis
475 2546 504 2571 et
524 2543 662 2571 sincerus
684 2542 736 2571 ille
760 2544 895 2572 veritatis
915 2554 1011 2578 311101,
1034 2545 1099 2581 qui,
1125 2555 1182 2573 non
1204 2546 1344 2583 ignorans
1365 2556 1451 2583 quam
1473 2546 1631 2575 humanum
1651 2548 1691 2576 sit
1709 2557 1819 2581 errare,
1851 2558 1956 2576 omnes
1977 2559 2090 2576 errores

1895 2606 1939 2631 15*
