2358 2933
260 120 323 152 335
890 121 999 153 PHIL.
1022 122 1123 153 MEL.
1147 122 1331 155 SCRIPTA
1354 123 1627 156 DOGMATICA.

262 215 454 243 sentientes.
468 221 575 244 tamen
595 215 625 243 iu
646 213 838 253 explicando
854 216 946 254 quasi
967 215 1015 244 sui
1036 214 1234 246 obliviscun-
1254 221 1258 229 '

263 263 324 285 tur.
350 266 409 285 nec
435 258 513 285 satis
534 257 704 285 connuodc
728 256 837 286 dicunt
862 257 949 296 quod
969 255 1093 287 volunt.
1125 258 1234 298 Saepe

262 299 378 327 cedunt
405 299 505 327 oncri.
531 309 589 327 uct·
610 305 758 336 possunt.
773 299 858 337 quod
882 300 1036 336 sentiunt,
1057 309 1232 339 exponere.

262 339 305 368 lu·
322 351 338 367 c
367 351 438 369 cum
466 347 581 379 postca
605 341 740 379 imperiti
765 341 935 379 opiniones
959 352 1071 380 parum
1092 352 1232 372 commo-

260 382 321 411 das
351 380 518 410 haur-lunt.
549 380 719 420 plurimum
745 383 846 411 oritur
866 382 1097 413 scandalorum
1117 385 1147 414 iu
1172 384 1233 414 Ec-

260 422 372 452 clesia.
422 423 508 452 llaec
529 425 631 452 sciunt
655 434 704 453 mc
729 434 792 454 non
816 423 936 454 frustra
959 426 1061 465 queri,
1086 427 1139 465 qui
1160 438 1231 457 cum

261 549 366 589 geutia
393 550 608 579 desideretur.

259 644 422 672 pcrcmus.
447 641 475 663 ct
502 644 612 664 ‹vrttm
627 635 748 665 diserte
767 636 939 665 sciscitari.
959 637 1034 676 quid
1055 638 1229 668 senserint.

257 686 340 715 quos
376 674 546 705 habuerint
578 685 723 707 autores.
781 677 978 707 Praesertim
1013 686 1067 709 aut
1103 680 1135 708 in
1167 678 1229 709 hoc.

258 718 368 757 scripti
393 728 514 757 genere
538 720 568 748 in
592 718 765 755 methodis,
785 730 880 759 quam
905 718 1003 749 multa
1027 730 1091 750 non
1111 721 1230 751 obscu-

257 770 292 789 re
329 767 490 790 taxantur.
539 762 675 796 Quoties
712 761 877 801 iugulatur
900 763 1062 802 Origenes
1091 764 1122 792 in
1146 762 1228 792 libro

258 805 323 840 περὶ
347 802 455 841 &QG-1¹.
502 803 725 844 Longobardo
750 814 790 834 ne
826 804 954 843 quidem
979 805 1080 844 ipsius
1110 803 1230 834 alumni

256 852 484 885 pepercerunt.
551 846 590 875 Et
637 846 797 886 quaedam
833 847 901 875 iure
935 846 1227 886 reprehenduntur.

259 888 369 927 ltaque
401 898 472 917 cum
502 895 626 917 tantum
657 895 686 917 et
718 886 920 918 difficultatis
949 895 978 917 et
1008 888 1144 928 periculi
1175 889 1228 925 sit,

257 939 454 969 componere
477 929 674 960 methodum.
699 939 798 970 saepe
822 929 896 960 mihi
918 931 1003 961 venit
1024 932 1055 960 iu
1075 936 1227 967 mentem,

255 971 286 1002 id
311 982 375 1001 nou
400 972 494 1002 unius
519 971 656 1002 hoininis
681 982 764 1012 opus
792 982 868 1003 esse
892 973 1023 1010 debere,
1048 974 1108 1003 sed
1132 983 1229 1013 syno-

256 1014 299 1044 di.
325 1015 355 1043 in
380 1024 443 1054 qua
468 1014 647 1045 doctissimi
672 1020 702 1044 et
727 1016 836 1055 optimi
860 1015 931 1052 viri,
956 1025 991 1045 re
1016 1017 1230 1046 comnmniter

256 1055 447 1093 deliberata,
472 1057 512 1087 de
536 1058 685 1087 omnibus
708 1058 747 1087 iis
771 1056 930 1094 articulis.
955 1057 994 1087 de
1013 1058 1132 1097 quibus
1157 1067 1229 1087 sae·

255 1109 296 1139 pe
321 1100 468 1129 oriuntur
492 1100 754 1136 controversiae,
779 1106 809 1129 et
834 1100 996 1140 quaedam
1018 1101 1049 1129 in
1070 1100 1150 1140 ipsis
1174 1109 1229 1129 ve-

256 1142 379 1171 teribus
409 1140 637 1172 dissimilitudo
668 1147 735 1178 est,
767 1141 940 1182 diligenter
962 1142 1161 1178 iudicarent,
1197 1147 1227 1171 et

255 1184 414 1224 integram
440 1184 621 1214 doctrinam
644 1183 812 1224 religionis
836 1185 979 1214 ederent.
1015 1184 1110 1218 Quod
1134 1183 1228 1214 Plato

255 1227 372 1266 inquit,
404 1224 572 1266 Pn'ncipes
603 1236 712 1256 rerum
739 1225 944 1267 publicarum
965 1227 1141 1266 praecipue
1164 1226 1228 1256 hoc

256 1267 390 1299 efficere
421 1269 560 1305 debere,
589 1274 623 1298 ut
647 1269 736 1299 cives
761 1275 790 1298 et
816 1269 901 1299 beati
924 1269 989 1298 sint
1019 1275 1049 1298 et
1081 1269 1165 1298 inter
1192 1276 1229 1297 se

254 1311 360 1346 amici,
386 1310 427 1339 ad
451 1310 538 1341 hunc
563 1311 718 1351 optimum
730 1310 904 1341 Ecclesiae
924 1316 1043 1340 statum
1065 1309 1156 1341 nulla
1175 1319 1228 1339 res

255 1352 385 1384 afferret
410 1353 486 1394 plus
509 1354 680 1391 momenti,
711 1364 807 1393 quam
830 1353 858 1383 si
882 1351 956 1383 talis
981 1351 1090 1393 aliqua
1113 1353 1166 1392 pia
1190 1362 1229 1382 ac

256 1394 393 1435 simplex
425 1402 549 1426 extaret
580 1394 684 1426 forma
714 1396 899 1432 doctrinae,
934 1396 1028 1437 gravi
1057 1395 1230 1425 autoritate

255 1438 390 1477 scripta.
435 1438 528 1468 Haec
559 1439 642 1468 enim
667 1444 697 1468 et
722 1438 925 1479 ambigentes
949 1439 1076 1467 animos
1100 1446 1230 1473 sanare,

256 1487 286 1511 et
324 1480 535 1511 concordiam
569 1491 608 1510 ac
644 1479 909 1520 tranquillitatem
931 1478 1105 1510 Ecclesiae
1138 1480 1230 1509 resti-

255 1529 359 1559 tuere,
385 1529 415 1553 et
438 1524 469 1554 in
493 1529 661 1563 posterum
684 1522 808 1552 munire
837 1528 962 1562 posset.
1008 1521 1112 1552 Huius
1144 1531 1230 1551 sum-

255 1566 297 1595 mi
322 1566 405 1595 inter
427 1565 576 1595 homines
601 1564 751 1595 beneficii
774 1570 905 1594 autores
930 1574 996 1594 non
1026 1562 1133 1594 solum
1156 1563 1230 1602 Epi-

258 1616 402 1647 scopos‚
434 1608 493 1637 sed
518 1607 613 1637 etiam
636 1616 780 1638 summos
804 1606 976 1646 Principes
1011 1615 1088 1636 esse
1122 1606 1231 1641 decet,

256 1655 287 1680 ut
315 1655 345 1679 et
370 1648 507 1690 gloriam
518 1648 582 1679 Dei
606 1655 721 1679 ornent
746 1655 776 1679 et
800 1650 941 1679 omnium
966 1649 1110 1689 gentium
1135 1646 1231 1677 saluti

257 1691 443 1729 consulant,
477 1693 672 1731 praesertim
706 1702 778 1722 cum
813 1692 882 1721 sine
914 1701 975 1730 ope
1008 1691 1153 1730 ipsorum
1176 1698 1230 1719 res

256 1741 346 1764 tanta
375 1733 489 1774 perfici
523 1740 675 1773 nequeat.
722 1734 792 1764 Nec
824 1743 903 1763 vero
935 1733 1058 1769 dubito,
1092 1733 1168 1772 quin
1196 1737 1229 1761 ut

257 1777 395 1817 quisque
440 1775 599 1816 Princeps
638 1776 910 1815 prudentissimus
957 1780 988 1805 at
1014 1784 1056 1804 ue
1089 1775 1229 1814 optimus

257 1826 318 1856 est,
353 1819 395 1849 ita
427 1817 714 1848 vehementissime
745 1817 906 1849 afficiatur
928 1816 997 1848 Ecc
1014 1817 1102 1846 esiae
1131 1814 1230 1846 cladi-

256 1861 329 1891 bus.
365 1870 472 1901 neque
491 1861 575 1891 enim
604 1866 678 1890 sunt
703 1866 757 1890 aut
782 1861 956 1896 obscurae,
980 1864 1034 1888 aut
1058 1859 1102 1888 ita
1124 1856 1229 1894 leves,

257 1911 290 1933 ut
319 1904 390 1933 sine
422 1913 547 1933 summa
577 1903 756 1932 acerbitate
780 1901 904 1932 doloris
929 1900 1131 1931 considerari
1154 1910 1230 1940 pos-

259 1946 334 1975 sint.
381 1944 520 1975 Veteres
551 1945 680 1984 quidam
708 1945 812 1974 morbi
840 1943 976 1973 haerent
1012 1944 1045 1972 in
1076 1941 1231 1972 Ecclesia

258 1998 324 2017 non
350 1986 586 2017 dissimulandi.
633 1986 769 2016 Constat
794 1987 877 2016 enim
901 1985 1060 2026 quosdam
1083 1985 1230 2025 insignes

258 2029 418 2060 articulos
443 2030 611 2059 doctrinae
624 2028 828 2058 Chlistianae
851 2028 905 2058 diu
927 2028 1070 2058 iacuisse
1094 2028 1230 2057 obrutos

259 2073 458 2102 densissima
482 2070 630 2111 caligine.
665 2070 714 2100 Ex
739 2081 803 2111 qua
825 2076 1000 2111 postquam
1024 2068 1131 2099 evolvi
1156 2078 1230 2099 coe-

257 2120 375 2155 perunt
401 2124 501 2153 opera
526 2114 729 2154 quorundam
754 2113 925 2143 doctorum
949 2118 978 2142 et
1003 2113 1163 2142 bonortun
1186 2111 1231 2141 vi-

259 2167 380 2192 rorum,
404 2157 511 2186 statim
527 2162 684 2195 suscepta
704 2161 753 2185 est
778 2156 901 2194 passim
919 2155 1072 2184 inusitata
1085 2154 1230 2184 saevicia

259 2205 288 2228 ct
321 2199 452 2239 indigna
484 2197 615 2228 lenitate
641 2196 892 2228 Ecclesiastica.
957 2197 1073 2237 Neque
1106 2201 1231 2226 tantum

259 2241 466 2270 trucidantur
480 2241 555 2269 boni
579 2247 609 2270 et
635 2241 723 2270 docti
746 2241 817 2276 viri,
839 2239 1073 2269 confirmantur
1096 2239 1230 2275 abusus,

2192 125 2255 158 336

1279 218 1439 255 societati,
1457 217 1621 259 planeque
1640 217 1872 250 transformant
1893 218 2085 260 religionem
2103 222 2135 251 in
2150 233 2251 263 quan-

1279 260 1352 290 dam
1380 259 1569 290 horribilem
1599 262 1790 291 barbariem.
1837 261 1894 291 His
1925 264 2024 293 tantis
2053 262 2147 294 malis
2176 275 2251 305 pro-

1279 300 1366 331 fecto
1393 303 1523 334 dccetfi)
1557 304 1660 333 bonos
1693 310 1721 333 et
1747 304 1914 343 sapientes
1940 304 2109 346 Principes
2134 307 2252 338 idonea

1279 345 1420 374 remedia
1444 355 1614 384 quaerere.
1656 346 1740 379 Quid
1765 346 1850 385 quod
1875 347 1971 377 etiam
1993 349 2135 387 posteris
2158 360 2250 388 prae-

1278 392 1365 417 stare
1394 386 1578 417 Ecclesiam
1609 387 1752 417 debent?
1788 398 1871 427 quae
1900 389 2045 428 quidem,
2077 391 2139 420 nisi
2169 392 2250 421 ratio

261 466 266 471 Ι
317 466 322 471 “
349 466 354 471 .
1253 452 1254 463 ,
1277 429 1422 465 ineatur,
1454 436 1484 459 ut
1511 430 1561 468 pia
1589 435 1617 459 et
1645 436 1735 459 certa
1759 430 1928 459 doctrinae
1951 430 2055 462 forma
2078 433 2118 463 ad
2142 439 2250 473 poste-

260 466 376 494 mducto
404 472 534 494 xctcrcs
555 467 732 505 scriptores
759 465 889 506 legunt.
909 477 1046 506 quorum
1072 469 1124 497 vix
1146 468 1231 498 ullus
1252 491 1253 494 ,

260 515 307 536 cst
335 508 363 535 in
390 518 453 546 quo
478 518 543 536 non
570 509 729 537 interdum
758 507 812 538 vel
842 510 1060 549 perspicuitas·
1085 510 1138 540 vel
1163 510 1253 541 dili—¹

655 550 759 584 Quam
784 549 874 580 multi
895 558 1070 582 occurrunt
1091 551 1166 590 loci,
1191 554 1231 582 de
1252 550 1253 557 ¹

259 592 377 631 quibus
398 602 469 620 cum
495 592 573 630 ipsis
605 594 786 622 autoribus.
810 594 836 622 si
856 592 984 624 liceret.
1009 593 1152 635 colloqui
1173 606 1229 625 cu—
1252 597 1253 600 ’

1278 481 1332 499 ros
1357 479 1578 510 propagetur,
1612 472 1742 501 infinitis
1771 472 1876 501 modis
1900 471 2139 505 dilacerabitur.
2185 474 2249 506 Ex-

1277 518 1321 542 tat
1345 514 1431 552 apud
1455 512 1706 552 Xenophontem
1720 514 1746 551 Τ)
1776 513 1883 543 brevis
1907 516 2066 554 quaedam
2089 527 2130 546 ac
2152 516 2250 556 plena

1276 555 1445 593 gravitatis
1476 560 1574 594 atque
1605 555 1699 585 animi
1723 554 1880 585 Laconici
1910 558 2024 587 concio
2048 558 2249 597 Archidami,

1277 597 1329 635 qui
1355 595 1534 635 collapsam
1557 608 1596 626 ac
1623 608 1706 637 pene
1730 596 1932 637 deploratam
1956 598 2107 638 Spartam
2130 602 2248 632 virtute

1277 648 1335 668 sua
1363 639 1512 669 restituit.
1561 639 1620 668 llic
1644 645 1719 669 ante
1750 640 1781 668 id
1807 639 1982 679 praelium,
2017 652 2081 682 quo
2110 644 2247 674 maxime

1251 698 1252 711 1
1277 681 1392 710 iterum
1420 681 1522 710 erexit
1542 682 1699 720 patriam,
1729 692 1801 711 cum
1831 683 1988 712 instructa
2017 685 2099 721 acie,
2122 686 2183 715 iam
2206 685 2248 715 si-

1276 732 1340 762 gna
1372 732 1491 752 canere
1518 723 1662 760 iuberet,
1693 722 1743 753 his
1774 724 1884 753 verbis
1909 724 2101 756 adhortatur
2126 727 2247 757 exerci-

1275 766 1391 801 tuuis),
1413 764 1530 803 Ἄνδρες
1553 767 1681 802 πολῖται,
1706 766 1752 794 νῦν
1774 765 1886 803 ἀγαθοὶ
1909 767 2055 804 γενόμενοι
2077 768 2248 808 ἀναβλέψω-

1273 818 1327 845 μεν
1356 806 1460 845 ὀρθοῖς
1490 806 1631 843 ὄμμασιν·
1656 806 1814 844 ἀποδῶμεν
1846 811 1906 843 τοῖς
1939 811 2166 847 ἐπιγιγνομένοις
2198 810 2248 847 τὴν

1274 847 1413 888 πατρίδα.
1445 848 1473 877 0
1487 857 1683 889 generosam
1695 859 1822 885 vocem,
1846 857 1876 879 et
1895 850 2026 891 dignam
2038 850 2131 892 Rege
2149 852 2247 891 Spar-

1273 897 1362 927 tano,
1386 896 1416 920 et
1440 888 1587 930 Agesilai
1610 889 1694 926 filio,
1719 901 1782 930 qua
1806 897 1943 921 testatur
1966 903 2103 933 magnos
2127 900 2160 924 et
2181 893 2247 924 for-

1273 939 1324 962 tes
1357 932 1445 962 viros
1474 932 1595 961 debere
1628 933 1785 962 maximas
1814 933 2038 964 dimicationes
2067 937 2247 976 suscipere,

1273 980 1308 1004 ut
1340 974 1482 1013 posteris
1517 972 1641 1004 salvam
1669 973 1905 1014 rempublicam
1938 982 2092 1016 tanquam
2126 984 2250 1008 certam

1273 1016 1386 1046 sedem
1405 1014 1598 1056 relinquant.
1645 1015 1774 1050 Quanto
1798 1018 1902 1058 magis
1926 1018 2019 1048 decet
2039 1019 2088 1049 sic
2110 1019 2249 1050 affectos

1276 1067 1351 1089 esse
1381 1057 1585 1088 Christianos
1621 1063 1651 1088 et
1676 1058 1846 1097 Principes
1869 1065 1901 1089 et
1925 1060 2095 1098 doctoreS,
2124 1067 2160 1092 ut
2193 1072 2249 1092 cu·

1273 1102 1362 1141 piant
1375 1101 1519 1140 posteris
1537 1099 1721 1140 relinquere
1732 1099 1918 1132 Ecclesiam
1936 1107 2027 1132 recte
2039 1104 2250 1134 constitutam

1274 1153 1313 1173 ac
1337 1141 1556 1182 tranquillam.
1601 1142 1673 1172 Nec
1696 1152 1775 1172 vero
1798 1141 1897 1172 ullius
1919 1144 1966 1173 rei
1985 1154 2064 1174 cura
2086 1146 2194 1185 potior
2217 1150 2250 1176 et

1275 1185 1438 1225 antiquior
1468 1194 1543 1214 esse
1571 1185 1699 1225 magnis
1732 1185 1810 1214 viris
1842 1185 1954 1222 debet,
1987 1188 2182 1226 praesertim
2209 1188 2248 1218 iis

1275 1227 1330 1267 qui
1361 1227 1477 1256 sedent
1512 1226 1554 1256 ad
1583 1224 1822 1266 gubernacula,
1857 1227 1910 1267 qui
1938 1227 2061 1258 utinam
2088 1229 2121 1259 in
2149 1229 2249 1259 tantis

1274 1268 1448 1299 Ecclesiae
1478 1266 1717 1298 calamitatibus
1741 1268 1916 1308 aliquando
1941 1270 2005 1299 sibi
2033 1269 2119 1301 hanc
2146 1269 2248 1301 hone-

1274 1311 1450 1341 stissimam
1456 1320 1572 1340 vocem
1581 1310 1762 1347 subiiciant‚
1772 1309 1985 1350 ἀναβλέψωμεν
1995 1311 2098 1351 ὀρθοῖς
2106 1311 2248 1352 ὄμμασιν,

1274 1352 1433 1391 ἀποδῶμεν
1456 1356 1516 1387 τοῖς
1549 1355 1778 1390 ἐπιγιγνομένοις
1811 1352 1860 1389 τήν
1893 1355 2057 1390 ἐκκλησίαν.
2102 1353 2139 1384 Id
2165 1364 2248 1385 vero

1274 1405 1340 1426 non
1358 1400 1469 1435 potest
1492 1392 1589 1431 effici,
1611 1394 1673 1424 nisi
1696 1395 1756 1424 rite
1779 1394 1941 1434 explicata
1964 1395 2122 1426 doctrina.
2163 1395 2248 1427 Nam

1274 1437 1419 1468 violenta
1454 1435 1591 1467 consilia
1624 1446 1686 1466 nec
1719 1442 1837 1466 sanant
1870 1437 2076 1478 ambigentes
2109 1437 2249 1476 anim0S‚

1274 1490 1337 1510 nec
1359 1484 1497 1520 prosunt
1519 1479 1560 1508 ad
1585 1478 1843 1508 constituendam
1867 1478 2049 1509 durabilem
2069 1479 2249 1520 tranquilli-

1274 1528 1384 1552 tatem.
1425 1520 1465 1551 Et
1490 1530 1676 1560 quanquam
1700 1519 1907 1551 cohercenda
1931 1526 1982 1550 est
2003 1520 2194 1561 petulantia,
2216 1527 2249 1553 et

1275 1564 1400 1594 severis
1434 1562 1593 1602 exemplis
1625 1562 1779 1602 puniendi
1812 1568 1905 1599 sunt,
1945 1562 1999 1603 qui
2040 1568 2155 1594 serunt
2193 1569 2249 1595 aut

1275 1612 1383 1636 amant
1406 1605 1503 1645 impia
1526 1605 1694 1645 dogmata,
1727 1609 1784 1634 aut
1806 1605 1986 1635 seditiones
2009 1606 2168 1643 excitant,
2200 1611 2249 1636 ta·

1274 1658 1347 1678 men
1371 1647 1547 1678 videndum
1571 1652 1631 1683 est,
1653 1656 1696 1676 ne
1713 1647 1836 1686 pariter
1858 1647 1928 1676 sine
1951 1647 2138 1678 discrimine
2155 1657 2248 1679 exer-

1276 1696 1388 1721 ceatur
1410 1689 1547 1719 saevitia
1568 1689 1600 1718 in
1624 1689 1731 1719 bonos
1755 1694 1787 1718 et
1811 1687 1927 1719 malos.

1319 1732 1385 1762 Sed
1419 1737 1453 1761 ut
1488 1731 1620 1760 redeam
1647 1731 1735 1761 unde
1769 1731 1940 1772 digressus
1970 1740 2060 1768 sum,
2088 1730 2247 1771 Equidem

1274 1774 1412 1804 maxime
1437 1778 1533 1812 opto,
1562 1778 1597 1802 ut
1623 1773 1663 1802 de
1687 1771 1795 1813 aliqua
1816 1774 1944 1814 integra
1965 1772 2120 1803 methodo
2149 1782 2248 1814 syno-

1275 1817 1336 1846 dus
1360 1815 1533 1855 aliquando
1560 1813 1727 1845 deliberet.
1762 1815 1822 1845 sed
1847 1825 1919 1845 cum
1942 1814 2007 1845 hoc
2030 1820 2179 1855 tempore
2200 1815 2246 1846 vi-

1275 1859 1386 1888 derem
1404 1858 1436 1887 in
1460 1862 1549 1887 tanta
1571 1857 1728 1887 varietate
1751 1857 2002 1897 disputationum
2025 1862 2123 1897 atque
2145 1857 2246 1898 opini-

1276 1911 1391 1936 onum,
1426 1900 1580 1939 imperitis
1611 1900 1705 1939 quasi
1734 1900 1886 1939 regiones
1905 1899 2136 1929 monstrandas
2170 1909 2247 1930 esse

1275 1943 1444 1973 doctrinae
1467 1940 1689 1978 Christianae,
1724 1951 1848 1981 eosque
1871 1941 2146 1980 praemuniendos
2169 1951 2246 1972 esse

1277 1991 1390 2015 contra
1423 1983 1626 2023 perniciosas
1656 1989 1753 2023 atque
1783 1983 1897 2022 impias
1927 1984 2113 2023 opiniones,
2149 1983 2247 2026 coegi

1250 2046 1253 2073 3
1274 2026 1337 2057 hos
1362 2025 1456 2056 locos
1479 2026 1510 2055 in
1535 2025 1770 2065 compendium,
1794 2026 1881 2055 bono
1905 2026 2024 2063 studio,
2047 2031 2246 2066 etquantum

1275 2070 1365 2109 potui
1397 2068 1469 2098 dedi
1493 2077 1643 2107 operam,
1673 2074 1706 2097 ut
1731 2068 1876 2097 ordinem
1901 2073 1932 2098 et
1954 2068 2039 2098 viam
2061 2068 2104 2098 ad
2125 2068 2245 2098 docen-

1276 2112 1350 2142 dum
1369 2110 1650 2141 accommodatam
1673 2109 1871 2146 adhiberem,
1894 2119 2010 2150 meque
2031 2110 2064 2140 in
2086 2110 2157 2150 ipsa
2179 2119 2245 2140 me·-

1274 2153 1364 2184 thodi
1388 2158 1481 2192 septa
1504 2151 1678 2192 diligenter
1701 2150 1833 2188 inclusi,
1863 2152 1950 2192 quod
1967 2158 2002 2182 ut
2024 2150 2159 2190 faciam,
2183 2152 2244 2182 etsi

1276 2197 1372 2227 etiam
1395 2195 1514 2235 ingenii
1538 2193 1707 2225 infirmitas
1730 2204 1782 2224 me
1805 2195 1904 2234 cogit,
1927 2199 2034 2224 tamen
2056 2193 2164 2225 habeo
2187 2192 2244 2224 ali-

1277 2242 1373 2279 quam
1397 2235 1522 2268 consilii
1545 2237 1606 2266 mei
1630 2237 1799 2266 rationem.
1845 2235 2039 2276 Quanquam
2062 2237 2146 2267 enim
2169 2241 2244 2266 sunt

259 2282 318 2312 sed
344 2283 475 2313 omuino
500 2283 734 2323 extinguuntur
756 2282 863 2311 studia
883 2282 1051 2311 doctrinae
1075 2280 1231 2311 Christia-
1252 2282 1254 2329 l
1275 2279 1422 2311 nonnulli
1445 2278 1682 2309 excellentibus
1711 2279 1849 2320 ingeniis
1877 2278 2033 2318 praediti,
2063 2279 2133 2319 qui,
2156 2276 2244 2308 velut

258 2334 329 2355 nac.
378 2324 460 2354 Hinc
493 2332 563 2354 orta
595 2326 776 2361 dissensio,
807 2334 880 2353 cum
911 2323 975 2354 alia
1002 2323 1125 2353 infinita
1148 2323 1231 2362 parit.
1252 2333 1255 2370 ἱ
1275 2322 1409 2353 Phidias
1429 2322 1537 2352 tribuit
1557 2322 1671 2351 statuis
1696 2331 1762 2351 non
1786 2319 1891 2350 solum
1910 2326 2019 2359 aptam
2041 2319 2243 2351 harmoniam

258 2367 483 2402 incommoda,
525 2373 590 2396 tum
631 2366 694 2397 hoc
729 2367 958 2406 praecipuum,
993 2366 1079 2405 quod
1124 2367 1231 2395 locum

257 2410 403 2449 praehet,
428 2414 461 2437 ut
485 2408 531 2445 fit,
554 2407 672 2438 alicubi
698 2409 856 2444 indoctis,
880 2408 1044 2437 seditiosis
1064 2413 1093 2436 et
1117 2405 1231 2436 fanati-

260 2452 306 2481 cis
332 2450 530 2487 hominibus,
561 2452 613 2490 qui
642 2456 671 2480 et
706 2449 848 2480 nefarias
879 2454 1048 2488 θεομαχίας
1071 2454 1231 2490 spargunt

259 2494 288 2523 in
303 2491 465 2529 Ecclesia,
490 2499 519 2522 et
545 2494 584 2522 dc
608 2494 705 2522 rebus
731 2492 880 2523 civilibus
904 2490 1007 2521 falsas
1028 2497 1138 2521 serunt
1163 2491 1229 2530 opi-

259 2537 395 2571 mones,
425 2542 453 2565 et
486 2536 690 2575 perniciosas
715 2535 864 2575 religioni
892 2544 932 2564 ac
956 2532 1043 2564 civili
1066 2533 1229 2563 hominum
1249 2550 1252 2554 ·

1293 2441 1320 2470 fi)
1348 2440 1430 2471 decet]
1452 2439 1523 2464 Editt.
1542 2440 1564 2463 8.
1586 2440 1623 2463 11.
1641 2439 1722 2464 male:
1742 2439 1822 2463 docet.

1292 2492 1319 2519 7)
1345 2491 1456 2520 xenoph.
1475 2491 1570 2515 Hellen.
1589 2490 1636 2519 VH,
1658 2491 1678 2515 1.
1698 2491 1737 2514 20.
1757 2489 1796 2513 ed.
1817 2489 1926 2513 Thierne.

1292 2542 1320 2571 8)
1347 2541 1495 2571 exercitum]
1516 2541 1558 2565 Ed.
1582 2542 1619 2565 tl.
1640 2546 1726 2565 errore
1745 2540 1902 2569 typothetae:
1921 2538 2074 2563 exercitium.
