2358 2933
123 116 187 148 889

123 208 196 237 Non
230 208 313 237 enim
342 206 471 247 ignorat
496 208 526 236 in
550 205 701 237 Ecclesia
723 205 1024 237 reconciliationem
1047 216 1097 237 es-

122 259 169 285 se,
203 249 263 279 sed
296 247 416 288 singuli
427 250 471 289 ee)
505 254 650 279 statuere
684 249 858 286 debemus,
890 248 986 278 nobis
1016 249 1097 288 ipsis

122 291 260 332 ignosci,
283 300 344 320 nos
367 291 459 330 ipsos
482 301 501 321 a
524 290 597 321 Deo
620 291 732 330 recipi.
766 290 838 320 Hac
860 289 925 320 fide
948 289 1096 330 speciali,

121 339 156 364 ut
189 334 236 363 sic
270 332 393 368 dicam,
434 334 574 373 quisque
608 333 669 363 sibi
703 331 868 373 applicare
902 332 1095 362 beneficium

122 374 242 405 Christi
277 375 384 405 debet.
430 374 625 415 Videturffl)
658 374 723 404 hoc
752 374 930 405 absurdum
953 373 1095 405 humano

121 417 251 455 iudicio,
286 416 326 446 de
359 426 394 447 re
417 423 508 447 tanta
530 426 592 447 nos
616 422 762 447 statuere
786 416 917 453 debere,
942 415 1096 447 videlicet

121 459 208 499 quod
241 457 430 498 placeamus
464 458 547 489 Deo.
594 458 661 489 Sed
694 459 858 488 discamus
893 458 966 488 ideo
989 458 1095 489 Deum

120 511 158 531 se
180 499 396 541 patefecisse,
423 506 458 532 ut
481 501 567 531 hanc
591 510 683 531 suam
705 498 905 530 voluntatem
927 501 1023 530 nobis
1047 510 1096 531 re-

121 541 257 579 velaret,
280 542 357 574 ldeo
380 543 615 583 promissiones
639 542 777 572 traditas
801 552 888 579 esse,
924 542 997 573 ideo
1020 544 1095 573 mis-

121 595 192 615 sum
215 583 329 615 Filium
353 595 392 616 ac
416 595 567 626 sparsum
579 584 796 625 Evangelium
819 585 850 614 in
873 585 1037 622 mundum,
1061 590 1095 615 ut

121 626 203 657 haec
227 628 401 664 sententia,
435 637 531 667 quam
554 626 644 657 nulla
667 632 818 657 creatura
843 636 980 657 cernere
1003 633 1094 667 pote-

120 675 181 705 rat,
205 669 383 709 patefieret.
420 669 613 700 Immensum
637 670 757 699 bonum
781 674 831 699 est
854 668 1094 700 Reconciliatio

120 711 240 748 divina,
263 711 337 741 ideo
361 710 539 741 difficulter
567 712 776 741 assentimur.
823 710 889 741 Sed
914 713 1093 742 excitemus

119 763 180 784 nos
214 753 255 783 ad
289 753 489 783 credendum
514 752 694 794 Evangelio
719 759 751 783 et
774 754 957 794 cogitemus
976 764 1038 784 nos
1062 755 1094 784 in

119 795 181 826 hac
211 796 278 825 vita
311 796 415 825 verbo
440 795 503 825 Dei
536 796 704 826 involutos
728 796 905 826 sustentari
929 802 1094 836 oportere,

119 838 203 868 sicut.
230 835 339 868 foetus
362 838 394 867 in
418 844 511 868 utero
536 844 685 868 materno
709 838 803 868 sedet
826 838 995 869 involutus
1019 838 1094 869 alvo

119 889 179 910 seu
202 880 391 916 secundina,
415 889 477 910 nec
500 890 687 920 rumpamus
711 880 775 910 1106
799 886 947 910 nostrum
970 880 1095 912 involu-

120 932 221 958 crum,
240 920 368 952 scilicet
390 921 618 963 Evangelium,
642 922 730 963 quod
753 920 895 953 affirmat
919 923 958 953 de
981 922 1095 953 volun-

118 969 184 994 tate
206 962 281 993 Dei.
326 963 447 994 Postea
481 974 560 995 vero
597 965 724 1005 egressi
757 965 790 994 in
813 965 910 995 vitam
935 970 964 995 et
990 965 1095 995 lucem

119 1011 285 1036 aeternam
319 1015 429 1036 coram
464 1016 637 1038 cernemus
672 1005 877 1037 voluntatem
902 1006 963 1037 Dei
987 1013 1018 1037 et
1041 1007 1096 1038 ad-

120 1048 299 1079 mirandum
321 1047 500 1079 consilium.

477 1134 733 1164 'testimonia

203 1220 276 1250 Act.
304 1218 352 1249 10.
378 1222 440 1255 [vs.
464 1218 529 1256 455]
554 1218 637 1248 Huic
657 1227 770 1247 omnes
794 1217 980 1257 Prophetae
1004 1218 1094 1247 testi-

119 1262 259 1292 monium
293 1260 477 1300 perhibent,
512 1259 750 1290 Remissionem
773 1266 985 1299 peccatorum
1008 1260 1093 1289 acci-

118 1313 196 1344 pere
230 1313 288 1343 per
314 1312 432 1332 nomen
467 1303 535 1332 eius
560 1312 690 1338 omnes,
719 1302 771 1341 qui
797 1302 934 1332 credunt
956 1302 987 1331 in
1012 1311 1091 1332 eum.

119 1345 208 1376 Haec
241 1351 291 1375 est
313 1342 412 1385 plana
435 1350 466 1374 et
495 1343 583 1375 clara
603 1344 779 1380 sententia,
812 1344 843 1373 in
867 1354 932 1384 qua
955 1349 1094 1373 testatur

119 1387 237 1418 Petrus
268 1396 305 1417 se
339 1396 493 1417 enarrare
527 1396 686 1417 summam
709 1385 925 1426 Propheticae
955 1388 1092 1426 scriptu-

120 1440 186 1466 rae,
220 1435 251 1459 et
274 1430 408 1469 opponit
430 1428 514 1459 hanc
538 1429 732 1459 sententiam
754 1427 881 1469 vulgari
905 1429 1093 1469 persuasio-

119 1473 162 1509 ni,
187 1481 283 1512 quam
306 1470 446 1511 populus
466 1470 625 1501 habuerat
648 1471 688 1501 de
710 1469 852 1507 Messia,
887 1481 927 1500 ac
951 1469 1093 1501 affirmat

119 1515 193 1545 ideo
226 1524 245 1543 a
269 1513 368 1543 Patre
402 1514 537 1544 missum
572 1523 664 1550 esse,
698 1518 733 1543 ut
768 1513 901 1543 victima
920 1512 1011 1543 fieret
1033 1523 1092 1553 pro

118 1562 258 1597 peccato
292 1561 322 1585 et
356 1561 492 1595 propter
525 1556 630 1595 ipsum
655 1556 748 1585 detur
770 1555 921 1585 remissio
940 1561 1092 1595 peccato-

118 1608 190 1629 rum
212 1599 263 1634 iis,
284 1598 337 1638 qui
361 1598 497 1628 credunt
521 1598 551 1628 in
576 1607 660 1635 eum,
683 1597 715 1627 id
739 1603 799 1634 est,
822 1598 876 1637 qui
900 1598 948 1628 sic
971 1596 1092 1637 ample-

120 1646 250 1671 ctuntur
274 1640 447 1677 Messiam,
480 1646 515 1670 ut
539 1641 673 1670 credant
697 1649 733 1670 se
756 1646 891 1680 propter
915 1650 986 1670 eum
1011 1641 1091 1670 reci-

119 1684 160 1723 pi.
207 1682 248 1713 Et
282 1683 357 1722 quia
380 1681 443 1712 hoc
467 1682 587 1713 dictum
611 1681 734 1723 allegat
758 1692 872 1712 omnes
896 1682 1092 1722 Prophetas,

120 1726 261 1756 sciamus
280 1724 333 1755 hic
356 1735 469 1756 verum
494 1734 692 1755 consensum
717 1723 907 1755 Catholicae
920 1723 1092 1755 Ecclesiae

121 1768 224 1798 citari.

204 1809 297 1840 Rom.
321 1810 351 1840 5.
378 1813 439 1847 [vs.
457 1810 496 1848 l.]
522 1810 687 1840 lustificati
706 1810 785 1839 Fide
803 1820 918 1849 pacem
932 1810 1091 1839 habemus

119 1862 199 1893 erga
211 1851 330 1890 Deum,
352 1853 384 1883 id
404 1858 465 1889 est,
490 1852 649 1882 habemus
674 1857 765 1882 certo
779 1851 885 1882 Deum
908 1852 1092 1892 propitium,

119 1905 230 1926 sumus
264 1896 386 1935 rec-epti
419 1896 449 1924 iu
482 1896 616 1935 gratiam
641 1901 670 1924 et
694 1893 822 1924 liberati
851 1895 891 1924 ab
914 1895 963 1924 ira
986 1900 1017 1925 et
1041 1905 1092 1924 ae-

119 1938 217 1968 ternis
241 1937 432 1967 terroribus.

193 1979 260 2009 Sed
271 1978 353 2009 haec
366 1980 453 2010 dicta
467 1979 600 2009 eludunt
613 1979 801 2009 adversarii.
823 1979 1092 2015 Fatenturfidem,

118 2023 148 2052 id
179 2028 245 2059 est,
278 2020 520 2061 professionem
554 2021 712 2051 historiae
746 2023 1092 2058 necessariam-esse,

119 2063 225 2105 qualis
256 2063 383 2094 scilicet
417 2070 468 2094 est
501 2064 533 2094 in
556 2063 718 2101 Diabolis,
754 2064 811 2093 sed
835 2070 958 2105 negant
981 2064 1092 2094 Gratis

118 2107 235 2137 remitti
247 2112 396 2147 peccata,
410 2112 441 2136 et
452 2107 564 2136 iubent
583 2107 743 2143 dubitare,
756 2116 796 2136 an
810 2108 874 2137 sint
888 2107 1035 2137 remissa.
1054 2105 1093 2136 Hi

118 2159 248 2180 errores
269 2159 369 2189 supra
392 2147 520 2178 refutati
544 2154 620 2179 sunt
641 2149 673 2178 in
696 2147 770 2179 loco
795 2149 835 2179 de
849 2149 1091 2186 iustificatione,

118 2201 218 2232 quare
251 2190 305 2221 hic
336 2192 476 2221 breviter
507 2197 631 2221 tantum
665 2190 953 2222 commonefaciam
977 2191 1093 2221 Lecto-

118 2243 196 2264 rem.
262 2232 350 2264 Utile
390 2240 441 2263 est
476 2233 559 2263 enim
592 2234 623 2263 in
664 2234 851 2274 quotidiana
884 2234 1093 2264 invocatione

118 2285 218 2306 nosse
240 2275 321 2306 haec
345 2276 499 2306 exercitia
523 2275 607 2306 fidei.
631 2276 735 2307 Nemo
768 2277 896 2317 ignorat
907 2276 1013 2307 Deum
1037 2277 1092 2306 mi-

119 2319 319 2349 sericordem
339 2328 434 2354 esse3
470 2319 538 2349 Nec
562 2324 723 2358 quaerunt
746 2319 912 2356 homines,
948 2329 988 2349 an
1013 2318 1092 2349 velit

118 2360 211 2391 Deus
240 2360 401 2402 aliquibus
426 2361 589 2391 remittere
612 2367 765 2401 peccata.
797 2362 855 2392 sed
881 2362 1025 2402 cogitant
1047 2362 1091 2391 di

119 2496 164 2527 66)
183 2497 285 2528 singuli]
307 2497 349 2522 Ed.
369 2498 408 2521 2-2.
429 2499 503 2522 simul

119 2547 164 2576 87)
184 2548 297 2578 Videtur]
307 2549 379 2573 Editt.
396 2550 431 2571 18.
444 2550 483 2572 2,
498 2549 528 2572 25
536 2550 605 2571 27.
618 2549 724 2572 31433.
737 2550 1090 2579 Corp.1-8.Videturautem

579 115 602 144 1.
628 114 728 145 LOCI
750 112 1022 145 THEOLOGICI:
1045 113 1088 145 D.
1112 114 1271 146 TERTIA
1294 114 1449 146 EORUM
1472 115 1627 148 AETAS.

2051 116 2113 147 890

1142 209 1215 249 gnis
1233 208 1362 245 remitti,
1385 218 1451 238 non
1474 209 1626 250 indignis,
1650 214 1680 239 et
1701 208 1974 248 deprehendimus
1993 209 2112 249 singuli

1140 251 1170 279 in
1201 250 1296 281 nobis
1328 249 1537 290 multiplicem
1565 251 1798 292 indignitatem.
1852 249 1980 281 Deinde
2008 249 2111 281 altera

1141 293 1289 332 quaestio
1308 291 1423 333 fatigat
1442 294 1569 323 animos
1592 294 1633 323 de
1655 292 1921 333 particularitate.
1966 293 2113 323 Necesse

1141 341 1191 364 est
1213 335 1311 375 igitur
1328 336 1361 364 in
1386 341 1567 374 conspectu
1590 335 1713 366 habere
1727 336 1923 373 testimonia,
1937 344 2020 376 quac
2037 344 2113 365 con-

1139 376 1267 407 firmant
1289 387 1369 414 nOS,
1399 383 1434 407 ut
1461 377 1604 407 sciamus
1627 377 1710 408 haec
1729 378 1805 414 duo,
1830 376 1956 408 scilicet
1976 377 2112 417 promis-

1139 420 1264 449 sionem
1287 417 1510 450 universalem
1534 428 1610 450 esse
1634 425 1665 450 et
1688 420 1871 461 gratuitam.
1912 419 2006 450 Rom.
2030 418 2060 449 3.
2073 419 2113 449 (16

1138 466 1278 501 utroque
1312 467 1422 491 extant
1456 462 1651 492 testimonia.
1708 462 1759 492 De
1793 463 2011 502 promissione
2045 461 2112 492 uni-

1139 502 1260 533 versali
1291 504 1408 534 dicitur
1439 506 1502 541 [vs.
1526 503 1608 542 22ss
1649 503 1774 534 lustitia
1798 504 1860 534 Dei
1887 504 1920 534 in
1945 513 2058 534 omnes
2083 509 2111 533 et

1140 555 1239 585 super
1262 555 1376 575 omnes
1400 546 1572 576 credentes
1597 551 1658 577 etc.
1704 546 1832 577 Deinde
1856 546 1943 577 addit
1967 547 2049 583 [vss.
2072 545 2113 575 24

1139 591 1218 628 sq.]:
1242 587 1459 618 iustificantur
1482 589 1585 628 gratis
1602 589 1705 627 ipsius
1728 589 1832 629 gratia
1851 599 1910 628 per
1923 589 2114 628 redemptio-

1139 640 1223 666 nem,
1262 639 1345 670 quae
1377 635 1428 659 est
1458 630 1489 660 in
1519 629 1650 660 Christo
1686 631 1775 667 Iesu,
1813 640 1907 672 quem
1942 632 2111 671 proposuit

1139 671 1231 702 Deus
1255 672 1499 712 propitiatorem
1524 682 1582 712 per
1605 672 1701 703 fidem
1724 674 1755 703 in
1779 675 1938 714 sanguine
1954 683 2025 703 suo.
2056 673 2114 703 Te-

1138 714 1245 744 neuda
1275 720 1325 744 est
1354 714 1452 755 igitur
1481 713 1649 745 exclusiva
1676 721 1706 745 et
1732 716 1926 756 opponenda
1949 716 2113 745 tentationi

1139 757 1293 787 assiduae
1316 757 1356 786 de
1377 757 1540 798 dignitate.
1593 757 1729 798 Semper
1755 758 2006 798 enimobstrepit
2018 758 2113 788 nobis

1139 809 1204 829 vox
1227 798 1337 839 Legis,
1362 810 1446 839 quae
1470 800 1611 830 deterret
1629 810 1703 837 uos,
1726 810 1767 830 ne
1791 806 1972 830 statuamus
1991 810 2053 830 nos
2066 809 2114 828 re-

1140 841 1213 881 cipi,
1237 843 1313 882 quia
1336 842 1437 872 simus
1461 842 1595 883 indigni.
1642 842 1813 873 Adversus
1833 841 1917 872 hanc
1932 843 2035 883 ipsam
2059 852 2114 872 vo-

1141 893 1211 914 cem
1242 885 1385 914 sciamus
1410 883 1627 925 Evangelium
1657 883 1838 915 revelatum
1867 894 1943 915 esse
1973 894 2013 914 ex
2042 884 2115 915 sinu

1141 927 1265 956 aeterni
1289 925 1412 963 Patris,
1437 928 1525 967 quod
1549 932 1689 958 testatur
1708 928 1808 967 recipi
1832 937 1893 957 nos
1910 932 2047 967 propter
2064 925 2114 956 Fi-

1139 966 1215 999 lium
1239 968 1465 1006 Mediatorem,
1499 980 1563 1000 non
1587 975 1722 1009 propter
1745 970 1933 1010 dignitatem
1956 974 2114 999 nostram.

1225 1010 1317 1041 Haec
1330 1011 1474 1052 quotidie
1497 1012 1529 1041 in
1543 1013 1750 1043 invocatione
1774 1012 1950 1052 cogitanda
1973 1016 2059 1048 sunt,
2084 1016 2113 1040 et

1141 1054 1321 1090 sciendum,
1352 1063 1418 1083 non
1442 1053 1571 1084 excludi
1596 1054 1823 1084 contritionem
1846 1059 1878 1084 et
1901 1059 2029 1085 ceteras
2053 1053 2115 1082 vir-

1140 1101 1237 1132 tutes,
1260 1105 1302 1126 ne
1325 1095 1445 1126 adsint.
1490 1096 1572 1126 Nam
1597 1102 1686 1127 certe
1709 1097 1907 1136 poenitentia
1926 1095 2112 1127 necessaria

1140 1142 1207 1174 est,
1233 1137 1293 1167 sed
1322 1147 1443 1168 caussa
1466 1139 1666 1168 remissionis
1690 1144 1900 1178 peccatorum
1923 1148 1989 1168 non
2013 1144 2116 1168 trans-

1138 1178 1274 1209 ferenda
1298 1185 1349 1209 est
1372 1180 1404 1209 in
1427 1186 1575 1210 nostram
1600 1181 1801 1222 dignitatem,
1820 1181 1877 1211 sed
1893 1182 1924 1211 in
1940 1180 2114 1211 Christum.

1140 1221 1356 1252 Statuendum
1380 1227 1431 1251 est
1452 1222 1562 1264 igitur,
1586 1224 1812 1253 remissionem
1826 1229 2038 1263 peccatorum
2050 1232 2114 1252 non

1140 1269 1275 1303 propter
1303 1264 1493 1305 dignitatem
1523 1270 1657 1295 nostrae
1681 1266 1885 1296 contritionis
1909 1270 1965 1296 aut
1987 1270 2115 1295 nostro-

1140 1316 1209 1335 rum
1234 1315 1368 1346 operum
1391 1308 1599 1348 contingere,
1623 1308 1682 1338 sed
1706 1313 1830 1338 tautum
1852 1307 1973 1338 fiducia
1995 1306 2115 1337 benefi-

1141 1349 1179 1378 cii
1204 1347 1337 1386 Christi,
1361 1354 1397 1379 ut
1420 1349 1502 1389 Eph.
1526 1350 1557 1380 2.
1582 1350 1719 1388 [vs.8.:]
1745 1350 1858 1381 Gratia
1881 1349 1998 1380 salvati
2018 1349 2114 1382 estis

1138 1389 1200 1421 Dei
1225 1392 1344 1422 donum
1368 1398 1428 1428 est,
1453 1402 1518 1422 11011
1542 1403 1581 1422 ex
1606 1393 1711 1423 vobis.

1224 1433 1318 1464 Rom.
1342 1434 1372 1464 4.
1399 1437 1460 1470 [vs.
1476 1433 1538 1473 16.]
1562 1440 1721 1466 tractatur
1743 1435 1922 1476 principale
1944 1445 2115 1477 argumen-

1138 1480 1203 1506 tum
1227 1485 1267 1505 ex
1291 1477 1422 1507 caussis
1447 1483 1478 1507 et
1502 1478 1533 1507 vi
1556 1478 1785 1517 promissionis
1809 1484 1931 1508 ortum:
1976 1478 2052 1509 ldeo
2076 1488 2114 1508 ex

1138 1517 1202 1547 fide
1225 1519 1340 1559 gratis,
1364 1524 1398 1549 ut
1422 1519 1461 1548 sit
1488 1518 1580 1550 firma
1602 1521 1798 1560 promissio,
1826 1520 1859 1550 id
1887 1526 1956 1558 est,
1987 1521 2014 1550 si
2038 1530 2115 1560 pen-

1138 1561 1230 1592 deret
1256 1560 1482 1592 reconciliatio
1507 1572 1546 1591 ex
1571 1562 1728 1603 dignitate
1752 1563 1957 1593 contritionis
1980 1568 2113 1593 nostrae

1137 1609 1192 1633 aut
1216 1613 1351 1643 opemm
1374 1609 1574 1641 nostrorum,
1598 1614 1670 1634 cum
1693 1615 1857 1645 nunquam
1881 1604 1964 1646 Legi
1987 1603 2115 1636 satisfa-

1138 1646 1282 1683 ciamus,
1318 1645 1411 1676 fieret
1445 1646 1590 1685 incerta,
1619 1653 1650 1677 et
1672 1648 1846 1687 promissio
1878 1645 2114 1678 reconciliatio

1136 1688 1398 1719 nisfieretirrita.
1423 1687 1645 1731 Syllogismus
1658 1689 1712 1720 hic
1728 1696 1778 1720 est
1791 1695 1949 1720 tractatus
1962 1700 1981 1720 a
1993 1688 2095 1720 Paulo

1289 1731 1427 1770 Oportet
1458 1733 1711 1771 promissionem
1735 1731 2013 1763 reconciliationis
2038 1741 2113 1762 esse

1344 1779 1485 1810 certam3

1291 1814 1471 1846 Promissio
1501 1818 1649 1857 pendeus
1681 1828 1721 1848 ex
1745 1818 1932 1849 conditione
1955 1817 2055 1859 Legis
2080 1818 2114 1848 fit

1342 1858 1486 1894 incerta

1292 1900 1381 1941 Ergo
1405 1902 1580 1941 promissio
1605 1901 1883 1933 reconciliationis
1906 1913 1972 1933 non
1995 1904 2113 1943 pendet

1343 1954 1383 1974 ex
1407 1945 1592 1975 conditione
1611 1945 1723 1986 Legis.

1222 1985 1383 2016 Minorem
1406 1988 1525 2026 probat
1547 1986 1670 2018 Paulus
1693 1988 1843 2028 inquiens
1865 1988 1971 2025 {Rom.
1984 1990 2015 2027 4,
2033 1990 2112 2028 15.]:

1137 2028 1207 2059 Lex
1230 2029 1311 2059 iram
1336 2027 1452 2066 efficit,
1482 2039 1612 2070 semper
1635 2036 1770 2061 accusat
1794 2037 1854 2061 etc.
1899 2030 1940 2061 Et
1964 2033 2113 2063 conside-

1138 2082 1173 2101 ra
1198 2081 1356 2102 summam
1381 2072 1611 2112 disputationis
1631 2072 1798 2104 Paulinae.
1844 2073 1918 2104 Ideo
1942 2080 2113 2115 tantopere

1139 2114 1304 2144 contendit
1328 2112 1494 2145 Christum
1520 2125 1596 2146 esse
1628 2116 1789 2146 victimam
1808 2126 1867 2156 pro
1884 2117 2037 2157 <peccatis
2056 2128 2113 2147 no-

1138 2157 1226 2194 stris,
1249 2161 1284 2186 ut
1302 2156 1365 2186 hac
1378 2157 1449 2197 ipsa
1465 2158 1619 2189 antithesi
1639 2157 1782 2189 stabiliat
1797 2158 2010 2196 exclusivam,
2027 2161 2113 2200 quod

1136 2205 1252 2229 nostra
1281 2209 1382 2239 opera
1416 2210 1481 2230 non
1511 2201 1575 2231 sint
1598 2201 1747 2231 meritum
1771 2201 1973 2231 remissionis
1998 2211 2112 2242 pecca-

1137 2247 1254 2271 torum.
1301 2241 1419 2272 Cetera
1443 2243 1629 2273 testimonia
1652 2249 1822 2274 sumantur
1845 2254 1885 2273 ex
1907 2242 1982 2274 loco
2006 2245 2046 2274 de
2064 2244 2112 2274 lu-

1138 2283 1352 2322 stificatione,
1387 2285 1440 2314 ubi
1480 2286 1576 2315 etiam
1612 2286 1652 2315 de
1680 2285 1844 2316 vocabulo
1873 2286 1963 2316 Fidei
1993 2287 2111 2317 dictum

1137 2333 1198 2356 est.
1223 2327 1312 2367 quod
1335 2327 1463 2367 quidem
1488 2328 1519 2357 in
1542 2328 1615 2367 ipsa
1637 2327 1725 2358 lucta
1749 2327 1869 2359 clarius
1890 2327 2025 2370 intelligi
2056 2339 2111 2368 po-

1137 2375 1218 2405 test,
1249 2370 1304 2399 ubi
1328 2370 1379 2409 pia
1403 2379 1496 2400 mens
1521 2371 1686 2410 experitur
1709 2380 1746 2400 se
1769 2372 1982 2411 acquiescere
2005 2372 2036 2401 in
2056 2372 2111 2401 1111-

1136 2412 1317 2442 sericordia
1343 2418 1477 2452 propter
1501 2411 1668 2443 Christum
1694 2414 1874 2454 promissa,
1910 2420 1940 2443 et
1962 2412 2109 2454 intelligit

1136 2453 1220 2484 hanc
1245 2454 1500 2485 misericordiam
1524 2454 1620 2493 Fide,
1644 2456 1675 2485 id
1700 2461 1765 2493 est,
1790 2455 1910 2487 fiducia
1931 2455 2110 2496 apprehen-

1136 2497 1275 2527 dendam
1299 2506 1384 2527 esse.
1410 2496 1469 2526 Hic
1493 2496 1591 2528 Fides
1615 2508 1680 2528 non
1701 2504 1824 2528 tantum
1847 2497 2027 2535 historiam,
2051 2499 2109 2528 sed

1135 2538 1221 2569 hunc
1245 2538 1416 2570 articulum
1440 2540 1535 2570 etiam
1560 2540 1717 2578 intuetur,
1749 2539 1856 2571 Credo
1887 2541 2109 2571 remissionem
