2358 2933
88 99 153 133 633

89 198 201 225 mento
235 192 373 224 recitata
405 189 588 222 illustriora
615 196 702 222 sunt.
748 190 821 222 Hoc
844 200 925 221 vero
950 191 1072 221 dictum

88 238 123 268 in
147 235 270 266 Genesi
293 244 425 276 quoquo
450 234 548 264 modo
573 244 739 274 expones,
772 239 881 264 tamen
904 233 1072 275 significat

88 278 194 310 foveri
209 278 254 318 ⁶8)
267 275 456 308 Ecclesiam
468 277 657 314 incubante,
670 277 810 307 docente
823 282 855 306 et
869 276 1073 306 accendente

88 322 122 352 in
145 331 186 352 ea
207 319 315 351 lucem
338 325 371 349 et
388 319 634 350 invocationem
648 319 773 359 Spiritu
795 324 924 349 sancto.
959 318 995 348 Id
1017 317 1071 348 fir-

89 364 236 395 missima
264 361 329 392 fide
352 363 529 393 tenendum
553 368 622 399 est,
654 363 740 392 sicut
768 362 802 391 in
823 360 919 391 Actis
943 370 1014 400 cap.
1038 360 1069 390 2.

89 410 171 445 [vss.
195 404 237 435 33
249 407 316 446 sq.]
342 405 470 442 dicitur,
484 403 652 435 Christum
662 406 706 441 ⁶⁹)
729 404 850 434 sedere
863 403 906 434 ad
919 403 1071 434 dextram

87 449 210 490 patris,
245 452 282 478 ut
309 447 366 478 det
389 447 556 487 Spiritum.
602 447 691 477 Idem
721 447 757 477 in
779 447 867 476 dicto
890 444 948 476 illo
972 446 1071 476 tradi-

87 497 158 522 tur:
180 490 352 527 Ascendit,
375 490 430 520 dat
454 490 541 519 dona
562 489 760 519 hominibus.
790 489 862 519 Hac
884 489 983 529 igitur
1006 488 1071 518 fide

86 539 254 575 petamuS,
278 538 314 564 ut
336 531 423 563 filius
434 531 498 562 Dei
520 540 583 561 nos
606 536 700 571 regat
713 530 837 570 Spin‘tu
860 537 977 561 sancto
997 541 1070 561 suo.

173 575 341 607 Recensui
363 574 566 611 testimonia,
589 582 674 614 quae
695 582 873 613 personam
896 582 974 603 esse
998 573 1071 612 Spi-

87 620 184 650 ritum
217 623 370 649 sanctum
400 617 617 653 convincunt,
652 616 772 656 quibus
795 615 914 645 addam
937 621 969 645 et
990 614 1072 645 illud

89 661 221 692 l.Ioan.
245 660 276 691 5.
301 664 362 698 [vs.
375 660 435 697 7.:]
459 658 541 689 Tres
564 664 653 696 sunt,
677 659 731 698 qui
754 658 975 688 testimonium
997 667 1071 698 per-

85 704 200 735 hibent
222 705 255 734 in
278 701 385 739 coelo,
408 701 519 738 Pater,
544 701 630 740 λόγος
648 707 678 731 et
697 700 840 740 Spiritus
865 707 1014 738 sanctus,
1038 706 1071 731 et

86 745 120 776 hi
147 749 218 775 tres
247 754 347 775 unum
374 749 461 774 sunt.
507 742 606 778 Quod
630 744 750 774 diserte
772 744 887 784 inquit,
910 743 1070 774 Testimo-

86 788 175 819 nium
196 786 386 827 perhibent,
419 786 574 817 admonet
602 796 664 817 nos
688 787 728 817 de
751 785 973 827 patefactione
995 786 1071 824 Dei,

86 837 123 862 ut
144 829 253 860 Deum
270 830 319 860 sic
336 831 378 865 70)
409 839 649 870 agnoscamus,
679 835 715 860 ut
738 839 776 860 56
797 828 963 869 patefecit.
1008 829 1069 859 Te-

87 872 250 904 stificatur
272 872 366 903 Deus
401 872 442 902 de
476 881 568 909 sese,
599 873 672 913 quis
702 877 734 902 et
756 871 865 913 qualis
889 874 944 909 sit,
967 882 1068 902 verus

86 916 192 952 Deus,
226 915 378 946 conditor
400 925 527 952 rerum,
562 921 783 946 conservator
816 921 849 945 et
879 913 1068 955 opitulator.

85 957 296 989 Testificatur
318 964 351 988 et
373 958 415 988 de
437 957 587 988 doctrina
609 968 671 988 sua
694 963 725 988 et
744 959 785 988 de
802 956 972 988 voluntate
989 968 1070 998 erga

86 1011 162 1038 nos,
185 1006 217 1031 et
239 998 380 1031 affirmat
403 1006 470 1031 tres
494 1011 572 1032 esse
601 1001 633 1031 in
658 999 770 1041 coelo,
805 1002 860 1041 qui
882 1001 1070 1031 testimonia

86 1044 271 1075 ediderunt.

173 1085 361 1116 Teneantur
387 1095 467 1127 ergo
502 1086 688 1116 testimonia
711 1086 934 1117 discernentia
956 1095 1069 1125 perso-

85 1138 159 1159 nas.
182 1128 282 1158 Pater
305 1137 342 1158 se
364 1127 570 1168 patefecit⁷¹›
594 1134 627 1159 et
650 1128 820 1167 discernit,
838 1139 912 1159 cum
932 1128 1067 1158 clamat:

85 1171 149 1202 Hic
178 1176 229 1202 est
250 1169 352 1202 Filius
379 1181 471 1203 meus
503 1170 653 1202 dilectus.
710 1171 790 1202 Item
814 1171 902 1202 loan.
929 1171 978 1202 12.
1004 1174 1066 1208 [vs.

88 1214 138 1245 18.
147 1216 168 1252 ε]
192 1213 234 1244 Et
257 1213 440 1256 glorificavi
463 1219 495 1244 et
517 1213 725 1255 glorificabo.
771 1213 872 1244 Filius
896 1214 937 1244 de
955 1213 1066 1250 Patre,

86 1257 128 1288 de
161 1266 240 1287 sese
263 1262 296 1287 et
319 1257 360 1287 de
383 1256 509 1296 Spiritu
532 1262 647 1286 sancto
671 1256 868 1288 testificatur
890 1257 923 1286 in
947 1257 1067 1287 doctri-

84 1309 127 1330 na
149 1309 221 1336 sua,
245 1309 342 1340 quam
363 1297 532 1329 miraculis
556 1305 587 1329 et
610 1309 672 1329 sua
693 1299 798 1338 ipsius
822 1300 1068 1330 resurrectione

85 1341 302 1373 confirmavit.
329 1340 493 1381 *Spiritus
517 1348 654 1372 sanctus
679 1342 888 1379 discernitur,
913 1343 988 1383 quia
1011 1352 1066 1382 pe-

84 1383 200 1415 culiari
227 1384 339 1423 specie
366 1383 542 1415 effunditur
567 1385 599 1414 in
624 1384 792 1415 Christum
816 1391 846 1415 et
870 1384 1065 1425 Apostolos,

84 1432 116 1458 et
149 1426 349 1457 testificatur
380 1433 499 1467 postea
528 1427 560 1457 in
583 1428 806 1465 invocatione,
841 1426 1065 1465 confessione,

84 1468 270 1506 miraculis,
297 1467 488 1500 fortitudine
517 1469 680 1500 tolerandi
704 1470 866 1511 supplicia
890 1477 953 1501 etc.
989 1471 1065 1501 Non

83 1512 184 1554 igitur
217 1510 341 1542 frustra
364 1512 506 1543 loannes
540 1513 715 1543 testimonii
748 1514 946 1544 mentionem
969 1512 1065 1549 facit,

82 1555 145 1585 sed
178 1555 252 1585 ideo
288 1555 336 1585 sic
370 1554 532 1596 loquitur,
567 1561 604 1586 ut
632 1566 695 1586 nos
723 1556 913 1592 admoneat,
948 1562 982 1586 ut
1019 1557 1065 1586 ita

83 1607 308 1639 agnoscamus
319 1597 439 1635 Deum,
464 1599 550 1629 sicut
574 1608 611 1628 se
633 1597 797 1638 patefecit,
822 1605 854 1629 et
877 1599 950 1639 ipsa
973 1599 1065 1629 testi·

82 1641 267 1671 moniorum
290 1641 434 1671 editione
457 1651 519 1671 nos
543 1640 785 1671 confirmemus.

169 1683 240 1714 Etsi
274 1690 384 1714 autem
417 1684 495 1714 novi
518 1683 720 1714 Testamenti
749 1685 835 1715 dicta
858 1690 935 1715 sunt
957 1685 1063 1725 magis

82 1726 269 1766 perspicua,
292 1732 402 1757 tamen
424 1726 476 1757 his
499 1733 688 1767 congruunt
710 1727 895 1758 testimonia
916 1726 1064 1768 Prophe-

82 1775 199 1799 tarum.
245 1768 441 1810 Significata
475 1775 527 1800 est
561 1779 707 1809 persona
741 1770 851 1800 diw'na
885 1770 972 1800 dicto
996 1769 1064 1801 loel

82 1812 128 1851 [2‚
139 1811 217 1850 28ss
238 1821 312 1842 cum
325 1812 368 1842 ait
381 1812 489 1843 Deus:
502 1811 675 1843 Effundam
689 1813 729 1843 de
742 1812 865 1852 Spiritu
877 1822 950 1843 meo
963 1822 1065 1853 super

82 1864 212 1885 omnem
242 1864 385 1886 carnem.
430 1854 516 1890 Quia
544 1856 628 1885 enim
652 1856 773 1896 inquit,
801 1865 893 1892 meo,
923 1861 1064 1887 testatur

81 1906 149 1927 non
171 1897 252 1928 mitti
274 1903 419 1928 creatam
441 1899 667 1939 agitationem,
685 1899 747 1929 sed
764 1897 887 1939 aliquid
900 1899 1065 1930 essentiae

81 1939 157 1970 Dei.
191 1939 342 1971 Necesse
362 1946 414 1971 est
436 1946 545 1972 autem
564 1951 741 1981 personam
764 1951 842 1972 esse
865 1942 1064 1979 distinctam,

81 1992 168 2023 quae
202 1988 253 2013 est
282 1982 406 2024 aliquid
439 1984 521 2021 Dei,
560 1990 592 2014 et
626 1990 734 2015 tamen
767 1994 834 2015 non
869 1990 920 2015 est
952 1984 1062 2016 Pater.

82 2024 214 2059 Quanta
231 2032 341 2056 autem
364 2027 601 2064 misericordia,
626 2033 769 2067 quantus
793 2037 885 2058 amor
907 2033 959 2058 est
982 2038 1065 2069 erga

81 2077 188 2109 genus
215 2067 412 2106 humanum,
446 2070 535 2110 quod
563 2069 657 2101 Deus
686 2069 775 2101 hunc
803 2071 926 2101 amoris
956 2071 1065 2112 ignem

80 2109 279 2141 transfundit
295 2113 337 2148 72)
361 2110 614 2143 coessentialem
636 2113 710 2153 ipsi.

168 2152 314 2195 Collegit
346 2154 492 2186 Basilius
509 2156 555 2196 73)
591 2161 623 2186 et
657 2156 844 2187 testimonia
877 2155 1064 2195 multorum,

82 2257 129 2288 68)
149 2257 241 2289 foveri]
265 2258 302 2283 sic
319 2258 392 2283 Editt.
415 2259 488 2283 1—7.
509 2259 532 2283 9.
556 2259 608 2289 12.;
628 2260 729 2284 ceterae
748 2259 833 2284 Editt.:
851 2260 947 2285 moveri

81 2309 128 2340 69)
149 2309 249 2340 dicitur,
268 2309 406 2340 Christum]
424 2309 499 2334 Editt.
522 2310 595 2333 1-7,
616 2310 640 2334 9.
663 2311 717 2341 12.;
736 2311 827 2336 dicitur
845 2311 958 2337 Christus

81 2361 127 2390 70)
145 2360 182 2385 sic
200 2360 281 2386 abest
297 2361 332 2387 ab
349 2361 424 2386 Editt.
444 2362 484 2384 22.
506 2362 546 2384 24.
566 2362 606 2385 28.
627 2361 668 2385 ⁴29.
688 2361 808 2393 31—33.‚
827 2363 887 2394 Opp.
908 2365 929 2386 1.
951 2363 974 2387 2.

81 2412 127 2442 71)
147 2412 280 2443 patefecit]
299 2412 343 2437 Ed.
363 2413 413 2443 2Ο.,
433 2413 504 2443 corp.
528 2414 600 2443 1—8‚
619 2414 742 2444 patefacit

80 2463 127 2494 72)
146 2463 232 2523 it'gmilm
250 2464 418 2495 transfundit]
447 2464 521 2490 Editt.
543 2465 633 2488 l—T.
655 2465 678 2488 9.
701 2465 739 2488 1-2.
764 2466 850 2495 ignem
868 2465 894 2490 in
913 2471 959 2491 nos
978 2467 1063 2491 trans-

163 2504 195 2523 lln
215 2502 233 2523 lt

81 2548 128 2580 73)
149 2550 258 2575 Basilius
276 2551 311 2576 De
330 2550 421 2581 spiritu
440 2552 528 2576 sancto
547 2557 603 2582 cap.
624 2551 647 2577 8.

555 96 579 127 1.
602 96 707 128 LOCI
727 95 1007 128 THEOLOGICI:
1036 96 1080 129 D.
1103 96 1266 129 TERTIA
1286 96 1446 130 EORUM
1466 98 1625 131 AETAS.

2040 95 2107 129 634

1117 201 1258 231 quorum
1291 196 1367 221 ante
1399 191 1503 231 ipsius
1526 196 1667 221 aetatem
1689 191 1723 221 in
1745 189 1901 221 Ecclesia
1922 190 2103 230 praecipua

1116 233 1176 264 fuit
1198 234 1395 271 auctoritas,
1429 233 1519 273 quod
1541 233 1729 264 meminisse
1751 231 1831 264 utile
1855 238 1915 263 est.
1973 231 2104 263 Confir-

1116 281 1244 306 mantur
1267 276 1352 306 enim
1374 276 1435 316 pii,
1465 286 1541 307 cum
1563 276 1698 306 audiunt
1722 275 1906 306 doctrinam
1930 276 2030 306 certis
2054 282 2105 306 te-

1117 319 1279 348 stimoniis
1302 328 1402 349 verae
1426 324 1457 349 et
1480 318 1621 358 purioris
1635 317 1811 349 Ecclesiae
1833 318 1988 348 traditam
2012 327 2102 356 esse,

1116 361 1203 391 sicut
1226 361 1267 391 de
1289 359 1445 391 Ecclesia
1467 361 1631 391 audienda
1653 361 1817 401 scriptum
1838 366 1889 390 cst
1909 360 2023 398 [ludio.
2050 361 2102 398 14,

1118 403 1198 441 181:
1220 403 1293 433 Nisi
1315 402 1417 434 vitula
1439 413 1513 434 mea
1536 404 1706 440 arassetis,
1730 413 1797 434 non
1814 404 2038 434 invenissetis.

1201 445 1247 476 At
1268 446 1354 476 inter
1377 451 1490 477 cetera
1517 444 1584 475 hoc
1607 446 1730 476 dictum
1753 445 1887 477 Eusebii
1920 445 2104 477 Palaestini

1116 489 1210 519 citat:
1256 488 1416 519 Sanctum
1438 487 1548 518 Deum
1570 486 1655 518 lucis
1679 489 1885 520 conditorem
1907 498 1968 529 per
1990 488 2102 519 salva-

1116 537 1220 561 torem
1248 536 1399 561 nostriun
1421 530 1530 561 Iesum
1561 541 1635 561 cum
1658 530 1782 571 Spiritu
1806 537 1923 561 sancto
1943 532 2103 562 invocan-

1116 580 1178 604 tes.
1227 572 1320 603 Haec
1352 573 1455 603 verba
1496 573 1673 604 ostendunt
1708 579 1840 605 veteres
1874 574 1997 605 diserte
2031 580 2101 605 tres

1115 625 1278 655 personas
1302 616 1334 645 in
1357 616 1565 646 invocatione
1590 614 1783 655 complexos
1809 626 1896 653 esse,
1920 623 1953 647 et
1971 627 2012 648 ea
2035 615 2103 647 for-

1115 667 1169 688 ma
1189 656 1347 697 loquendi
1371 657 1412 687 de
1435 657 1518 688 Filio
1542 668 1624 689 usos
1648 668 1736 696 esse,
1759 666 1795 690 ut
1817 660 1915 689 animi
1938 658 2035 690 simul
2059 660 2101 690 de

1114 700 1308 731 Mediatoris
1331 700 1572 731 intercessione
1597 707 1629 731 et
1653 701 1694 731 de
1717 702 1994 742 promissionibus
2014 712 2102 733 com-

1115 743 1341 774 monefierent.
1371 742 1445 773 Huc
1467 744 1608 783 pertinet
1631 744 1730 774 etiam
1753 746 1987 783 testimonium,
2010 745 2101 785 quod

1115 787 1292 817 recitamus
1315 785 1349 815 in
1367 784 1545 827 Symbolo:
1571 786 1680 817 Credo
1705 787 1737 817 in
1757 787 1913 827 Spiritum
1936 794 2099 819 sanctum.

1115 827 1159 859 Ut
1188 829 1274 859 enim
1301 838 1404 867 supra
1428 829 1562 866 dicitur,
1593 828 1701 860 Credo
1724 831 1757 860 in
1780 830 1889 861 Deum
1911 829 2044 862 Patrem
2068 837 2101 861 et

1114 872 1146 901 in
1169 871 1277 902 Iesum
1300 869 1483 909 Christum,
1516 871 1598 912 (qua
1620 870 1726 903 forma
1749 874 1912 904 sermonis
1935 883 2100 913 personas

1114 913 1313 954 alloquimur
1342 920 1374 944 et
1390 915 1434 952 ⁷⁴)
1463 915 1504 945 ab
1533 915 1579 945 eis
1612 916 1699 946 bona
1726 917 1887 956 petimus,
1925 921 1957 946 et
1979 915 2101 947 fiducia

1114 956 1225 988 auxilii
1247 956 1356 988 Patris
1385 962 1418 987 et
1447 956 1518 987 Filii
1547 958 1825 999 acquiescimus;)
1872 959 1918 990 ita
1947 968 2023 990 cum
2045 959 2100 989 hic

1115 1001 1248 1037 dicitur,
1280 999 1389 1030 Credo
1413 1000 1445 1030 in
1469 999 1625 1040 Spiritum
1648 1007 1815 1038 sanctum,
1837 1012 1983 1042 persona
2005 1001 2100 1033 intel-

1114 1042 1254 1083 ligatur,
1282 1048 1313 1073 et
1334 1048 1503 1082 petamuS,
1533 1049 1568 1074 ut
1598 1042 1651 1074 hic
1675 1045 1863 1085 παράκλητος
1890 1046 2034 1076 mittatur
2068 1045 2100 1075 in

1116 1086 1218 1116 corda
1251 1092 1378 1120 nostra,
1412 1091 1506 1126 regat
1540 1092 1571 1115 et
1607 1086 1704 1117 ducat
1738 1097 1801 1117 nos
1831 1087 1863 1117 in
1887 1088 1986 1118 tantis
2011 1088 2099 1118 vitae

1114 1126 1280 1168 periculiS,
1303 1129 1389 1157 sicut
1412 1128 1503 1158 duxit
1525 1127 1668 1170 Moysen
1697 1140 1756 1170 per
1779 1140 1870 1160 mare
1892 1132 2040 1168 rubrum,
2064 1137 2099 1162 ut

1113 1171 1217 1211 inquit
1240 1170 1373 1200 lesaias.

1199 1212 1368 1243 Hactenus
1402 1222 1516 1243 veram
1551 1219 1584 1244 et
1623 1212 1803 1245 salutarem
1838 1215 2022 1246 doctrinam
2056 1217 2099 1247 de

1112 1256 1267 1296 personis
1302 1256 1474 1293 recensui,
1508 1262 1540 1286 et
1574 1257 1649 1297 quia
1686 1257 1751 1288 dixi
1779 1258 1967 1289 testimonia
1998 1269 2099 1289 verae

1112 1298 1287 1330 Ecclesiae
1308 1308 1375 1329 non
1398 1298 1598 1340 negligenda
1621 1309 1708 1337 esse,
1731 1299 1845 1341 legant
1866 1302 1911 1342 pii
1935 1302 2032 1332 etiam
2050 1301 2098 1332 hi-

1112 1342 1253 1379 storias,
1287 1342 1437 1379 videant,
1466 1342 1499 1372 in
1522 1342 1642 1382 quibus
1666 1342 1813 1384 Synodis
1834 1344 1921 1375 haec
1946 1345 2100 1376 doctrina

1112 1383 1253 1415 fideliter
1277 1382 1415 1415 defensa
1438 1390 1469 1415 et
1492 1384 1659 1415 illustrata
1682 1387 1734 1416 sit.
1780 1386 1991 1418 Antiochena
2010 1386 2098 1419 refu-

1112 1428 1192 1458 tavit
1226 1426 1492 1458 Samosatenum.
1548 1428 1675 1459 Nicena
1716 1430 1861 1461 condidit
1899 1429 2098 1472 Symbolum

1110 1470 1283 1507 Nicenum,
1308 1476 1340 1500 et
1363 1470 1539 1510 praecipue
1550 1469 1726 1502 illustravit
1744 1473 1940 1504 sententiam
1959 1474 2000 1504 de
2020 1474 2098 1504 dua-

1114 1515 1174 1543 bus
1197 1513 1323 1543 naturis
1346 1513 1379 1543 in
1403 1512 1547 1544 Christo.
1594 1512 1964 1556 Constantinopolitana
1983 1516 2097 1547 defen-

1112 1556 1158 1586 dit
1179 1555 1268 1586 hunc
1292 1555 1481 1593 articulum,
1515 1556 1674 1596 Spiritum
1707 1564 1858 1590 sanctum
1881 1569 1958 1590 esse
1981 1570 2097 1599 perso-

1111 1609 1187 1629 nam
1219 1599 1456 1639 procedentem
1485 1609 1505 1629 a
1527 1599 1626 1630 Patre
1650 1606 1683 1630 et
1704 1600 1799 1632 Filio.
1845 1601 2016 1642 Ephesina
2039 1603 2097 1633 da-

1111 1642 1235 1672 mnavit
1267 1641 1469 1678 Nestorium,
1505 1643 1561 1682 qui
1594 1641 1750 1681 finxerat,
1785 1655 1852 1675 non
1886 1646 1994 1676 unitas
2018 1655 2097 1676 esse

1112 1685 1194 1715 duas
1217 1692 1352 1714 naturas
1376 1685 1409 1714 in
1432 1683 1586 1722 Christo,
1620 1686 1682 1716 sed
1710 1687 1799 1725 λόγον
1817 1688 1978 1719 assistere
2002 1687 2096 1719 Chri-

1110 1732 1176 1763 sto,
1200 1728 1286 1758 sicut
1303 1727 1430 1757 amicus
1453 1728 1558 1758 amieo
1583 1729 1688 1759 adest.
1731 1728 2015 1762 Chalcedonensis
2040 1732 2096 1762 da-

1110 1771 1233 1800 mnavit
1244 1769 1430 1811 Eutychen,
1455 1771 1509 1811 qui
1534 1770 1755 1803 confundebat
1777 1780 1912 1804 naturas
1937 1780 1969 1804 et
1992 1774 2097 1815 finge-

1111 1814 1168 1843 bat
1201 1812 1376 1843 humanam
1406 1822 1605 1844 conversam
1638 1815 1671 1845 in
1700 1816 1859 1854 divinam,
1894 1824 1928 1847 ut
1954 1828 2029 1847 cum
2053 1827 2096 1847 ex

1111 1866 1198 1896 aqua
1227 1854 1352 1886 factum
1379 1862 1429 1886 est
1459 1857 1586 1894 vinum,
1620 1868 1682 1889 nec
1713 1857 1819 1889 fuisse
1849 1860 1932 1890 duas
1955 1866 2095 1891 naturas

1111 1899 1231 1929 unitas.
1277 1897 1347 1928 Hae
1370 1905 1447 1930 sunt
1470 1900 1671 1940 praecipuae
1690 1900 1828 1942 Synodi,
1851 1913 1990 1943 quarum
2012 1903 2094 1934 iudi-

1112 1942 1162 1972 cia
1184 1941 1427 1972 meminerimus
1452 1948 1485 1973 et
1506 1942 1753 1982 amplectamur.

1196 1984 1342 2014 Econtra
1371 1986 1468 2016 etiam
1496 1986 1529 2016 in
1558 1985 1704 2017 historiis
1737 1988 2001 2026 consideremus,
2036 1989 2094 2029 qui

1111 2026 1242 2058 furores
1265 2037 1366 2068 saepe
1390 2029 1497 2059 exorti
1519 2029 1585 2059 sint
1609 2036 1723 2060 contra
1747 2041 1860 2061 veram
1884 2032 1924 2061 de
1947 2032 2094 2062 essentia

1111 2070 1174 2101 Dei
1209 2071 1403 2101 doctrinam.
1459 2071 1610 2103 Marcion
1645 2079 1677 2103 et
1710 2072 1896 2104 Manichaei
1927 2073 2094 2105 finxerunt

1112 2114 1196 2144 duos
1219 2113 1313 2143 Deos
1346 2114 1469 2153 pariter
1501 2121 1654 2145 aeternos
1681 2124 1865 2157 pugnantes
1895 2117 1980 2147 inter
2003 2127 2093 2154 sese,

1110 2157 1234 2187 bonum
1258 2162 1290 2186 et
1312 2155 1451 2193 malum3
1484 2167 1525 2188 ac
1549 2159 1670 2189 bonum
1694 2166 1855 2190 vocarunt
1878 2159 2000 2198 lumen,
2025 2171 2092 2191 ma-

1109 2199 1178 2230 lum
1212 2200 1385 2235 tenebras3
1420 2205 1452 2230 et
1485 2200 1591 2231 bonas
1625 2207 1760 2232 naturas
1784 2203 1937 2233 dixerunt
1960 2214 1980 2234 a
2004 2204 2092 2234 bono

1110 2243 1260 2273 conditas
1283 2252 1369 2279 6556,
1388 2243 1556 2273 materiam
1580 2244 1732 2275 vitiosam
1750 2256 1770 2275 a
1792 2244 1889 2277 malo.

1194 2285 1287 2316 Haec
1320 2291 1473 2326 portenta
1506 2285 1651 2317 refutare
1684 2287 1862 2319 discamus.
1920 2288 2016 2320 Unus
2040 2295 2092 2320 est

1110 2329 1196 2359 enim
1220 2329 1372 2359 conditor
1395 2329 1539 2359 omnium
1560 2339 1681 2368 rerum,
1704 2336 1736 2361 et
1759 2332 1892 2372 quidem
1911 2332 2031 2369 bonus,
2055 2338 2094 2363 ut

1108 2382 1210 2413 supra
1244 2372 1365 2402 dictum
1388 2377 1440 2402 est
1468 2372 1502 2402 in
1525 2371 1713 2404 definitione
1734 2373 1808 2413 Dei,
1832 2380 1865 2405 et
1888 2374 1950 2405 les.
1973 2375 2026 2406 45.
2043 2376 2090 2416 ⁷⁵)

1109 2510 1154 2539 74)
1174 2510 1200 2534 in
1219 2510 1303 2534 Iesum
1323 2510 1450 2535 Christum
1470 2523 1503 2527 -
1521 2511 1674 2542 alloquimur
1691 2514 1717 2537 et
1736 2512 1871 2538 omittunt
1889 2513 1960 2544 (ἔοι-ρ.
1979 2514 2003 2537 2.
2018 2513 2045 2537 4.

1108 2552 1155 2583 75)
1174 2552 1226 2583 45.]
1246 2553 1318 2578 Editt.
1339 2553 1379 2576 22.
1401 2553 1441 2577 24.
1462 2554 1512 2585 28„
1531 2554 1592 2585 opp.
1612 2555 1634 2579 l.
1653 2555 1675 2580 2.
1694 2555 1779 2580 male:
1797 2556 1839 2581 46.
