2358 2933
279 155 320 185 59
902 157 1009 189 Ptin..
1032 157 1134 189 MEL.
1158 158 1342 192 SCRIPTA
1365 160 1637 194 DOGMAthA.
2215 165 2257 198 60

278 247 562 296 qnaminshristo
581 251 652 290 quis
665 251 716 280 sit.
740 249 939 290 impossibile
963 262 1037 282 esse
1061 251 1181 292 aliquid
1205 252 1249 284 le·
1338 253 1416 294 Cap.
1441 253 1481 284 X.
1507 255 1779 294 comparationem
1802 255 1941 287 iustitiae
1964 257 2036 288 tidei
2065 263 2095 287 et
2118 257 2256 290 iustitiae

277 292 326 331 gis
350 292 458 321 tacere
488 291 687 332 impossibile
701 291 805 333 legem
826 292 945 330 facere.
963 300 1054 324 extra
1073 293 1248 326 Christum.
1294 295 1504 335 pharisaicae.

319 332 456 373 Reliqua
485 345 589 374 usque
612 336 651 364 ad
676 334 731 364 lx.
757 336 835 376 sap.
865 336 1085 367 adhortatoria
1115 343 1189 368 sunt
1218 344 1247 368 et

275 375 459 405 consolatio
487 377 706 416 nisquacdam.

287 459 293 465 ι
316 416 396 457 cap.
424 418 480 447 tx.
520 420 846 458 praedestmationem
878 426 907 450 et
936 421 1139 452 vocationem
1170 432 1248 463 gen-
1335 414 1470 455 Reliqua
1494 414 1628 446 ¹¹¹⁰sfllf³¹
1651 421 1735 446 ''¹¹¹¹‘-

273 465 348 489 tium
374 461 527 490 continet.

1335 354 1413 395 Cap.
1440 354 1495 385 Xl.
1519 355 1786 387 adhortationem.

268 764 312 803 B.
346 764 524 804 PRIMA
558 764 740 806 AETAS
773 765 1046 808 LOCORFM
1079 767 1565 809 THEOLOGICORUM
1596 752 1673 808 AB
1705 769 1827 810 IPSO
1860 768 2251 810 MELANTHONE

1105 851 1407 892 EDITORUM.

420 962 473 992 llla
491 964 772 993 Lucubratiuncula.
793 975 878 1003 quam
900 975 990 1004 supra
1010 976 1037 1004 p.
1056 969 1176 994 11-—48
1191 966 1349 999 edidimus,
1369 967 1396 994 in
1416 966 1473 995 hoc
1485 970 1595 995 tantum
1610 976 1627 995 a
1639 966 1833 995 Melanthone
1852 971 1913 995 erat
1930 971 2040 1006 parata,
2059 970 2091 996 ut
2108 966 2252 997 Paulinae

266 1007 476 1044 disputationis
496 1012 699 1043 argumentum
719 1012 808 1045 atque
828 1008 985 1036 elenchum
1006 1018 1092 1046 quam
1112 1009 1310 1046 pinguissime
1330 1010 1366 1037 iis
1387 1009 1536 1042 indicaret.
1557 1019 1634 1046 quos
1654 1010 1786 1047 privatim
1806 1010 1941 1043 docebat,
1960 1009 2080 1038 minime
2097 1012 2195 1039 autem
2214 1019 2252 1039 eo

265 1049 401 1077 consilio.
424 1054 454 1077 ut
475 1050 520 1077 sic
541 1049 693 1078 ederetur:
720 1053 865 1078 attamen.
896 1051 992 1079 inscio
1012 1055 1101 1088 atque
1128 1052 1216 1079 invito
1244 1055 1363 1080 auctore
1383 1061 1400 1079 a
1419 1051 1596 1088 quibusdam
1616 1051 1824 1080 verosimiliter
1841 1062 1867 1079 a.
1892 1052 1980 1080 15:20.
2001 1050 2133 1089 evulgari
2153 1052 2252 1090 coepit:

264 1091 346 1127 (vide
366 1101 442 1129 quae
463 1101 552 1129 supra
571 1102 599 1130 p.
615 1094 710 1129 3sqq.
731 1092 768 1119 de
788 1092 843 1120 hac
863 1103 893 1120 re
913 1093 1066 1130 diximus).
1087 1092 1170 1121 Hanc
1191 1093 1348 1121 editionem
1369 1103 1454 1130 aegre
1474 1093 1573 1121 serens
1593 1093 1776 1127 Melanthon,
1797 1097 1937 1132 quantum
1958 1093 2018 1122 fieri
2037 1097 2162 1132 poterat,
2181 1103 2251 1132 sup-

263 1134 374 1172 pressit
394 1138 586 1172 (quapropter
605 1133 762 1171 hucusque
781 1144 797 1162 a
811 1135 927 1163 nemine
940 1134 1032 1163 ullum
1046 1136 1112 1163 eius
1132 1135 1299 1173 exemplum
1314 1140 1361 1164 est
1375 1137 1555 1172 inventum);
1575 1136 1784 1164 desiderabant
1800 1137 1887 1168 enim,
1908 1136 1975 1173 ipso
1988 1135 2095 1169 iudice,
2108 1135 2252 1174 pleraque

263 1176 473 1204 accuratiorem
491 1176 733 1214 disputationem.
754 1175 897 1214 pleraque
913 1178 999 1206 etiam
1019 1177 1127 1205 limam.
1154 1177 1238 1205 Hanc
1263 1178 1300 1206 ob
1320 1188 1379 1206 rem
1404 1178 1430 1206 ei
1450 1178 1545 1206 visum
1566 1182 1623 1211 est,
1648 1177 1730 1206 illum
1749 1177 1884 1206 libellum
1903 1186 2121 1215 recognoscere
2139 1187 2175 1206 ac
2193 1178 2251 1206 sub

263 1219 398 1247 incudem
418 1228 567 1247 revocare.
613 1218 664 1247 Sic
683 1219 843 1256 proximam
863 1220 960 1257 ipsius
980 1219 1127 1248 Locorum
1147 1220 1286 1248 editionis
1306 1221 1425 1258 primae.
1446 1229 1522 1257 quae
1534 1230 1560 1248 a.
1580 1221 1670 1249 1521.
1690 1220 1806 1258 prodiit,
1826 1228 1928 1248 ansam
1947 1222 1977 1247 et
1994 1228 2116 1248 causam
2134 1220 2162 1248 in
2181 1229 2251 1257 quo-

262 1261 381 1290 mndani
409 1261 535 1289 consilio
561 1270 595 1289 ac
620 1261 737 1291 studio.
758 1271 823 1290 eam
842 1261 1107 1296 adumbrationem,
1128 1272 1213 1300 quam
1233 1272 1259 1290 a.
1283 1264 1372 1291 1520.
1393 1262 1576 1290 auditoribus
1601 1262 1666 1290 suis
1686 1262 1853 1294 tradiderat,
1873 1261 2032 1299 evulgandi
2051 1260 2207 1290 habemus.

415 1320 462 1349 De
483 1320 538 1349 hac
557 1321 647 1359 prima
668 1319 816 1349 Locorum
837 1322 967 1350 editione
986 1320 1160 1350 Melanthon
1182 1331 1207 1349 a.
1233 1322 1321 1349 1521.
1341 1330 1446 1349 mense
1466 1320 1561 1359 Aprili
1581 1319 1680 1349 loanni
1699 1320 1803 1349 Hesso
1823 1320 1943 1349 scribit:
1976 1319 2068 1353 „Mea
2085 1319 2250 1348 Methodus

260 1366 292 1403 (i.
314 1375 340 1394 e.
362 1364 436 1393 Loci
457 1363 566 1400 theol.)
586 1373 663 1392 nunc
683 1363 846 1392 excuditur.
893 1361 965 1392 Ideo
990 1364 1141 1392 mittemus
1166 1364 1344 1395 auctiorem,
1371 1373 1457 1400 quam
1482 1364 1592 1400 scripta
1616 1363 1763 1400 quondam
1789 1363 1912 1391 suerit.·‘
1938 1362 2020 1399 (vide
2049 1362 2139 1391 huius
2159 1360 2249 1400 Corp-

260 1408 391 1437 Resorm.
412 1405 484 1435 vol.
506 1405 528 1434 1.
548 1416 577 1444 p.
600 1408 696 1443 366.)
743 1405 895 1435 Absoluta
916 1409 963 1434 est
981 1415 1087 1434 mense
1105 1405 1264 1433 Decembri
1286 1404 1375 1433 buius
1402 1406 1484 1438 anni,
1511 1409 1542 1433 ut
1562 1415 1598 1433 ex
1616 1405 1740 1433 Lutheri
1760 1405 1797 1433 ad
1816 1404 2001 1443 Spalatinum
2021 1403 2152 1442 epistola
2169 1404 2251 1432 initio

260 1452 349 1480 huius
376 1449 492 1478 mensis
520 1449 630 1487 scripta
649 1449 731 1486 (vide
750 1448 874 1478 Lutheri
895 1447 1088 1486 epistolarum
1115 1458 1132 1475 a
1159 1448 1195 1476 de
1214 1447 1329 1475 wettio
1349 1447 1492 1475 editarum
1511 1446 1583 1475 Vol.
1605 1445 1638 1474 11.
1659 1457 1688 1485 p.
1712 1449 1769 1475 110
1789 1456 1852 1485 sq.‚
1883 1447 1911 1474 in
1931 1447 2017 1475 cuius
2037 1446 2095 1474 fine
2113 1445 2252 1484 leguntur

260 1494 388 1522 haecce:
409 1492 487 1525 „Hic
507 1491 659 1529 quaternio
681 1490 717 1519 G.
739 1492 765 1519 in
785 1490 932 1520 Methodo
951 1490 1084 1528 Philippi
1104 1490 1268 1528 superfluit,
1289 1489 1399 1517 desunt
1416 1492 1514 1517 autem
1534 1490 1561 1517 in
1583 1489 1638 1517 tine
1663 1493 1723 1518 tres
1744 1489 1953 1527 quaterniones
1976 1488 2133 1517 novissimi
2153 1487 2190 1524 Q.
2209 1486 2249 1516 R.

262 1536 306 1569 S..
328 1544 404 1573 quos
433 1533 600 1572 complebis
628 1534 654 1561 in
675 1536 856 1571 tempore.“)
877 1533 977 1571 colligi
997 1536 1108 1571 potest.
1155 1532 1341 1569 Quapropter
1358 1530 1562 1560 Melanthonis
1592 1531 1630 1559 ad
1648 1530 1850 1560 Plettenerum
1881 1529 2010 1569 epistola
2039 1529 2252 1568 nuncupatoria

262 1578 331 1607 huic
351 1577 472 1606 editioni
493 1576 622 1615 praelixa
641 1576 668 1604 in
689 1575 778 1604 huius
798 1574 887 1614 Corp.
907 1575 980 1604 Vol.
1001 1573 1022 1602 l.
1043 1585 1072 1613 p.
1096 1576 1155 1603 510
1175 1584 1242 1611 sqq.
1264 1574 1338 1601 inter
1355 1573 1502 1611 epistolas
1522 1582 1560 1601 m.
1580 1572 1758 1601 Decembris
1778 1573 1908 1601 refertur.

415 1634 514 1664 Prima
533 1635 623 1664 huius
643 1635 812 1673 gravissimi
831 1634 898 1663 libri
917 1634 1007 1663 editio
1017 1635 1049 1671 ⁹⁴²)
1069 1634 1113 1661 sic
1133 1637 1180 1661 est
1200 1632 1355 1670 inscripta:

1108 1707 1205 1738 LOCl
1239 1705 1399 1737 COMMV

965 1767 1045 1797 NES
1075 1766 1226 1796 RERVM
1257 1763 1542 1794 THEOLOGICA-

978 1818 1092 1852 RVM,
1116 1816 1200 1846 SEV
1223 1814 1530 1845 HYPOTYPOSES

1099 1865 1412 1897 THEOLOGICAE.

995 1950 1198 1982 AVCTORE
1222 1949 1415 1980 PHILIPPO
1435 1949 1505 1979 ME-

1117 2000 1387 2031 LANCHTONE.

1023 2084 1377 2116 WITTEMBERGAE.
1414 2084 1482 2113 AN.

1148 2136 1190 2165 M.
1214 2135 1254 2165 Ι).
1277 2134 1362 2165 XXI.

266 2221 302 2249 18
321 2218 421 2258 plagg.
442 2217 498 2246 litt.
519 2217 547 2245 A
562 2214 635 2244 -R
656 2214 695 2254 (F
714 2218 743 2243 et
761 2213 789 2242 R
812 2213 869 2254 1¹s2
889 2212 986 2252 plag..
1012 2215 1028 2242 6
1049 2212 1113 2241 soll.
1134 2212 1256 2249 contin.)
1276 2212 1364 2249 sign..
1387 2212 1423 2240 72
1443 2210 1507 2239 soll.
1527 2220 1584 2258 ¹¹.⁰¹¹
1609 2219 1705 2259 ¹¹.um'’
1736 2217 1858 2247 quorum
1883 2206 2023 2257 singulae
2040 2206 2166 2256 paginae
2183 2205 2246 2255 sere

265 2263 388 2291 34—35
416 2260 513 2288 lineas
539 2259 698 2286 continent.
721 2258 765 2285 4⁰.
786 2255 851 2293 (sol.
871 2256 900 2284 A
921 2256 953 2284 11)
967 2273 1007 2277 —
1022 2256 1053 2284 52⁸
1073 2253 1213 2294 Epistola
1238 2254 1450 2292 nuncupatoria
1475 2253 1519 2281 sic
1545 2255 1701 2290 inscripta:
1733 2249 1838 2285 „quta
1862 2260 1911 2289 pio
1936 2253 2026 2287 atque
2049 2249 2163 2277 erudito
2182 2257 2245 2277 uiro

263 2303 302 2333 D.
323 2302 499 2331 Tilomanno
519 2299 728 2336 Pletteneronj
747 2297 804 2328 Ph.
824 2297 898 2327 Mel.
919 2297 986 2331 S.“;
1007 2296 1057 2325 sol.
1078 2297 1106 2326 A
1128 2298 1158 2325 2ὶὶ
1183 2300 1256 2325 extr.
1270 2315 1309 2318 —
1323 2295 1352 2324 R
1372 2297 1407 2324 62
1427 2295 1506 2324 med.
1526 2294 1600 2323 Loci
1620 2303 1792 2322 communes
1812 2303 1871 2321 seu
1889 2292 2110 2331 Hypotyposes
2127 2289 2246 2319 theolo-

427 2461 452 2491 ⁸)
471 2462 539 2486 Hanc
557 2460 598 2485 Ed.
617 2462 642 2485 et
660 2462 759 2484 ceteras
777 2458 851 2482 huius
870 2457 960 2482 aetatis
980 2457 1173 2481 Strobelius
1193 2457 1216 2481 in
1235 2457 1249 2481 1,
1273 2453 1401 2479 Versuch
1420 2454 1500 2478 einer
1518 2452 1652 2478 Litteriir
1672 2452 1773 2478 Gesch.
1793 2455 1838 2477 ete.
1856 2458 1879 2482 p.
1900 2452 1929 2476 18
1944 2464 1975 2468 —-
1989 2452 2029 2476 55.
2048 2450 2187 2481 descripsit.

421 2511 459 2541 ·’)
481 2512 641 2536 Tilemannus
660 2510 803 2535 Plattnerus
822 2515 841 2532 s.
860 2508 1018 2532 Plettcnerns
1039 2508 1142 2532 a.1490.
1178 2507 1334 2536 Stolbergiae
1352 2507 1441 2535 natus,
1459 2511 1481 2530 a.
1502 2505 1572 2529 1521.
1613 2504 1774 2541 Witebergae
1794 2509 1808 2527 a
1826 2503 1895 2527 Iusto
1910 2502 1969 2526 lona
1986 2501 2076 2540 Doctor
2092 2500 2243 2530 Theologiae

472 2547 583 2573 creatus,
602 2544 698 2574 primus
717 2542 878 2572 evangelicus
897 2541 1111 2571 superintendens
1120 2541 1314 2570 Stolbergiensis
1333 2541 1395 2568 erat,
1413 2545 1435 2563 a.
1451 2538 1521 2564 1551.
1539 2540 1653 2563 mortuus
1671 2539 1717 2567 est,
1735 2537 1792 2561 vide
1810 2536 1872 2561 Ioh.
1891 2537 1958 2560 Arn.
1970 2535 2146 2560 Zeitt'uctis
2164 2531 2242 2559 Stol-

475 2576 628 2611 herqische
645 2575 789 2601 Kirclzen-
808 2574 868 2599 und
887 2573 1122 2599 stadt-Historfe
1140 2574 1316 2603 (Franckturth
1342 2580 1364 2598 u.
1382 2572 1481 2603 Leipzig
1509 2573 1579 2597 1717.
1598 2572 1639 2601 40)
1665 2577 1688 2601 p.
1707 2572 1754 2596 377
1768 2583 1800 2588 -
1813 2571 1871 2595 379.
1900 2571 1925 2594 et
1941 2569 1984 2594 Fr.
2002 2569 2069 2594 Ern.
2087 2568 2241 2599 Kettnen‚
