2358 2933
215 98 289 128 1031

211 201 312 232 opera
330 190 610 227 mandamaDeo,
634 191 759 221 etiamsi
781 188 922 221 fremunt
945 198 977 222 et
1001 199 1184 234 repugnant

211 234 297 274 impii
326 240 357 264 et
389 233 575 273 concipiunt
598 233 738 263 maiores
761 231 910 263 flammas
937 233 1001 265 odii
1023 235 1184 265 adversus

213 274 445 317 Evangelium,
479 281 509 305 et
537 284 725 315 quanquam
752 275 886 306 dissidia
908 276 1014 307 tristia
1038 277 1185 307 oriuntur

211 328 251 349 ex
275 319 444 359 impiorum
471 317 660 357 pertinacia.
705 316 850 348 Peccnnt
877 324 986 348 autem
1013 319 1100 359 impii
1129 319 1184 349 ad-

213 366 381 391 versantes
411 358 593 400 Evangelio
628 366 656 390 et
694 369 833 390 caussae
866 366 943 391 sunt
977 361 1207 392 dissidiorum¹

212 403 290 443 ipsi,
323 403 398 443 quia
427 402 547 432 cedere
575 402 702 432 veritati
735 402 916 437 debebant;
949 403 1023 433 Non
1045 410 1185 444 peccant

211 445 254 481 hi,
277 445 331 485 qui
354 445 443 475 iuxta
466 445 672 474 vocationem
694 451 784 475 recte
807 445 925 475 docent
951 451 1006 476 aut
1029 445 1184 476 confiten-

212 496 263 518 tur
287 485 520 528 Evangeliun13
543 493 577 517 ut
600 487 759 526 peccabat
778 487 907 517 Pharao
930 497 1050 528 magno
1073 486 1184 518 furore

212 539 398 570 repugnans
429 529 503 560 voci
526 527 589 559 Dei
620 539 678 569 per
701 529 842 570 Moysen
873 531 1003 560 sonanti
1033 537 1064 560 et
1094 531 1184 561 testi-

211 572 326 603 moniis
349 570 430 609 Dei,
463 580 528 601 non
557 573 716 611 peccabat
741 572 892 613 Moyses,
925 573 1050 603 etiamsi
1084 570 1206 603 totam⁴

213 615 399 656 Aegyptum
422 614 586 645 discordia
609 613 667 645 illa
688 615 837 654 perdidit.

298 656 368 687 Hac
396 655 510 697 regula
543 657 584 697 pii
619 666 656 687 se
687 657 720 686 in
748 655 918 688 Ecclesiae
953 657 1184 688 certaminibus

213 709 342 740 semper
366 697 527 729 consolati
551 705 634 730 sunt.
676 698 799 740 Estque
822 700 917 730 nobis
942 698 1005 730 hac
1030 698 1183 730 consola—

211 743 299 773 tione
329 751 411 782 opus
435 740 498 772 hoc
523 747 679 782 tempore.
725 741 807 772 Nam
837 742 1013 773 moderatis
1044 741 1183 782 ingeniis

213 783 357 815 dolorem
391 782 483 814 affert
517 784 588 823 ipse
621 790 820 824 conspectus
854 784 1118 825 dissipationum,
1152 790 1183 814 et

212 827 359 858 convicia
394 824 467 857 illa.
502 836 585 866 quae
618 827 650 856 in
684 836 745 857 nos
777 825 947 857 conferunt
980 825 1183 868 hypocritae,

212 879 276 900 non
307 867 403 899 facile
432 875 482 898 est
511 874 738 905 contemnere,
772 879 844 899 cum
873 879 934 899 nos
964 869 1078 899 hostes
1108 867 1183 905 Dei,

211 910 399 949 Ecclesiae,
432 911 634 951 parn'cidas,
667 911 861 949 seditiosos,
898 912 1038 952 denique
1071 916 1182 952 pestes

211 954 339 984 humani
364 954 494 995 generis
518 959 650 984 vocant.

296 996 467 1026 Adversus
496 994 579 1026 haec
609 996 795 1026 tristissima
821 996 937 1027 iudicia
966 1005 1105 1027 necesse
1134 1002 1182 1026 est

211 1039 309 1070 claris
333 1038 527 1069 testimoniis
551 1039 668 1068 divinis
691 1039 807 1069 muniri
830 1040 967 1069 animos.
1013 1037 1127 1068 Matth.
1152 1038 1182 1068 4.

212 1086 276 1120 [vs.
299 1080 362 1118 10.]
386 1079 561 1111 Dominum
584 1079 690 1111 Deum
714 1087 803 1112 tuum
822 1081 977 1112 adorabis
1001 1088 1032 1111 et
1054 1080 1100 1111 illi
1119 1079 1183 1111 soli

211 1124 346 1154 servies.
391 1123 465 1153 Non
488 1123 638 1163 sequaris
652 1122 744 1153 Deos
768 1122 905 1154 alienos.
950 1123 1085 1154 Diserte
1116 1123 1182 1154 dis—

212 1167 355 1197 cernitur
384 1175 482 1196 verus
505 1164 616 1202 Deus,
662 1166 715 1205 qui
750 1175 788 1195 se
818 1165 973 1206 patefecit
1000 1167 1032 1196 in
1060 1164 1182 1206 populo

211 1206 329 1246 lsrael,
363 1218 383 1238 a
405 1208 638 1238 commenticiis
662 1208 864 1245 numinibus,
896 1219 968 1238 cum
992 1209 1052 1238 ait:
1088 1208 1182 1238 Hunc

211 1250 350 1287 lehova,
375 1250 428 1291 qui
452 1250 509 1280 tibi
532 1251 666 1280 verbum
690 1260 783 1280 suum
806 1251 937 1281 tradidit
951 1252 997 1289 ’38)
1030 1256 1061 1280 et
1085 1257 1182 1280 testa-

210 1301 262 1324 tur
295 1303 332 1324 se
366 1302 444 1323 vere
478 1291 585 1323 Deum
620 1302 696 1323 esse
730 1293 884 1323 mirandis
918 1291 1031 1330 factis,
1066 1293 1182 1333 quibus

211 1336 318 1366 eduxit
343 1342 374 1365 te
397 1345 436 1365 ex
450 1335 618 1376 Aegypto,
642 1335 794 1365 invoces:
818 1335 891 1365 Non
915 1333 997 1365 alios
1021 1344 1183 1365 commen—

212 1378 316 1414 ticios,
341 1377 395 1418 qui
418 1377 488 1407 sine
510 1376 574 1407 hoc
598 1377 699 1406 verbo
725 1378 843 1407 tradito
855 1388 914 1417 per
927 1376 1111 1416 Prophetas
1130 1387 1183 1407 co-

211 1420 330 1451 luntur.
386 1418 427 1450 Et
470 1419 497 1449 l.
527 1418 604 1449 Cor.
639 1419 688 1448 10.
720 1422 781 1456 [vs.
808 1419 870 1457 144
916 1419 1033 1460 Fugite
1063 1417 1183 1449 cultum

211 1462 380 1494 idolorum.
427 1461 516 1492 Haec
545 1467 722 1502 praecepta
751 1467 880 1491 constat
908 1470 1044 1501 prorsus
1075 1462 1184 1491 immu-

211 1504 321 1535 tabilia
346 1514 428 1535 esse.
458 1504 498 1534 Et
521 1513 620 1543 saepe
644 1504 801 1544 repetitur
822 1503 905 1534 haec
929 1504 1045 1533 concio
1068 1514 1088 1533 a
1106 1502 1184 1533 Pro-

212 1546 326 1588 phetis.
352 1547 460 1577 Oscae
475 1546 524 1576 13.
550 1546 668 1583 {vs.4.!
692 1545 766 1587 Ego
790 1552 895 1576 autem
910 1545 1071 1576 Dominus
1091 1545 1184 1575 Deus

212 1600 286 1620 inus
310 1600 349 1620 ex
372 1596 461 1620 terra
475 1589 634 1630 Aegyptig
658 1588 696 1618 Et
710 1587 817 1619 Deum
836 1594 968 1629 praeter
978 1598 1030 1618 mc
1042 1588 1183 1625 nescies,

211 1639 240 1662 et
265 1632 419 1662 Salvator
443 1642 506 1662 non
531 1638 582 1661 est
603 1637 735 1671 praeter
757 1642 818 1661 me.

296 1675 442 1705 Necesse
472 1680 522 1704 est
551 1674 649 1715 igitur
682 1673 838 1704 invocare
871 1684 985 1704 verum
1015 1672 1121 1703 Deum
1155 1679 1205 1702 et¹

212 1717 325 1758 fugere
348 1716 436 1747 idola
459 1726 519 1747 nec
543 1714 689 1746 stabilire
713 1725 751 1746 ea
773 1722 889 1746 nostra
906 1716 1184 1756 comprobatione.

210 1759 250 1790 Et
273 1759 355 1790 haec
379 1759 532 1789 mandata
555 1769 680 1789 summa
702 1757 914 1789 anteferenda
937 1764 1013 1788 sunt
1035 1758 1185 1788 omnibus
1204 1776 1207 1799 1

211 1803 328 1839 rebus,
358 1808 493 1832 nostrae
518 1802 617 1838 vitae,
649 1799 772 1837 famae,
803 1802 877 1842 paci
899 1800 1069 1841 publicae,
1101 1800 1185 1830 vitae

211 1844 398 1881 liberorum,
421 1843 670 1874 benevolentiae
692 1843 888 1884 Principum.

295 1885 410 1917 Matth.
438 1886 484 1916 10.
512 1890 574 1923 [vs.
597 1885 662 1923 334
700 1886 762 1920 Qui
792 1896 844 1916 me
875 1886 1045 1926 negaverit
1075 1894 1185 1915 coram

211 1929 412 1965 hominibus,
444 1930 572 1969 negabo
604 1939 676 1959 eum
704 1935 736 1959 et
765 1939 828 1970 ego
857 1938 968 1959 coram
992 1927 1089 1958 Patre
1112 1937 1184 1957 mco

212 1971 359 2002 coelesti.
395 1970 433 2001 Et
454 1971 582 2002 additur
601 1969 796 2008 consolatio,
820 1981 862 2001 ne
885 1969 1076 2012 frangamur
1098 1975 1186 2000 metu

211 2015 429 2050 dissidiorum,
454 2017 516 2050 [vs.
545 2013 627 2050 35.st
662 2013 746 2044 Veni
780 2023 937 2053 separare
970 2013 1133 2042 hominem
1167 2022 1208 2041 ar

212 2064 303 2096 patre
327 2066 387 2087 suo
412 2062 443 2086 et
466 2055 565 2086 filiam
588 2066 607 2086 a
630 2062 733 2086 matre
756 2065 830 2086 sua.
858 2055 911 2085 De
933 2055 1063 2096 magnis
1087 2055 1185 2084 rebus

211 2106 241 2129 et
277 2100 404 2140 magnis
436 2098 592 2138 periculis
627 2099 864 2129 concionantur
896 2096 959 2128 hae
992 2097 1185 2127 sententiae.

211 2141 446 2172 Praestandum
471 2147 518 2171 est
543 2141 655 2182 igitur.
689 2146 725 2171 ut
748 2150 845 2171 veras
870 2146 901 2170 et
925 2139 1034 2170 firmas
1057 2144 1186 2169 senten-

212 2185 271 2214 tias
296 2182 520 2220 defendamus,
543 2193 604 2213 nec
626 2192 816 2213 moveamus
840 2181 1010 2218 tumultus,
1033 2191 1096 2211 nec
1120 2187 1187 2211 tur·
1207 2215 1208 2229 χ

211 2227 324 2256 bemus
358 2225 541 2256 Ecclesiam
576 2224 669 2255 falsis
705 2225 911 2266 opinionibus
946 2230 1001 2254 aut
1034 2223 1208 2258 inanibus.

211 2268 449 2308 sophismatum
483 2269 685 2309 praestigiis,
714 2278 796 2308 quas
819 2267 979 2298 interdum
1003 2266 1186 2306 excogitant
1207 2263 1208 2271 ¹

213 2312 343 2351 ingenia
367 2310 564 2350 petulantia,
589 2311 724 2341 incensa
747 2308 801 2340 vel
824 2310 1000 2340 ambitione
1022 2307 1077 2338 vel
1101 2308 1187 2348 cupi·
1207 2318 1209 2336 ,ι

213 2355 309 2384 ditate
332 2353 506 2383 vindictae.

299 2395 349 2425 Ad
374 2394 448 2425 Gal.
477 2395 502 2424 l.
531 2398 592 2430 ivs.
617 2395 659 2432 9.]
706 2394 741 2424 Si
767 2395 838 2435 quis
863 2393 949 2425 aliud
972 2391 1187 2433 Evangelium

840 97 950 128 PfflL.
974 97 1075 130 MEL.
1099 98 1284 131 SCRIPTA
1305 99 1579 133 DOGMATICA.

214 2533 257 2554 :m
279 2531 389 2561 warda]
414 2531 483 2555 rant.
504 2532 543 2555 22.
563 2532 602 2555 ιη.
622 2533 660 2556 28.
680 2531 720 2554 ³0.
740 2531 791 2556 34..
811 2531 871 2560 opp.
893 2532 912 2555 1.
932 2531 954 2554 2.
973 2529 1049 2555 tradit

2119 105 2198 139 1032

1229 193 1375 232 docebit,
1409 193 1580 226 anathema
1609 193 1661 226 sit.
1705 195 1892 228 Extremum
1923 198 2065 228 omnium
2088 197 2198 231 convi-

1228 236 1353 266 ciorum
1375 242 1427 267 est
1448 235 1640 275 anathema,
1664 238 1749 269 sicut
1770 239 1857 278 apud
1880 238 2030 270 Graecos
2052 240 2199 282 κάθαρμα

1228 287 1288 308 seu
1310 277 1463 320 α’λιὶοτωρ,
1487 279 1650 320 significat
1672 286 1780 311 autem
1803 281 1954 321 quiddam
1976 282 2070 322 ita29)
2093 282 2197 323 pollu-

1230 325 1296 350 tum
1318 325 1350 350 et
1371 331 1392 352 a
1414 320 1487 352 Deo
1516 322 1720 360 damnatum,
1755 328 1803 360 ut,
1837 324 1899 354 nisi
1926 322 2076 361 tollatur,
2110 330 2198 356 totae

1229 367 1346 402 gentes
1370 364 1496 405 magnis
1520 363 1768 402 calamitatibus,
1795 363 1902 402 bellis,
1925 364 2021 403 fame,
2043 366 2198 407 pestilen-

1229 404 1286 441 tia,
1326 405 1501 437 discordiis
1536 405 1687 437 civilibus
1721 413 1752 437 et
1785 407 1917 438 infinitis
1952 407 2198 441 confusionibus

1228 447 1412 486 puniantur,
1435 454 1470 479 ut
1494 449 1534 479 de
1557 448 1709 479 Sodomis
1732 454 1786 479 aut
1803 449 1976 490 Lampsaci
1998 449 2085 481 idolo
2110 452 2198 492 cogi-

1228 494 1346 525 tamuS‚
1368 490 1423 520 ubi
1446 490 1584 531 Priapus
1609 489 1791 521 colebatur.

1314 530 1411 562 Tales
1457 531 1630 563 Alastoras
1675 543 1750 564 esse
1795 532 1986 564 defensores
2029 535 2199 575 impiorum

1228 572 1416 614 dogmatum
1444 573 1567 605 Paulus
1602 573 1758 613 affirmat,
1793 576 1880 616 quod
1908 574 2036 607 facilius
2064 575 2198 618 intelligi

1227 621 1352 655 potest,
1377 626 1449 646 cum
1473 616 1622 657 exempla
1639 618 1799 648 intuemur
1825 617 1966 656 illorum,
1989 619 2044 659 qui
2066 617 2198 650 manife-

1227 662 1298 687 stos
1328 664 1360 688 et
1389 663 1493 688 tetros
1526 657 1656 690 furores
1685 659 1899 691 defenderunt
1923 666 1979 691 aut
2009 659 2198 697 defenduut,

1226 706 1261 729 ut
1287 698 1511 737 Manichaeos,
1535 700 1796 739 Samosatenum,
1818 702 1942 742 Arium,
1966 702 2198 739 Mahometum‚

1228 740 1353 783 Regem
1375 743 1536 783 tragicum
1558 744 1866 783 Anabaptistarum,
1893 746 1946 785 qui
1968 755 2103 776 uxorem
2126 755 2200 786 gra-

1228 784 1335 814 vidam
1364 784 1525 815 interfecit
1551 791 1582 815 et
1611 795 1669 826 per
1697 786 1886 817 seditionem
1917 797 1954 817 se
1977 787 2083 828 Regio
2106 786 2198 818 titulo

1228 831 1260 856 et
1286 836 1410 857 corona
1439 828 1566 858 ornavit
1593 833 1625 858 et
1658 837 1799 869 regnare
1829 838 1866 859 se
1895 830 1925 859 in
1955 828 2108 860 Ecclesia
2135 828 2198 860 Dei

1226 869 1394 899 iactitavit.
2146 895 2148 897 .

1313 910 1356 941 Ut
1377 918 1485 942 autem
1507 911 1678 943 Pharisaei
1702 912 1867 944 Christum
1891 920 1922 944 et
1946 912 2127 954 Apostolos
2151 915 2198 945 iu-

1227 953 1379 984 dicabant
1402 953 1486 984 tales
1509 959 1621 995 pestes
1646 965 1721 986 esse
1738 955 1869 986 humani
1893 956 2041 997 generis,
2069 957 2118 986 sic
2139 955 2199 997 hy·

1226 996 1373 1035 pocritae
1401 997 1555 1027 ardentes
1585 997 1660 1027 odio
1690 997 1860 1039 Evangelii
1888 1008 1973 1028 nunc
2001 1007 2130 1039 quoque
2159 998 2200 1029 de

1226 1038 1338 1076 nobis,
1363 1039 1417 1079 qui
1442 1049 1555 1078 puram
1578 1039 1749 1081 Evangelii
1774 1041 1954 1071 doctrinam
1976 1041 2199 1081 proponimus,

1228 1080 1388 1118 sentiunt,
1415 1088 1450 1111 ut
1472 1080 1606 1112 fulmina
1629 1083 2001 1113 excommunicationum
2024 1088 2056 1113 et
2077 1083 2200 1123 scripta

1226 1122 1328 1160 Eccii,
1352 1122 1500 1161 Cochlei,
1523 1123 1654 1155 Alfonsi
1679 1131 1709 1155 et
1732 1124 1883 1156 similium
1902 1125 2087 1155 ostendunt.
2119 1123 2200 1156 Cum

1226 1171 1333 1195 autem
1357 1165 1475 1196 similia
1496 1166 1615 1197 iudicia
1637 1177 1829 1208 magnorum
1853 1173 1884 1197 et
1896 1168 2077 1207 sapientum
2099 1166 2200 1197 homi—

1227 1217 1302 1237 num
1325 1206 1421 1238 valde
1445 1210 1632 1239 excrucient
1655 1210 1843 1240 moderatos
1866 1209 2015 1240 homines
2027 1214 2116 1239 recte
2128 1218 2200 1239 sen-

1227 1250 1360 1287 tientes,
1395 1250 1481 1280 hanc
1511 1250 1603 1281 Pauli
1634 1251 1895 1282 consolationem
1925 1258 2113 1288 teneamuS,
2147 1251 2200 1292 qui

1227 1290 1368 1322 affirmat
1395 1302 1461 1322 non
1483 1292 1655 1334 Evangelii
1685 1293 1869 1330 studiosos,
1903 1294 1963 1324 sed
1986 1293 2100 1323 hostes
2123 1302 2200 1323 vere

1228 1344 1305 1364 esse
1327 1334 1562 1372 Anathemata‚
1586 1334 1777 1365 maledictos
1792 1337 1836 1369 30)
1860 1334 2046 1366 Alastoras.
2092 1334 2201 1369 Quare

1228 1376 1359 1406 vitanda
1388 1383 1437 1406 est
1463 1386 1573 1407 eorum
1603 1378 1762 1413 societas,
1798 1387 1838 1407 ne
1867 1378 2053 1417 contagium
2081 1383 2201 1407 noceat

1228 1419 1299 1457 piis.
1344 1417 1385 1448 Et
1408 1418 1531 1448 lesaias
1555 1419 1656 1459 inquit
1680 1429 1750 1459 cap.
1774 1419 1826 1449 51.
1850 1420 1913 1458 [vs.
1938 1419 1981 1456 7.}
2024 1418 2075 1449 Ne
2092 1419 2201 1449 timete

1229 1460 1351 1500 probra
1376 1459 1551 1490 hominum.
1597 1461 1636 1491 Et
1667 1462 1709 1491 ad
1732 1460 1899 1491 Abraham
1922 1461 2053 1491 dicitur:
2096 1460 2200 1491 Bene·

1230 1502 1334 1532 dicam
1366 1502 1631 1533 benedicentibus
1660 1504 1726 1533 tibi.
1770 1502 1812 1533 Et
1835 1502 1986 1533 Psalmus
2017 1502 2117 1542 [1084
2146 1503 2200 1533 tri-

1228 1544 1406 1575 stissimam
1435 1543 1696 1576 maledictionem
1727 1544 1875 1576 hostibus
1904 1543 2075 1587 Evangelii
2103 1546 2200 1576 mina-

1230 1593 1299 1623 tur,
1325 1597 1397 1617 cum
1420 1588 1463 1617 ait
1489 1590 1551 1624 [νς.
1578 1588 1658 1626 18]:
1693 1587 1796 1618 Induit
1820 1586 2080 1618 maledictionem
2102 1588 2200 1618 vesti-

1230 1634 1384 1659 mentum.
1436 1629 1476 1659 Et
1501 1629 1691 1661 consolatur
1718 1630 1808 1670 pios,
1842 1640 1884 1660 ne
1911 1628 2100 1660 fulminibus
2127 1639 2201 1660 exe-

1231 1672 1412 1702 crationum
1427 1671 1595 1703 hostilium
1612 1679 1805 1703 moveantur
1829 1671 1982 1710 [vs.28.]:
2006 1670 2201 1702 Maledicent

1229 1712 1286 1750 illi,
1310 1720 1341 1744 et
1365 1719 1399 1744 tu
1422 1715 1609 1745 benedices.
1647 1714 1741 1745 Hanc
1763 1715 2012 1745 admonitionem
2034 1713 2100 1745 hoc
2124 1720 2201 1744 tern-

1229 1766 1310 1796 pore
1334 1757 1656 1787 necessariaszse
1679 1757 1764 1787 duxi.
1888 1782 1893 1787 .

1315 1798 1392 1829 Dixi
1421 1800 1483 1829 iam
1514 1800 1554 1829 de
1585 1798 1774 1830 pharisaica
1804 1798 2002 1834 offensione3
2036 1798 2131 1829 Nunc
2161 1798 2200 1828 de

1230 1839 1333 1871 altero
1357 1850 1479 1881 genere
1503 1840 1650 1872 scandali
1671 1841 1843 1872 dicendum
1868 1847 1931 1877 est,
1955 1841 2043 1881 quod
2065 1846 2202 1871 vocatur

1230 1882 1368 1920 Datum,
1403 1884 1442 1914 de
1477 1894 1540 1923 quo
1570 1883 1684 1914 Matth.
1717 1883 1764 1914 18.
1801 1886 1861 1919 [vs.
1892 1883 1934 1920 7.]
1965 1883 2096 1914 dicitur:
2130 1882 2202 1913 Vae

1230 1924 1362 1962 homini,
1385 1936 1443 1966 per
1467 1936 1562 1966 quem
1584 1926 1670 1955 venit
1689 1924 1890 1956 scandalum.
1935 1924 1995 1955 Est
2017 1930 2123 1955 autem
2146 1931 2201 1954 aut

1229 1966 1313 1997 falsa
1348 1968 1497 1998 doctrina
1530 1975 1584 1998 aut
1619 1966 1736 1998 malum
1771 1965 1968 2006 exemplum,
2008 1966 2096 2007 quod
2129 1965 2201 1996 aliis

1231 2016 1338 2047 nocet,
1362 2009 1416 2041 vel
1439 2011 1514 2051 quia
1536 2009 1698 2040 licentiam
1722 2010 1753 2039 in
1766 2008 1837 2039 aliis
1850 2008 2031 2045 confirmat,
2055 2006 2108 2038 vel
2127 2009 2202 2048 quia

1230 2050 1312 2082 alios
1335 2053 1377 2082 ad
1400 2053 1608 2083 imitationem
1638 2052 1765 2089 invitat,
1799 2050 1852 2081 vel
1881 2051 1957 2091 quia
1980 2051 2123 2081 deterret
2145 2049 2202 2081 ali-

1232 2104 1315 2135 quos
1344 2096 1384 2125 ab
1409 2093 1608 2135 Evangelio,
1643 2092 1694 2124 vel
1725 2094 1799 2134 quia
1829 2094 1964 2133 praebet
1993 2092 2201 2124 occasionem

1231 2135 1444 2167 maledicendi
1474 2135 1606 2167 Christo
1640 2142 1693 2166 aut
1724 2133 1899 2166 Ecclesiae
1926 2134 2008 2172 Dei,
2040 2133 2094 2165 vel
2127 2134 2202 2175 quia

1232 2180 1311 2209 serit
1343 2178 1408 2210 alia
1437 2177 1530 2220 plura
1563 2183 1709 2218 peccata.
1753 2177 1845 2208 Talia
1879 2176 2039 2207 scandala
2071 2175 2201 2208 fuerunt

1230 2222 1306 2252 inde
1329 2232 1434 2262 usque
1457 2231 1475 2251 a
1498 2219 1593 2260 lapsu
1616 2221 1719 2260 primo
1733 2219 1855 2255 Hevae,
1878 2225 1953 2250 sunt
1977 2225 2008 2250 et
2031 2225 2123 2250 erunt
2141 2217 2201 2249 fal-

1232 2340 1277 2369 29)
1295 2341 1329 2365 ita
1349 2341 1428 2366 abest
1445 2341 1480 2365 ab
1499 2340 1571 2364 Editt.
1592 2341 1630 2365 22.
1650 2340 1689 2362 24.
1711 2340 1750 2363 28.
1772 2339 1811 2364 29.
1829 2337 1945 2367 31-33,,
1965 2339 2022 2368 opp.
2044 2339 2065 2360 1.
2086 2338 2109 2360 2.

1231 2391 1278 2421 30)
1298 2391 1467 2420 maledictos}
1503 2391 1539 2415 sir
1558 2396 1620 2416 cum
1637 2392 1772 2415 cmmnate
1789 2389 1861 2414 Editt.
1883 2389 1922 2413 28.
1943 2388 1984 2412 29.
2004 2387 2129 2418 31—33.;
2150 2387 2199 2412 mt-

1297 2430 1352 2449 uus
1369 2426 1435 2455 apte
1454 2425 1526 2449 Editt.
1548 2426 1584 2449 14.
1606 2424 1711 2446 17-27.
1731 2424 1770 2448 30.
1789 2423 1837 2451 34..
1857 2423 1928 2452 corp.
1950 2422 2032 2451 1-8.,
2056 2422 2114 2451 opp.
2137 2422 2157 2446 1.
2175 2421 2199 2443 2.

1300 2459 1447 2483 maledictos
1466 2458 1569 2483 omisso
1589 2459 1738 2487 commate;
1773 2457 1816 2481 Ed.
1842 2457 1862 2480 l.
1881 2456 2016 2481 maledicta
2035 2468 2067 2472 ——
2084 2455 2157 2480 Editt.
2175 2453 2199 2477 ³.

1299 2492 1321 2515 6.
1343 2493 1365 2516 7.
1386 2493 1425 2515 12.
1445 2492 1588 2519 maledicta,
1618 2497 1679 2516 cnm
1698 2492 1848 2516 commate:
1884 2489 1956 2515 Editt.
1977 2489 2000 2512 2.
2020 2490 2043 2512 4.
2062 2489 2085 2513 5.
2103 2488 2194 2513 8—11.

1302 2527 1339 2550 13.
1363 2527 1400 2550 15»⁴
1425 2525 1460 2549 16.
1481 2525 1570 2551 male:
1590 2525 1736 2550 maledictas

2321 1570 2327 1575 -
2314 1483 2336 1550 *far*
2314 1440 2326 1470 r:
2314 1212 2329 1430 Fc-*ezvfft-wfi
2314 1103 2330 1202 v—-x-*a
2314 1044 2330 1097 μοι,
2317 951 2329 1032 -aerw
2319 899 2323 906 -
