2358 2933
264 120 328 152 679

266 223 324 245 sus
349 212 455 254 legem
481 212 553 244 Dei.
600 212 689 243 llaec
713 212 797 244 malo
813 223 879 244 non
897 219 1057 245 vocantur
1078 216 1239 253 actiones,

267 256 326 286 sed
350 266 388 285 ex
409 256 455 285 eis
476 256 622 286 oriuntur
646 253 785 285 actualia
809 260 945 295 peccata
959 257 1114 287 interiora
1137 263 1169 288 et
1185 268 1240 289 ex·

266 299 396 329 teriora.
421 299 450 327 in
464 303 570 328 mente
590 297 744 327 assiduae
764 297 994 335 dubitationes,
1007 296 1079 330 blas
1103 298 1240 339 herniae,

266 342 296 370 in
320 339 489 370 voluntate
511 339 673 369 securitas
697 346 728 370 et
755 338 939 380 neglectio,
962 339 1023 371 Dei
1048 309 1240 381 diffidentia,

265 383 435 412 admiratio
461 382 529 414 sui.
552 379 720 412 anteferre
744 389 891 413 nostram
916 383 1014 413 vitani
1037 389 1067 414 et
1090 383 1240 415 volunta-

331 523 357 547 ρ.
388 517 445 541 387.
473 517 520 542 lm.
549 517 594 547 l-t.l
624 517 753 542 exhibent
769 524 817 547 ea,
841 523 914 547 quae
929 523 958 548 p.
978 519 1036 544 386.
1054 521 1124 544 nota
1143 520 1184 544 76.
1204 526 1241 545 et

334 550 406 576 Edilt.
429 552 534 575 11-13.
553 555 577 575 et
598 551 744 581 opnltasil.
763 552 941 583 afferuntur:
959 552 1002 577 Est
1019 554 1105 578 autem
1124 553 1187 578 haec
1206 554 1242 579 di-

334 585 438 615 sriplina
459 597 490 601 —-
511 598 540 601 —
561 588 586 610 ut
612 585 771 616 disciplinam
791 586 930 610 iudicemus
949 592 1104 617 magnopere
1123 592 1242 613 necessa-

335 619 396 643 riam
424 626 491 643 esse.
527 619 680 644 Praeterea
698 619 771 644 Editt.
801 621 821 644 1.
846 621 869 644 3.
894 620 929 645 ab
948 620 1004 645 illis
1021 621 1094 646 Editt.
1112 622 1241 647 secundae

334 653 425 677 aetatis
443 651 578 684 differ-tm!
595 653 678 678 ltocce
696 655 844 683 mzmuenlo
863 653 919 679 illis
936 654 1026 679 verbis
1044 656 1242 681 estremt'stan-

335 692 409 716 quam
429 692 475 716 per
493 693 520 711 se
540 688 642 711 vitiosos
662 691 687 711 et
706 687 786 712 malos
806 687 935 712 damnant.
953 688 1117 714 subiuncta:
1136 690 1191 714 Scio
1210 689 1241 714 de

335 720 521 745 definitionibus
541 722 636 750 peccati
654 727 731 751 saepe
752 722 874 752 disputari
892 723 958 746 inter
975 722 1071 748 doctos.
1108 724 1169 748 Nam
1189 724 1243 748 vul-

334 759 393 784 gata
422 754 541 779 delinitio.
573 761 637 785 quae
667 756 703 779 sic
730 756 857 785 recitatur,
885 756 1018 780 Peccatum
1038 760 1077 781 est
1095 758 1242 786 cogitatum,

334 788 426 813 dictum
436 792 478 813 ant
488 789 581 813 sactum
593 793 679 813 contra
688 790 770 817 legem
780 790 831 817 nei,
840 790 950 820 loquitur
958 792 1055 814 tantum
1063 790 1094 814 de
1105 791 1205 820 actuali,
1217 794 1241 816 et

336 828 373 847 cst
394 826 503 851 angusta
522 829 551 847 ac
571 823 662 849 tenuis.
682 824 741 847 nihil
762 823 831 848 addit
851 823 882 848 de
902 830 941 849 eo,
960 824 1026 853 quod
1045 828 1084 848 est
1103 825 1128 848 in
1146 825 1242 854 peccati

335 857 432 880 ratione
451 857 632 885 tristissimum,
651 857 768 881 videlicet
787 857 818 881 de
838 857 874 881 ira
893 857 933 881 dei
952 864 999 882 seu
1027 857 1059 882 de
1078 860 1157 882 reatu.
1185 859 1242 884 ldeo

335 896 412 920 saepe
443 891 525 919 optari
555 893 642 915 extare
673 891 844 915 definitionem
872 891 1010 921 pleniorem
1039 893 1065 916 et
1083 897 1241 917 cunimunem

336 928 437 954 peccato
448 925 551 953 originis
570 927 595 948 et
613 925 712 949 actuali.
743 926 775 949 Ac
793 925 869 949 etiam
889 931 949 950 num
969 929 1027 955 opto
1046 926 1140 951 multos
1159 926 1242 951 erudi-

336 963 373 982 tos
393 959 520 982 communi
539 959 642 983 consilio
662 962 686 983 et
705 965 831 983 consensu
851 959 944 983 scholis
962 959 1088 988 integram
1107 963 1131 984 et
1143 959 1241 985 firmam

336 992 507 1017 definitionem
535 998 684 1022 proponere.
721 993 818 1021 Moyses
853 993 1024 1018 definitionem
1056 994 1081 1018 in
1099 994 1138 1018 his
1158 994 1241 1019 verbis

337 1026 427 1050 tradit:
459 1026 604 1051 Maledictus
624 1027 698 1051 homo
717 1027 759 1057 qui
779 1033 827 1051 non
848 1031 933 1052 manet
953 1028 976 1051 in
996 1028 1157 1052 sermonibus
1177 1028 1241 1057 legis

335 1061 423 1085 huius.
453 1067 498 1084 nec
521 1066 566 1084 eos
593 1066 669 1090 opere
697 1060 800 1090 perficit.
837 1061 893 1086 Vult
920 1061 996 1090 igitur
1022 1064 1154 1092 peccatum
1173 1068 1241 1090 esse,

336 1094 452 1125 quicquid
473 1098 510 1118 est
531 1095 555 1118 in
574 1099 663 1119 natura
683 1095 798 1119 rationali
817 1098 903 1119 contra
923 1096 1006 1125 legem
1027 1096 1081 1125 dei,
1106 1096 1180 1126 idque
1200 1102 1242 1120 ro-

337 1133 375 1152 cat
396 1128 568 1158 maledictum,
589 1128 612 1153 id
632 1132 671 1153 est
690 1128 842 1158 quiddam.a
853 1130 900 1153 deo
914 1130 1034 1154 reiectum
1047 1132 1072 1154 et
1085 1129 1242 1160 damnatum,

336 1162 470 1187 offendens
497 1162 587 1192 deum,
615 1166 639 1187 et
667 1168 826 1188 collllllerens
850 1163 913 1187 iram
935 1163 975 1187 dei
994 1167 1019 1188 et
1036 1169 1140 1194 poenas.
1176 1164 1243 1188 Haec

336 1197 412 1221 rerba
432 1196 557 1226 quadrant
576 1196 607 1220 ad
628 1199 778 1227 utrumque.
797 1197 829 1221 ad
847 1197 971 1225 originale
990 1201 1016 1222 et
1033 1198 1133 1222 actuale
1152 1204 1242 1227 recca-

337 1234 398 1255 tum.
435 1231 494 1255 Nam
524 1236 579 1254 cum
605 1231 638 1255 ait
657 1231 709 1255 lex.
736 1231 830 1260 Diligas
855 1231 985 1256 dominum
1011 1231 1087 1256 deum
1113 1234 1183 1256 tuum
1212 1238 1243 1256 ex

336 1268 388 1289 toto
406 1264 480 1289 corde
501 1268 525 1289 et
544 1265 660 1289 omnihus
679 1265 783 1293 viribus,
802 1267 870 1289 certe
890 1265 982 1290 iudicat
1001 1268 1025 1289 et
1045 1265 1147 1290 damnat
1166 1266 1242 1290 etiam

336 1299 474 1328 originale.
494 1298 539 1323 boc
558 1302 605 1328 est,
625 1299 649 1322 in
668 1300 752 1323 niente
772 1299 904 1327 caliginem
926 1299 957 1323 de
977 1300 1040 1328 deo,
1069 1299 1093 1324 in
1112 1299 1242 1324 voluntate

337 1333 496 1357 aversionem
518 1339 531 1356 a
558 1333 621 1358 deo.
648 1332 672 1357 in
691 1333 767 1357 corde
790 1333 973 1358 contumaciam
994 1334 1140 1363 vagantium
1160 1336 1184 1357 et
1204 1339 1243 1358 er—

337 1367 444 1391 rantium
464 1367 646 1396 appetitionum
666 1369 751 1391 contra
772 1367 855 1397 legem
875 1367 923 1392 dei.

422 1401 482 1425 llinc
510 1401 646 1431 aliquando
673 1400 845 1425 definitionem
865 1401 976 1426 exstruxi
995 1402 1033 1425 bis
1053 1401 1144 1425 verbis.
1183 1401 1243 1425 Pec-

337 1438 419 1459 catum
440 1438 479 1459 est
498 1434 613 1460 desectus
633 1440 679 1459 seu
698 1435 825 1459 inclinatio
844 1441 894 1460 seu
912 1435 977 1460 actio
996 1439 1083 1460 contra
1104 1435 1188 1464 legem
1203 1435 1243 1459 dei

338 1469 471 1493 offendens
491 1468 566 1493 deum
586 1473 610 1493 et
630 1474 789 1493 commerens
809 1471 927 1494 aeternas
955 1475 1065 1498 poenas.
1091 1469 1139 1493 nisi
1167 1468 1244 1493 fuerit

339 1503 404 1527 sacta
424 1503 547 1527 remissio.
583 1503 702 1528 Defectus
730 1504 755 1527 et
774 1503 900 1527 inclinatio
919 1503 1044 1533 quadrant
1062 1502 1094 1527 ad
1113 1502 1243 1532 originale,

338 1537 402 1561 actio
420 1537 452 1561 ad
471 1538 553 1561 omnia
573 1537 680 1561 actualia
700 1538 818 1561 interiora
828 1541 853 1562 et
863 1538 996 1562 exteriora.
1021 1537 1139 1566 Agnoscit
1158 1539 1242 1561 autem

336 1571 466 1595 studiosus
486 1574 571 1601 partes
591 1570 750 1600 definitionis,
770 1577 873 1600 genera.
890 1571 1061 1596 differentiam
1073 1571 1243 1601 etproprium.

338 1605 437 1629 Genera
456 1608 513 1629 sunt
533 1604 658 1633 desectus,
677 1605 804 1629 inclinatio
823 1608 848 1630 et
866 1606 938 1630 actio.
964 1605 1111 1630 Differentia
1130 1610 1242 1629 commu-

338 1640 377 1664 nis
397 1644 444 1664 est.
463 1644 579 1669 pugnans
599 1645 655 1663 cum
675 1639 732 1668 lege
751 1639 801 1663 dei.
838 1640 940 1670 Propria
960 1641 1027 1665 sunt.
1045 1638 1180 1663 offendens
1199 1639 1242 1663 de-

339 1679 380 1698 um
401 1677 423 1697 et
444 1679 603 1698 commerens
622 1677 753 1697 aeternam
773 1674 834 1697 iram
855 1679 883 1697 ac
900 1679 1006 1704 poenaS‚
1025 1673 1071 1698 nisi
1082 1673 1157 1697 fuerit
1175 1672 1242 1697 facta

339 1707 462 1732 remissio.
500 1707 609 1732 Ecclesia
629 1708 708 1732 multo
728 1707 824 1732 tristius
844 1708 875 1731 de
894 1711 997 1737 peccato
1016 1707 1139 1737 loquitur,
1167 1713 1242 1737 quam

339 1742 481 1771 philosophi
500 1741 530 1765 de
549 1741 617 1765 vitio.
636 1742 678 1771 qui
695 1743 836 1770 agnoscunt
856 1742 941 1766 vitium
961 1748 1020 1766 esse
1033 1741 1127 1766 malum
1142 1742 1166 1765 et
1185 1747 1243 1765 con-

339 1776 463 1799 fusionem
484 1775 610 1805 quandam
631 1778 716 1800 contra
735 1778 852 1800 naturam
872 1782 918 1800 seu
937 1778 1023 1800 contra
1036 1776 1121 1805 legem
1132 1775 1243 1800 divinam

340 1811 489 1840 impressam
518 1810 646 1834 mentibus
676 1810 799 1835 humanis.
836 1810 886 1834 Sed
913 1812 999 1834 tamen
1027 1810 1088 1834 nihil
1108 1809 1193 1833 dicunt
1212 1809 1243 1833 tle

339 1845 374 1868 ira
394 1844 442 1868 dei.
461 1844 502 1868 alii
523 1844 638 1868 dubitant
657 1844 747 1873 respici
766 1850 779 1867 a
799 1844 847 1868 deo
866 1844 995 1868 hominum
1015 1843 1095 1872 facta,
1114 1843 1157 1867 alii
1175 1843 1242 1867 dice-

339 1881 395 1902 rent
416 1877 542 1907 indignam
563 1883 621 1902 esse
641 1878 835 1902 mutabilitatem
855 1878 880 1902 in
900 1878 956 1904 deo,
975 1877 1043 1902 nolle
1061 1880 1193 1907 peccatum
1214 1883 1243 1901 ac

341 1918 429 1936 rursus
458 1912 593 1936 remittere.
629 1912 739 1941 Denique
770 1912 929 1942 philosophia
956 1918 1006 1936 non
1026 1911 1127 1935 deducit
1145 1917 1192 1935 nos
1212 1911 1244 1935 ad

340 1947 495 1975 agnitionem
524 1946 575 1969 irae
601 1945 651 1970 dei.
688 1946 791 1970 Dolebat
816 1946 958 1970 Alexander
978 1946 1067 1970 Clitum
1087 1951 1101 1969 a
1119 1950 1148 1970 se
1167 1945 1244 1969 inter-

339 1979 432 2004 sectum
461 1986 534 2004 esse.
562 1980 607 2004 sed
636 1980 785 2004 movebatur
803 1980 862 2004 facti
880 1979 1050 2009 turpitudine,
1077 1985 1153 2009 quam
1172 1985 1245 2004 mens

339 2014 414 2038 etiam
433 2014 521 2043 ignara
540 2014 580 2038 dei
599 2016 724 2044 utcunque
744 2014 869 2044 intelligit.
887 2014 944 2044 quia
963 2013 1056 2038 caedes
1076 2016 1115 2037 est
1125 2013 1245 2043 quiddam

339 2052 424 2072 contra
443 2050 573 2072 naturam.
601 2051 643 2072 aut
663 2048 953 2073 movebaturhominum
974 2048 1004 2071 de
1025 2054 1053 2072 se
1068 2046 1177 2072 iudiciis.
1195 2053 1245 2071 non

340 2082 485 2106 intuebatur
521 2082 583 2106 iram
613 2081 661 2106 dei.
709 2083 736 2105 At
774 2082 798 2106 in
834 2084 937 2112 peccato
975 2081 1035 2106 illud
1064 2081 1145 2111 ipsum
1173 2087 1245 2111 prae-

341 2116 438 2145 cipuum
466 2122 511 2139 seu
543 2116 649 2140 formale
681 2120 734 2142 est.
771 2119 797 2140 ut
826 2118 929 2144 vocant,
959 2121 1031 2140 reum
1064 2117 1089 2140 et
1119 2115 1245 2140 abiectum

339 2156 397 2174 esse
417 2156 430 2173 a
460 2150 514 2174 deo.
542 2150 605 2174 sicut
625 2150 718 2174 Paulus
737 2150 806 2174 Rom.
827 2151 849 2174 7.
873 2149 962 2180 inquit:
988 2150 1036 2174 Per
1054 2150 1137 2177 legem
1156 2155 1246 2179 pecca-

339 2187 391 2208 tum
421 2184 445 2207 tit
476 2184 632 2208 excellenter
658 2189 744 2211 reum,
771 2184 795 2208 id
827 2187 874 2212 est,
903 2190 958 2208 cun]
990 2184 1030 2208 lex
1054 2183 1165 2208 ostendit
1183 2184 1245 2207 iram

340 2217 388 2242 dei.
409 2218 517 2242 existunt
537 2223 660 2247 pavores,
688 2217 711 2242 in
731 2219 822 2247 quibus
841 2218 1003 2247 agnoscimus
1023 2218 1097 2242 deum
1118 2223 1178 2242 vere
1198 2217 1245 2241 ira-

340 2252 375 2275 sci
402 2254 523 2281 peccato.
553 2257 602 2276 non
629 2258 687 2277 esse
706 2252 814 2276 otiosum
833 2258 942 2277 numen.
967 2255 994 2276 ut
1012 2257 1119 2276 securae
1146 2254 1245 2276 mentes

341 2286 519 2313 imaginantur.
539 2286 584 2310 sed
608 2292 667 2310 esse
687 2286 794 2310 iudicem
814 2288 839 2310 et
857 2286 981 2311 vindicem
1001 2291 1105 2316 semper
1122 2286 1246 2315 aspicien-

341 2323 391 2344 tem
420 2325 465 2343 nos
493 2323 518 2343 et
543 2320 689 2349 punientem
714 2322 830 2349 peccata.
859 2324 884 2345 et
903 2323 1049 2345 servantem
1068 2319 1245 2349 confugientes

341 2354 372 2378 ad
391 2353 469 2378 filium
489 2354 654 2378 mediatorem
674 2354 803 2378 dominum
823 2357 938 2379 nostrum
956 2355 1041 2380 iesum
1060 2354 1194 2379 Christum.

426 2388 450 2411 Si
471 2388 509 2411 cui
530 2391 615 2412 autem
635 2394 685 2412 non
704 2388 786 2418 placet
805 2389 868 2413 haec
887 2388 1006 2415 definitio.
1025 2394 1100 2419 quam
1120 2393 1152 2412 ex
1167 2388 1246 2416 Moysi

342 2422 426 2446 verbis
446 2424 584 2446 extructam
606 2427 664 2446 esse
684 2422 743 2448 dixi.
762 2423 828 2447 hunc
845 2429 902 2452 oro,
920 2425 947 2447 ut
966 2423 1026 2447 mihi
1044 2424 1069 2446 et
1088 2422 1145 2447 aliis
1163 2421 1248 2446 tradat

343 2456 423 2483 magis
451 2456 586 2485 propriam.
622 2456 674 2480 Non
703 2463 760 2481 arno
788 2454 967 2488 λογομαχίας,
999 2458 1033 2482 De
1051 2457 1129 2481 rebus
1147 2456 1247 2485 magnis

343 2489 502 2519 disserimus.
521 2490 552 2513 de
571 2493 686 2520 peccato.
706 2490 736 2514 de
757 2491 814 2520 lege
835 2491 890 2516 dei.
909 2491 940 2515 de
959 2491 1057 2520 gratia,
1083 2490 1113 2514 de
1132 2489 1197 2516 fide.
1216 2489 1247 2514 de

342 2524 433 2553 quibus
458 2524 499 2548 vel
518 2524 646 2548 silentium
667 2528 705 2549 est
723 2525 748 2548 in
768 2525 867 2555 scriptis
886 2525 1082 2554 monachorum,
1109 2524 1149 2548 vel
1169 2524 1249 2549 diluta

342 2558 453 2582 doctrina
475 2557 547 2582 falsis
565 2558 731 2588 opinionibus.

887 121 1003 152 Pilll..
1026 121 1131 153 MEL.
1154 121 1340 156 SCRIPTA
1362 122 1638 156 DOGMATICA.

2193 128 2258 162 680

1283 223 1333 247 tes
1347 218 1393 254 ⁵⁶)
1426 217 1580 248 mandato
1613 216 1694 252 Dei;
1739 217 1855 249 deinde
1888 219 2005 261 ingens
2040 220 2191 254 confusio
2224 230 2255 254 et

1283 257 1387 290 moles
1410 260 1601 290 vitiosorum
1625 259 1807 292 affectuum.
1845 260 1916 292 Nec
1940 262 2152 305 imaginemur
2174 265 2256 295 otio-

1283 310 1355 332 sam
1383 311 1451 332 rem
1480 311 1556 332 esse
1583 300 1702 332 malum
1725 301 1894 343 originale.
1948 303 2032 335 Nam
2067 305 2129 336 etsi
2161 308 2257 347 pauci

1283 344 1415 384 quidam
1426 343 1578 375 homines
1591 343 1732 375 honesta
1754 343 1925 386 disciplina
1946 344 2126 385 frenantur,
2146 354 2256 380 ¹tamen

1283 386 1315 416 in
1338 386 1453 416 animis
1483 396 1559 417 esse
1582 395 1718 428 magnas
1741 387 1961 419 dubitationes
1991 394 2022 419 et
2043 388 2166 421 multos
2188 400 2256 421 mo-

1285 427 1455 459 tusaDeo
1478 429 1672 460 aberrantes
1696 434 1727 459 et
1751 430 1842 460 varie
1854 435 1988 461 ruentes
2005 437 2121 463 eontra
2133 431 2257 474 Legem

1284 469 1364 508 Dei,
1387 469 1593 502 manifestum
1612 477 1679 509 est,
1710 472 1795 502 sieut
1817 471 1970 503 Ieremias
1995 473 2059 510 [17,
2072 474 2116 512 94
2135 475 2255 515 inquit:

1284 511 1425 544 Pravum
1438 518 1488 544 est
1499 523 1558 544 cor
1568 512 1708 545 hominis
1717 518 1749 544 et
1756 523 1987 545 aerumnosum
1995 520 2028 545 et
2034 514 2256 548 inscrutabile.

1371 554 1483 596 ltaque
1505 565 1636 596 semper
1666 566 1740 587 cum
1767 554 1855 586 malo
1878 555 2029 598 originali
2059 557 2155 588 simul
2181 564 2257 589 sunt

1285 596 1426 628 actualia
1449 603 1604 638 peccata,
1638 607 1723 639 quae
1751 598 1783 628 in
1814 607 1880 629 non
1903 599 2026 630 renatis
2050 601 2159 630 omnia
2181 606 2257 631 suut

1286 639 1445 670 mortalia.
1490 639 1615 681 Estque
1645 645 1714 671 tota
1742 649 1886 680 persona
1915 651 1988 672 cum
2016 640 2068 672 his
2097 641 2257 674 fructibus

1286 681 1454 719 damnata,
1490 683 1574 713 sicut
1607 682 1709 722 inquit
1738 682 1876 713 loannes
1912 683 1957 721 [3,
1980 683 2062 723 36.]:
2097 683 2159 719 Qui
2191 693 2258 716 non

1441 843 1474 866 Ac
1492 841 1639 866 definitione
1657 842 1754 872 peccati
1772 843 1907 868 constituta
1924 849 1974 868 non
1994 843 2103 869 difficilis
2122 846 2163 869 est.
2179 844 2258 876 expli-

1355 876 1419 900 catio
1438 875 1512 900 huius
1531 876 1702 906 quaestionis:
1728 882 1761 900 an
1779 879 1837 906 post
1854 877 2007 906 baptismum
2026 877 2051 902 in
2068 876 2208 902 infantibus
2225 878 2259 903 sit

1354 911 1504 938 peccatum?
1539 910 1622 934 Manet
1640 912 1708 934 certe
1726 909 1821 934 malum
1841 916 1957 940 pugnans
1976 916 2033 935 cum
2052 911 2109 940 lege
2129 910 2169 935 dei
2185 929 2192 940 ,
2211 910 2258 935 sed

1354 943 1498 967 remissum.
1525 943 1561 968 lta
1571 943 1602 967 de
1616 943 1710 968 adultis
1729 946 1862 974 quaerunt,
1881 950 1914 969 an
1932 944 1964 969 sit
1983 945 2113 974 peccatum
2132 943 2257 974 reliquum

1354 976 1379 1001 in
1403 977 1498 1002 renatis
1521 977 1547 1002 in
1571 977 1618 1002 hac
1645 978 1702 1002 vita.
1740 977 1902 1007 Respondent
1924 979 1949 1003 in
1978 978 2016 1003 eis
2043 978 2156 1003 actualia
2177 978 2259 1003 multa

1355 1016 1423 1038 esse,
1442 1017 1506 1041 quae
1525 1015 1616 1036 vocant
1634 1012 1753 1041 venialia,
1771 1012 1829 1042 qula
1848 1017 1923 1037 nemo
1942 1014 1982 1037 est
1999 1013 2054 1037 sine
2073 1012 2168 1037 vitiosis
2185 1012 2260 1038 moti.-

1355 1044 1410 1071 bus.
1441 1048 1467 1069 et
1493 1045 1642 1076 plerumque
1670 1045 1765 1075 rapitur
1791 1046 1867 1070 simul
1889 1046 2020 1076 voluntas,
2047 1048 2075 1071 ut
2093 1045 2259 1076 adsentiatur,

1355 1079 1418 1103 alias
1437 1079 1576 1107 ardentius,
1595 1079 1659 1104 alias
1676 1079 1766 1109 levius,
1784 1078 1816 1104 de
1834 1079 1872 1104 bis
1891 1081 1988 1105 tantum
2006 1079 2207 1110 interpretantur
2222 1079 2259 1104 di-

1356 1115 1423 1137 ctum
1443 1113 1573 1137 Iohannis:
1599 1113 1625 1137 Si
1651 1113 1788 1138 dixerimus
1807 1119 1854 1138 nos
1872 1119 1922 1138 non
1940 1114 2035 1138 habere
2053 1115 2194 1144 peceatum,
2212 1119 2259 1138 nos

1355 1147 1425 1177 ipsos
1445 1146 1591 1176 decipimus.
1611 1147 1686 1172 Aiunt
1702 1147 1769 1172 tales
1787 1147 1813 1172 in
1830 1148 1927 1172 renatis
1944 1153 2041 1172 naevos
2059 1153 2118 1173 esse
2136 1147 2258 1172 actuales.

1357 1180 1407 1205 sed
1433 1183 1528 1210 negant
1555 1181 1670 1205 morbum
1696 1181 1826 1206 nobiscum
1845 1183 1932 1206 natum
1951 1187 2010 1206 esse
2028 1181 2125 1207 malum
2142 1186 2259 1212 pugnans

1356 1220 1413 1239 cum
1443 1215 1500 1244 lege
1527 1214 1575 1239 dei.
1611 1215 1679 1239 llaec
1703 1215 1847 1240 extenuatio
1872 1215 1982 1244 ingentis
2006 1215 2068 1240 mali
2085 1214 2195 1240 taxanda
2213 1217 2260 1239 est.

1355 1249 1409 1273 Non
1428 1250 1487 1273 sunt
1506 1248 1572 1273 enim
1592 1249 1656 1273 levia
1675 1248 1742 1275 vitia.
1761 1249 1841 1278 caligo
1860 1249 1884 1274 in
1902 1250 1996 1278 mente,
2015 1255 2080 1279 quae
2098 1249 2164 1279 parit
2180 1246 2260 1273 hot-ri:

1357 1282 1421 1307 biles
1448 1282 1632 1309 dubitationes,
1659 1286 1685 1306 et
1713 1283 1837 1307 securitas
1856 1283 1881 1306 in
1898 1283 2029 1308 voluntate
2047 1283 2074 1306 et
2085 1282 2164 1307 amor
2180 1282 2260 1307 nostri

1356 1315 1513 1341 inordinatus
1541 1318 1566 1340 et
1590 1316 1614 1341 in
1633 1316 1708 1341 corde
1728 1316 1896 1341 contumacia.
1931 1317 1999 1341 Haec
2016 1315 2084 1341 mala
2102 1316 2217 1346 agnoscit
2233 1319 2259 1340 et

1357 1350 1472 1380 deplorat
1496 1350 1589 1375 Paulus
1617 1350 1687 1374 Rom.
1707 1351 1729 1374 7.
1768 1351 1795 1375 Et
1819 1356 1875 1375 cum
1904 1350 2016 1375 nominat
2033 1352 2153 1381 peccata,
2177 1349 2260 1380 facilis

1356 1387 1395 1408 est
1414 1384 1560 1414 explicatio,
1580 1384 1601 1408 si
1621 1384 1675 1414 quis
1694 1383 1725 1408 de
1745 1383 1889 1408 definitione
1909 1384 2017 1414 peccati,
2040 1389 2116 1414 quam
2134 1383 2260 1416 recensui,

1356 1417 1443 1442 dextre
1463 1418 1563 1447 cogitet.
1598 1417 1697 1442 Ludunt
1716 1418 1855 1447 sophistae.
1875 1423 1931 1441 cum
1950 1418 2037 1442 dicunt
2053 1417 2139 1442 vocari
2155 1419 2259 1447 peccata

1356 1448 1427 1474 xmo?
1452 1448 1619 1482 μετάληψιν,
1650 1451 1674 1475 id
1701 1453 1753 1479 est,
1782 1451 2011 1481 concupiscentiam
2035 1452 2134 1476 tantum
2151 1455 2259 1480 poenam

1356 1491 1414 1510 esse
1433 1485 1506 1515 primi
1525 1485 1627 1515 lapsus,
1655 1490 1705 1509 non
1730 1484 1826 1509 malum
1851 1489 1968 1515 pugnans
1987 1490 2044 1510 cum
2063 1485 2120 1514 lege
2139 1484 2195 1514 dei,
2219 1484 2261 1510 cui

1357 1520 1420 1544 deus
1438 1525 1498 1543 vere
1517 1519 1642 1548 irascitur,
1660 1519 1707 1543 nisi
1726 1524 1783 1543 cum
1808 1519 1920 1543 remittit.
1955 1520 1985 1543 At
2001 1519 2027 1543 in
2053 1518 2127 1544 Pauli
2141 1523 2260 1552 sermone
2279 1522 2282 1525 ’

1358 1553 1452 1578 diserte
1480 1553 1527 1577 hoc
1555 1553 1714 1583 exprimitur,
1740 1553 1764 1577 id
1794 1553 1890 1577 malum
1917 1558 2032 1583 pugnare
2057 1558 2114 1577 cum
2132 1550 2259 1584 legesdei.

1356 1588 1411 1613 Non
1430 1589 1470 1612 est
1487 1587 1564 1616 igitur
1582 1587 1736 1616 ambiguitas
1755 1587 1780 1611 in
1798 1592 1917 1612 sermone
1935 1585 2013 1611 Pauli.
2125 1588 2127 1593 ·
2231 1585 2235 1590 ’

1441 1621 1469 1646 In
1487 1624 1572 1646 mente
1591 1621 1721 1651 Pomponii
1739 1620 1810 1645 Attici
1834 1621 1955 1645 tenebrae
1975 1620 2006 1644 de
2025 1619 2079 1644 deo
2091 1621 2118 1644 et
2133 1619 2260 1649 neglectio

1357 1655 1398 1679 dei
1417 1658 1442 1679 et
1460 1656 1618 1680 contumacia
1637 1655 1719 1680 cordis
1738 1657 1797 1679 sunt
1815 1655 1883 1679 mala
1902 1654 2041 1684 pugnantia
2058 1655 2116 1680 'cum
2133 1653 2192 1684 lege
2209 1653 2260 1684 dei,

1357 1689 1447 1719 quibus
1461 1689 1524 1714 deus
1543 1695 1602 1714 vere
1622 1689 1746 1715 irascitur.
1765 1692 1791 1713 et
1809 1691 1918 1719 quantae
1937 1691 2023 1718 pestes
2046 1688 2106 1717 sint,
2123 1687 2261 1723 ostendunt

1357 1724 1414 1748 hinc
1432 1723 1485 1748 nati
1503 1724 1618 1751 furores,
1646 1723 1816 1747 dubitationes
1835 1722 1866 1747 de
1884 1721 2051 1753 providentia,
2067 1721 2156 1751 vagari
2172 1720 2260 1752 volun*-

1357 1759 1436 1781 tatem
1457 1758 1510 1782 sine
1530 1758 1619 1782 timore,
1639 1757 1687 1785 dei,
1706 1757 1760 1781 sine
1780 1756 1871 1781 fiducia
1890 1756 1939 1785 dei,
1958 1761 2081 1786 quaerere
2099 1756 2155 1781 sine
2173 1754 2261 1780 ordine

1357 1791 1484 1821 praesidia
1502 1792 1612 1816 humana
1632 1794 1657 1815 et
1676 1791 1826 1820 voluptates.
1862 1790 1930 1815 Haec
1947 1791 2019 1814 tanta
2036 1789 2105 1815 mala
2123 1791 2261 1814 extenuare

1356 1831 1451 1855 magna
1479 1825 1588 1850 coecitas
1616 1827 1663 1850 est.
1700 1825 1760 1849 ideo
1786 1830 1894 1849 necesse
1913 1826 1953 1849 est
1972 1822 2160 1849 commonefieri
2178 1823 2260 1848 Eccle-

1357 1860 1421 1884 siam
1441 1859 1489 1884 dei.

1444 1894 1507 1918 Nam
1532 1894 1557 1918 in
1584 1893 1680 1918 renatis
1705 1894 1807 1917 manent
1825 1891 1946 1922 reliquiae
1965 1891 2039 1915 huius
2058 1890 2153 1919 morbi,
2180 1889 2262 1920 qualis

1359 1930 1398 1952 est
1417 1927 1441 1951 in
1460 1928 1547 1957 Attico,
1566 1929 1591 1952 et
1610 1927 1713 1952 morbus
1733 1932 1783 1950 non
1801 1927 1841 1950 est
1859 1925 1963 1954 otiosus,
1986 1923 2033 1949 sed
2051 1923 2132 1954 gignit
2145 1923 2262 1949 assiduas

1358 1961 1529 1986 dubitationes
1556 1964 1581 1986 et
1608 1966 1698 1991 pravos
1717 1959 1840 1984 adfectus.
1877 1959 1943 1983 llaec
1962 1960 2022 1983 sunt
2037 1958 2106 1982 mala
2123 1958 2263 1988 pugnantia

1359 2001 1415 2019 cum
1436 1995 1493 2025 lege
1513 1995 1561 2021 dei,
1592 1995 1683 2025 quibus
1703 1993 1766 2018 deus
1786 1994 1948 2022 irasceretur,
1965 1992 2015 2017 nisi
2032 1992 2082 2017 iam
2100 1993 2204 2017 renatos
2223 1997 2263 2016 re-

1361 2030 1478 2059 cepisset.
1515 2030 1579 2054 Sunt
1605 2029 1681 2058 igitur
1707 2027 1814 2052 remissa
1842 2029 1867 2050 et
1885 2028 1951 2051 tecta
1969 2028 2081 2056 peccata.
2118 2025 2264 2055 Achabent

1359 2064 1440 2087 renati
1458 2063 1526 2088 initia
1545 2063 1617 2092 luds,
1635 2061 1702 2091 fidei,
1720 2061 1827 2089 timoris,
1837 2060 1986 2089 dilectionis.
2005 2062 2032 2084 et
2050 2060 2195 2089 repugnant
2205 2064 2263 2089 pra-

1360 2098 1397 2122 vis
1415 2097 1534 2121 motibus.
1570 2097 1621 2121 Nec
1639 2098 1725 2120 tamen
1744 2097 1882 2119 extenuant
1900 2094 2030 2119 morbum.
2059 2092 2105 2118 sed
2123 2096 2264 2122 agnoscunt

1360 2133 1385 2155 et
1410 2131 1541 2161 deplorant
1569 2136 1642 2155 suam
1672 2128 1856 2154 immunditiem
1868 2147 1874 2158 ,
1893 2130 1919 2153 et
1937 2129 2027 2158 petunt
2045 2126 2263 2154 condonationem,

1359 2170 1438 2195 seque
1457 2164 1508 2189 fide
1526 2164 1630 2189 assidua
1638 2165 1792 2192 sustentant.
1810 2164 1844 2187 et.
1863 2163 1920 2192 quia
1930 2163 2048 2187 metuunt
2056 2161 2264 2189 imbecillitatem.

1359 2199 1414 2228 regi
1432 2205 1460 2223 se
1479 2205 1494 2223 a
1514 2198 1601 2228 spiritu
1620 2201 1709 2223 sancto
1727 2199 1808 2225 orant,
1835 2197 1965 2221 intuentur
1981 2196 2048 2220 vitae
2066 2195 2191 2225 regulam,
2208 2200 2264 2220 ver-

1360 2234 1419 2257 bum
1446 2232 1504 2261 dei,
1532 2235 1556 2256 et
1583 2238 1646 2256 suae
1664 2231 1803 2257 vocationis
1821 2230 1905 2255 officia
1923 2229 2085 2255 considerant
2102 2231 2128 2254 et
2145 2235 2174 2254 se
2191 2228 2264 2254 iustis

1359 2267 1488 2292 laboribus
1507 2268 1627 2291 exercent
1646 2268 1671 2290 et
1688 2266 1768 2290 vitant
1786 2265 1932 2290 occasiones
1951 2264 2077 2294 lapsuum.
2249 2294 2256 2298 ¹

1446 2301 1479 2325 Ex
1504 2301 1551 2325 hac
1578 2299 1818 2325 commemoratione
1838 2299 1911 2323 facile
1930 2299 2014 2328 potest
2031 2297 2137 2322 iudicari
2155 2296 2186 2321 de
2205 2301 2264 2321 con·

1360 2336 1500 2359 troversia:
1529 2341 1561 2359 an
1590 2335 1621 2359 sit
1646 2334 1771 2364 reliquum
1789 2337 1921 2363 peccatum
1939 2332 1964 2356 in
1982 2331 2078 2357 renatis
2097 2331 2123 2355 in
2140 2330 2189 2355 hac
2205 2330 2263 2355 vita.

1360 2370 1450 2394 veram
1470 2371 1495 2393 et
1514 2369 1561 2399 piis
1580 2369 1753 2393 necessariam
1773 2367 1911 2392 doctrinam
1930 2366 2064 2395 tradimus,
2082 2366 2108 2389 et
2119 2370 2183 2395 quae
2193 2369 2265 2402 pror-

1360 2409 1405 2429 sus
1432 2403 1492 2428 nihil
1519 2402 1625 2427 absurdi
1648 2402 1766 2427 continet.
1802 2402 1835 2426 Ac
1853 2400 1934 2426 facilis
1953 2402 1978 2425 et
1996 2399 2113 2431 expedita
2131 2399 2171 2423 est
2188 2397 2266 2436 epr-

1360 2437 1424 2462 catio
1443 2437 1532 2462 dextre
1551 2436 1687 2462 constituta
1705 2435 1850 2460 definitione
1868 2435 1973 2465 peccati,
1992 2433 2060 2464 quod
2079 2438 2109 2457 eo
2122 2432 2197 2458 toties
2215 2437 2264 2470 tam

1361 2472 1455 2498 monui,
1485 2472 1543 2501 quia
1574 2471 1624 2495 ridi
1651 2470 1782 2495 confusius
1810 2469 1842 2493 de
1867 2469 1914 2493 hac
1943 2467 2115 2493 controversia
2141 2465 2265 2496 disputan

1361 2505 1518 2530 wormaciae
1537 2511 1587 2530 non
1606 2505 1741 2530 constituta
1760 2503 1913 2528 definitione.

1293 2556 1339 2587 56)
1360 2556 1515 2587 voluntates]
1535 2556 1607 2581 Editt.
1626 2557 1649 2581 2.
1671 2555 1761 2580 4-15.
1784 2555 1820 2580 19.
1839 2554 1982 2585 voluptates
