2358 2933
200 117 254 146 167

237 632 274 654 51⁷¹.
295 631 317 653 b,

271 1081 295 1097 lo

263 1332 288 1351 15

257 1689 274 1711 Y
279 1688 295 1712 11

218 1815 280 1843 (43.
299 1816 335 1845 a.)

239 1857 278 1881 81.
299 1863 319 1881 a.

266 2274 293 2292 10

201 2426 246 2454 2³.)
272 2425 299 2449 In
320 2430 401 2454 marg.
421 2425 493 2449 Editt.
516 2426 534 2449 i.
554 2427 576 2450 2.
597 2427 630 2450 7.;

272 2459 356 2483 verbis
376 2459 416 2483 dci
436 2459 521 2483 credit.

205 2509 250 2541 25)
276 2509 302 2533 ln
322 2515 402 2537 marg.
421 2509 493 2534 Editt.
514 2511 534 2534 l.
556 2511 578 2534 2.
598 2509 636 2533 7.:
663 2509 697 2534 De
724 2508 934 2539 promissionibus
961 2508 1132 2538 corporalibus
1152 2511 1176 2532 et

270 2543 450 2573 spiritualibus.

824 116 931 148 I’IIIL.
955 116 1056 147 MEL.
1081 116 1265 149 SCRIPTA
1286 116 1562 150 DOGMATICA.

359 220 543 250 quanquam
569 211 598 239 in
624 209 696 250 lege
716 210 873 240 viverent.
894 210 950 240 sed
976 209 1049 239 lide.
1073 210 1175 239 addit-

360 262 422 291 que
450 256 510 289 lis.
535 252 580 287 §kl
607 252 668 281 tirlc
692 251 853 291 purificari
879 253 990 281 corda.
1016 251 1173 291 quaenisi
1196 268 1197 291 l

360 303 390 323 ιιι
429 293 608 333 intelligas.
637 294 716 323 sicut
743 294 812 333 ipse
847 294 995 333 exponit,
1031 293 1071 323 dc
1095 292 1197 328 fidu-3

358 337 405 365 cia
437 337 559 376 gratiae
589 341 617 364 ct
649 335 892 365 misericordiae
917 336 985 365 dci.
1015 337 1076 365 iam
1105 342 1173 365 toto

359 388 449 408 erras
474 376 583 407 coclo.
609 379 661 417 qui
686 379 770 407 enim
795 377 861 407 lieri
876 378 1005 418 poterit²
1024 400 1025 407 t
1042 383 1075 407 ut
1092 377 1172 408 lides

358 419 556 449 scholastica
582 420 682 449 corda
706 419 878 460 luirilicet‘?
906 418 984 450 Vult
1009 430 1089 460 ergo
1113 419 1172 450 Pe-

355 470 423 492 trus
455 462 560 491 onmia
585 472 684 501 opera
709 468 835 502 patrum
860 461 1012 499 Dar-iuis,
1042 461 1172 499 Esaiae,

355 503 538 533 Iliercmiac
575 512 711 543 peccata
745 505 861 541 tuisse,
895 504 1087 534 iustificatos
1117 512 1196 535 all-⁴

355 553 419 575 tcm
452 556 525 575 esso
557 545 628 575 sola
654 546 770 577 iiducia
794 546 1038 576 misericordiae
1067 546 1118 576 dei
1142 548 1173 577 in
1194 550 1196 570 ἰ

356 587 488 618 Christo
513 589 705 627 promissae.
753 588 842 619 Sicut
868 598 968 629 saepe
992 587 1172 629 prophetae

357 630 396 659 de
421 641 457 661 se
481 636 651 660 testantur.
680 630 682 658 ι’
732 630 821 661 Ilaec
846 630 961 661 fiducia
986 632 1092 661 bonae
1117 642 1173 661 vo-

356 671 489 703 luntatis
520 672 570 703 dci
600 673 764 713 spargitur
787 674 817 703 in
839 683 965 704 onmem
991 674 1107 710 vitam,
1143 674 1173 703 in

357 715 462 745 mimia
489 724 606 755 opera.
635 716 665 745 in
699 726 811 746 ornnes
837 717 1034 746 tentationes
1058 722 1174 755 c'orpo-
1195 718 1197 724 ¹

356 756 444 787 rales
469 764 498 787 et
524 756 720 797 spirituales.

398 815 470 846 I'na
496 817 675 856 eademque
699 816 828 848 fides-2⁴)
853 822 920 853 est,
945 826 1007 856 qua
1033 816 1175 846 creditur

355 858 526 897 ‹10051qua
552 859 661 888 fiditur
689 859 833 888 bonitate
863 859 925 895 dei,
956 857 1175 898 qualicunque

354 901 544 938 tentatione.
569 899 755 941 Spiritualis
778 901 914 930 tenssatio
939 899 994 930 illa
1029 899 1175 930 mulieris

350 943 544 983 peccatricis
585 949 652 973 erat
692 942 803 973 Lucae
837 942 906 972 vll.
943 952 1039 983 quam
1073 943 1175 973 erexit

354 984 506 1016 flu-istus
529 986 679 1026 inquiens
703 985 866 1023 [vs-484,
890 985 1096 1016 remittuntur
1119 985 1175 1015 tibi

354 1034 490 1067 peccata
517 1034 581 1058 tua.
629 1027 707 1058 Item
738 1030 801 1065 [vs.
825 1027 908 1065 5o.:]
940 1026 1038 1058 Fides
1065 1032 1120 1058 tua
1143 1032 1175 1057 te

356 1069 483 1100 salvam
517 1068 604 1107 fecit,
639 1071 723 1100 rade
758 1070 789 1100 in
820 1080 913 1110 pace.
971 1068 1175 1110 Corlporalia

355 1119 447 1142 erant
472 1110 630 1153 pleraque
655 1123 728 1143 cum
750 1113 885 1143 morbos
909 1117 1050 1149 curaret,
1075 1117 1105 1142 et
1129 1113 1175 1142 in-

355 1153 581 1185 credulitatem
610 1153 844 1195 discipulorum
873 1155 907 1184 in
940 1164 976 1185 re
1011 1153 1176 1195 corporali

355 1197 471 1237 arguit.
522 1196 636 1227 Matth.
668 1197 755 1227 xvl.
787 1207 859 1228 cum
888 1194 935 1227 illi
966 1197 1006 1227 de
1035 1197 1197 1236 panibus

357 1245 466 1269 essent
492 1238 633 1269 solliciti.
669 1239 723 1271 Sic
748 1240 832 1270 enim
856 1240 1001 1279 increpat
1027 1241 1088 1276 [vs.
1119 1238 1175 1277 S-]=

356 1282 439 1316 Quid
465 1282 616 1322 cogitatis
640 1282 723 1312 inter
745 1291 807 1312 vos
831 1282 978 1312 modicae
992 1280 1089 1311 fidei?
1112 1287 1174 1312 etc.

354 1322 395 1354 Et
423 1325 524 1363 patris
552 1334 662 1355 curam
689 1324 729 1354 de
759 1324 828 1355 suis
854 1322 857 1342 ¹
881 1325 913 1355 in
943 1333 979 1354 re
1011 1323 1175 1364 corporali

355 1367 485 1407 quoties
508 1365 673 1397 inculcat?
696 1365 811 1397 Matth.
835 1366 891 1396 VI.
917 1369 981 1404 [vs.
1004 1365 1086 1404 32³]
1106 1366 1175 1397 Scit

354 1415 449 1448 pater
472 1415 593 1447 vester,
618 1409 706 1450 quod
728 1408 780 1439 his
800 1409 950 1439 omnibus
975 1418 1057 1449 opus
1075 1407 1175 1439 habe-

354 1452 404 1481 tis.
442 1450 483 1482 Et
507 1450 547 1481 X.
574 1453 637 1489 [vs.
663 1450 742 1490 31.:]
766 1450 878 1482 Multis
901 1451 1094 1492 passeribus
1110 1460 1175 1481 me-

358 1492 460 1524 liores
492 1494 571 1523 estis
599 1504 671 1523 ros.
716 1493 758 1524 Et
782 1493 967 1524 huiusmodi
991 1492 1175 1534 corporalia

355 1545 421 1566 non
447 1536 687 1567 contemnenda
710 1536 891 1567 rudimenta
922 1542 997 1567 sunt
1020 1545 1176 1566 exercen-

356 1578 417 1609 dae
441 1577 537 1609 fidei-¹

398 1636 488 1668 Haec
518 1647 636 1668 moneo
665 1646 706 1667 ne
736 1638 813 1677 quid
847 1637 1036 1668 laboremus
1065 1637 1177 1667 distin-

360 1680 499 1720 guendis
534 1690 593 1721 pro
605 1680 815 1710 missionibus
839 1680 966 1710 divinis.
988 1681 1031 1715 ¹2⁵⁷)
1094 1679 1176 1710 Sunt

357 1723 443 1753 enim
475 1721 558 1753 aliae
587 1732 694 1753 rerum
724 1721 960 1762 corporalium,
990 1727 1024 1752 ut
1053 1722 1176 1751 veteris

354 1765 540 1795 testamenti
563 1774 687 1795 omnes.
732 1763 828 1795 Aliae
852 1763 1056 1805 spirituales,
1091 1773 1176 1803 quae

356 1807 488 1847 proprie
512 1807 553 1837 ad
577 1817 698 1837 noxum
722 1812 951 1837 testamentum
974 1812 975 1831 l
1000 1806 1175 1847 pertinent.

357 1850 413 1880 sie
443 1849 527 1880 enim
556 1850 662 1880 sentio
692 1858 754 1879 nec
786 1849 1070 1889 promissionibus
1105 1857 1176 1878 cor-

360 1890 530 1931 poralibus
555 1892 690 1922 credere
715 1901 753 1921 ex
777 1892 878 1922 corde
896 1892 958 1921 nisi
976 1891 1101 1926 iustos,
1134 1889 1175 1920 Et
1197 1914 1199 1926 ,

359 1932 578 1974 corporalium
608 1943 717 1964 remim
746 1934 964 1974 promissione
993 1933 1177 1963 misericor-

359 1976 442 2006 diam
467 1986 559 2006 suam
582 1975 770 2006 declarasse
794 1977 901 2013 deum,
921 1985 985 2016 quo
1005 1985 1173 2016 argumen-

358 2018 419 2048 tari
449 2017 546 2049 facile
573 2024 725 2058 poterant
759 2018 879 2055 sancti,
914 2017 1016 2048 multo
1043 2017 1046 2050 l
1072 2017 1176 2058 magis

358 2062 482 2091 animas
506 2070 584 2091 suas
608 2070 706 2091 curae
729 2070 804 2091 esse
829 2061 901 2098 deo,
925 2061 953 2091 si
976 2070 1075 2091 curae
1098 2058 1175 2090 suis-

359 2110 431 2133 sent
463 2112 613 2144 corpora.
659 2103 730 2133 Nec
765 2104 916 2133 desinere
944 2108 1070 2143 patrem
1100 2111 1176 2132 esse

358 2146 555 2182 animarum,
585 2145 638 2186 qui
670 2146 863 2186 emporibus
887 2151 1013 2186 patrem
1041 2145 1175 2185 egisset.

358 2187 430 2218 Hoc
454 2194 502 2218 est
526 2188 614 2228 quod
638 2194 713 2218 ante
738 2188 813 2225 (uxi,
838 2189 932 2218 etiam
958 2185 1176 2228 corporalium

359 2239 468 2260 rerum
497 2231 733 2270 promissiones
767 2240 826 2271 per
853 2240 889 2260 se
912 2229 1016 2260 fuisse
1039 2229 1176 2270 promis-

360 2272 485 2303 sionem
514 2272 851 2314 gratiae‚lobsc·u1·am
888 2273 1018 2313 quidem
1048 2272 1107 2302 sed
1130 2276 1176 2302 ta—

663 2426 742 2450 [nam
768 2424 843 2449 fidem
870 2430 942 2451 esse,
974 2429 1038 2454 quae
1058 2424 1175 2449 omnibus

1218 220 1291 240 men
1315 209 1510 241 habentibus
1534 211 1681 250 spiritum
1701 211 1752 241 (lei
1765 212 1846 242 satis
1860 212 2034 252 cognitam.

1218 252 1283 282 lam
1314 258 1344 282 et
1368 252 1453 283 Mosi
1478 253 1625 293 precanti
1655 262 1714 293 pro
1743 253 1856 293 populi
1884 261 2035 294 peccam,

1217 295 1247 324 in
1271 294 1423 325 Numer-is
1447 304 1517 335 cap.
1541 294 1689 329 XIIII.'-'‘³)
1714 297 1795 332 [vss.
1818 295 1856 326 19
1875 300 1938 337 stp]
1958 306 2035 327 con-

1217 338 1357 367 donatur
1380 343 1549 377 peccatum
1574 335 1697 376 populi.
1733 336 1774 367 Et
1798 336 1851 368 lex
1875 348 1947 369 cum
1959 348 2034 379 pro-

1216 379 1370 409 missione
1393 380 1516 419 gratiae
1540 378 1605 410 lata
1630 386 1689 409 est.
1733 378 1837 410 Exod.
1862 380 1937 411 XX.
1952 384 2034 419 [vsS.

1217 422 1237 451 5
1261 424 1340 461 sq.:]
1371 420 1442 461 Ego
1474 431 1545 452 sum
1572 426 1575 446 ¹
1601 422 1751 452 dominus
1777 422 1858 453 deus
1889 429 1964 453 tuus
1987 422 2034 453 sa-

1194 461 1308 505 }ciens
1339 463 1595 494 misericordiam
1624 466 1653 495 in
1685 463 1784 494 millia
1802 464 1853 495 his
1882 465 1945 505 qui·
1964 464 2033 495 ‹lili-

1218 512 1294 546 gunt
1320 515 1371 535 me
1395 513 1426 535 et
1450 507 1634 537 custodiunt
1664 513 1839 547 praecepta
1866 517 1949 538 mea.
1994 507 2035 538 Et

1218 546 1375 578 sacrificia
1397 558 1457 588 pro
1480 555 1616 588 peccato
1636 550 1753 580 tradita
1772 555 1858 586 sunt,
1878 559 1961 590 quae
1980 560 2035 581 ne-

1219 599 1314 621 cesse
1337 596 1385 620 est
1410 589 1569 621 fate-annu*
1591 590 1693 622 fuisse
1717 593 1811 633 signa
1834 592 2035 623 remissionis

1218 638 1428 672 pcccatorum
1458 632 1620 664 fidelibus.
1677 634 1752 664 Non
1780 642 1781 645 ’
1806 644 1928 675 quaero
1957 633 2036 665 alless

1195 701 1196 712 ¹
1219 675 1339 715 gorius,v
1363 675 1422 705 sed
1447 674 1614 706 historiam
1634 675 1710 707 volo
1733 679 1922 717 promittere
1941 678 2035 705 mise—

1219 717 1390 747 ricordiam
1414 717 1445 746 in
1470 727 1509 747 eo
1532 718 1604 757 ipso
1628 720 1714 758 quod
1735 717 1919 758 corporalia
1937 718 2035 748 bene—

1219 759 1292 789 ficia
1314 759 1475 798 promissa
1500 766 1585 789 sunt.
1631 760 1740 800 Atque
1768 759 1833 791 huc
1855 758 2035 800 pulcherri-

1219 811 1270 831 me
1294 801 1454 840 quadrant
1478 800 1655 842 pleraeque
1668 801 1881 839 histo1·iae‚ut
1895 802 2035 833 Genesis

1219 842 1371 873 XXVIII.
1404 845 1468 879 [vs.
1498 843 1565 881 ⁴20.]
1597 844 1639 873 ait
1659 843 1774 882 Iacob,
1802 844 1836 876 Si
1860 843 1956 875 fuerit
1980 845 2035 874 do·

1218 885 1324 915 minus
1347 894 1474 915 meclun
1505 890 1536 915 et
1562 887 1752 916 custodierit.
1773 896 1825 917 me
1840 887 1879 924 ¹in
1901 887 1954 917 via
1977 896 2036 926 per

1220 937 1315 967 quam
1345 936 1409 967 ego
1443 926 1574 958 ambulo
1599 934 1630 957 et
1661 928 1787 958 dederit
1815 928 1892 958 mihi
1918 938 2036 968 panem

1219 969 1260 999 ad
1284 969 1497 1006 vescendum,
1521 975 1552 999 et
1572 970 1800 1001 vestimentum
1830 971 1872 1001 ad
1901 970 2036 1001 induen-

1220 1012 1295 1042 dum
1325 1017 1386 1042 etc.
1422 1013 1485 1049 [vs,
1519 1012 1599 1050 Dia]
1634 1012 1693 1042 erit
1721 1012 1796 1043 mihi
1825 1013 1974 1044 (lominus
2003 1012 2036 1043 in

1220 1054 1326 1085 deum.
1376 1053 1488 1084 fidem
1521 1055 1765 1085 misericordiae
1801 1061 1833 1086 et
1857 1084 1859 1094 Α
1884 1055 2039 1085 bonitatis

1220 1096 1273 1128 dei
1294 1094 1521 1127 efficacissime
1543 1097 1638 1127 nobis
1662 1098 1900 1128 commendavit
1921 1096 2036 1127 Moses

1220 1137 1378 1179 exemplis
1402 1148 1537 1179 operum
1557 1145 1587 1169 et
1610 1140 1863 1179 promissionum
1882 1148 2037 1180 corpora-

1196 1199 1197 1209 ι
1218 1180 1306 1212 lium.
1336 1180 1495 1212 Deutero.
1514 1180 1598 1211 VIII.
1624 1183 1686 1218 [vs.
1696 1181 1725 1212 3.
1739 1185 1760 1221 z]
1783 1181 1920 1212 Adflixit
1936 1187 1969 1212 te
1981 1190 2036 1222 pe-

1220 1224 1313 1254 nuria
1337 1228 1367 1253 et
1388 1224 1475 1254 dedit
1498 1224 1555 1254 tibi
1569 1224 1676 1254 cibum
1688 1234 1818 1262 manna,
1835 1224 1923 1264 quod
1944 1224 2037 1263 igno-

1220 1266 1319 1296 rabas
1353 1271 1388 1296 tu
1422 1272 1452 1296 et
1486 1272 1598 1305 patres
1622 1267 1667 1297 tui
1676 1272 1732 1304 ‚ut
1745 1264 2037 1298 OSTENDERET

1218 1309 1287 1345 tibi,
1319 1309 1406 1348 quod
1437 1318 1502 1338 non
1531 1309 1563 1338 in
1588 1307 1661 1339 solo
1687 1318 1772 1348 pane
1804 1309 1893 1339 vivat
1927 1308 2038 1345 homo,

1220 1351 1279 1381 sed
1302 1351 1334 1380 in
1358 1351 1443 1381 omni
1466 1351 1581 1388 verbo,
1605 1351 1693 1391 quod
1717 1352 1882 1392 egreditur
1911 1351 1951 1381 (le
1980 1359 2038 1381 ore

1219 1393 1280 1424 dei.
1336 1393 1431 1423 Adeo
1458 1394 1594 1424 verbim]
1628 1394 1714 1424 vitae
1744 1399 1811 1431 est‚
1842 1402 2038 1434 quocunque

1218 1435 1474 1466 misericordiam
1499 1436 1551 1466 dei
1579 1436 1750 1477 cognoscit
1772 1445 1829 1466 cor
1851 1435 2037 1466 humanum.

1219 1477 1322 1508 Huius
1345 1477 1469 1508 formae
1493 1476 1642 1518 exempla
1660 1478 1734 1509 fidei
1752 1483 1967 1509 recensentur
1981 1484 1983 1495 ¹
1997 1477 2039 1508 ad

1220 1519 1320 1551 Hebr.
1340 1519 1446 1560 X1.2⁷)
1471 1530 1609 1561 quorum
1630 1519 1789 1561 pleraque
1819 1522 1859 1551 ad
1889 1530 1943 1550 res
1967 1529 2039 1550 cor-

1219 1561 1353 1603 porales
1376 1563 1551 1602 pertinent.
1575 1562 1616 1593 Et
1640 1573 1698 1593 cur
1725 1573 1790 1593 non
1820 1563 1861 1593 ad
1880 1562 1967 1592 hunc
1990 1561 2039 1592 lo·

1221 1615 1294 1635 cum
1317 1605 1602 1636 accommodamus
1622 1610 1724 1635 totum
1746 1603 1827 1634 illud
1851 1609 1958 1644 eaput.

1263 1646 1427 1686 Principio
1455 1646 1551 1676 fidem
1573 1646 1622 1677 sic
1648 1646 1828 1683 definiffls)
1856 1645 1955 1676 Fides
1989 1651 2040 1676 est

1222 1689 1458 1728 sperandarum
1483 1698 1591 1718 rerum
1614 1688 1816 1729 hypostasis,
1847 1688 1879 1718 id
1898 1693 1965 1725 est,
1984 1697 2038 1718 ex-

1220 1732 1381 1770 pectatio,
1398 1732 1443 1767 2²⁹)
1480 1729 1649 1761 cer'titudo
1688 1740 1754 1761 non
1801 1730 2036 1770 apparentium.

1197 1798 1198 1804 ,
1220 1766 1315 1803 Hanc
1339 1771 1507 1813 ὑπογραφὴν
1535 1772 1609 1803 fidei
1635 1772 1793 1803 eiusmodi
1827 1771 2037 1812 glossematis

1221 1815 1430 1846 detorseumt
1448 1815 1490 1845 ad
1513 1824 1573 1845 sua
1597 1815 1722 1845 somnia
1741 1814 1921 1855 sophistae,
1941 1820 1972 1845 et
1995 1815 2037 1845 ad

1220 1856 1385 1888 carnalem
1402 1855 1491 1887 illam
1510 1855 1800 1896 opinatiunculam,
1820 1867 1916 1897 quam
1939 1856 2037 1887 fidem

1222 1905 1383 1931 vocarunt
1404 1904 1439 1930 ut
1458 1898 1555 1939 plane
1575 1898 1654 1930 nihil
1677 1898 1889 1938 Apostolicae
1907 1904 2038 1930 senten·

1221 1943 1265 1972 tia
1288 1960 1290 1969 v
1312 1940 1557 1982 intelligeretur.
1634 1941 1783 1972 Proinde
1813 1951 1875 1972 nos
1914 1940 2035 1981 simpli-

1221 1985 1352 2014 cissima
1374 1984 1476 2014 verba
1501 1982 1740 2024 simplicissima
1763 1985 1924 2014 sententia
1954 1982 2036 2014 refe-

1220 2036 1341 2058 remus·
1403 2026 1515 2056 Fidem
1557 2036 1632 2056 esse
1671 2026 1895 2057 certitudinem
1925 2035 2038 2057 eorum

1222 2079 1305 2110 quae
1327 2078 1393 2099 non
1412 2068 1580 2107 adparent.
1605 2068 1754 2098 Obsecro
1774 2069 1851 2108 quid
1870 2074 1920 2099 est
1943 2068 2037 2098 certi—

1221 2112 1321 2142 tudo?
1357 2117 1388 2141 at
1419 2110 1598 2141 divinarum
1623 2120 1661 2140 ac
1691 2109 1905 2151 spiritualium
1928 2120 2037 2140 rerum

1220 2153 1300 2185 nihil
1321 2155 1323 2166 ¹
1348 2159 1438 2184 certo
1458 2158 1545 2183 tenet
1568 2158 1701 2190 natura,
1725 2153 1786 2182 nisi
1810 2163 1868 2193 per
1891 2152 2039 2193 spiritum

1220 2201 1368 2227 sanctum
1387 2194 1558 2226 illustrata.
1584 2194 1649 2225 lam
1674 2201 1704 2225 et
1728 2195 1963 2236 sperandarum
1985 2204 2036 2225 re-

1220 2356 1265 2386 26)
1289 2356 1369 2386 XIIII]
1387 2357 1424 2381 sic
1443 2357 1546 2386 scripsi:
1566 2356 1638 2381 Editt.
1660 2357 1680 2381 1.
1702 2358 1724 2381 2.
1742 2357 1765 2380 7.
1779 2355 1859 2380 male:
1878 2355 1937 2380 XIII.

1220 2407 1266 2437 27)
1291 2407 1318 2431 In
1337 2412 1417 2436 marg.
1436 2407 1508 2432 Editt.
1527 2409 1549 2432 2.
1569 2408 1605 2432 7.:
1624 2407 1704 2431 Locus
1723 2406 1755 2431 ad
1773 2407 1834 2431 Heb.
1854 2406 1890 2430 XI.
1911 2406 1979 2435 (om.
1998 2405 2040 2430 Ed.

1220 2457 1266 2489 28)
1285 2458 1322 2515 Ilpd
1331 2463 1411 2521 1]ιῖ1ςὲ.
1432 2457 1504 2482 Editt.
1529 2459 1551 2482 2.
1584 2459 1621 2483 7.;

1225 2541 1270 2569 29)
1297 2540 1449 2571 expectatio]
1467 2541 1510 2565 Ed.
1531 2542 1553 2566 7.
1575 2544 1758 2570 argumentum.

2129 120 2190 152 168

2107 434 2133 452 15

2104 644 2134 662 20

2072 895 2112 925 81,
2131 895 2155 919 b.

2107 1266 2134 1285 10

2111 1486 2137 1505 15

2104 1730 2136 1749 20

2059 1941 2156 1971 (43‚b.)

2073 1976 2112 2005 82,
2131 1981 2154 1999 a.

2063 2406 2104 2436 1.).

1659 2457 1849 2487 Simplicissima
1877 2456 1989 2481 definitio
2019 2455 2187 2487 fidei-¹·(om.
