2358 2933
272 140 312 172 91

311 542 347 565 10.
362 541 386 563 b.

322 656 363 681 1111

341 957 365 974 10

340 1165 365 1183 15

334 1374 364 1392 20

302 1534 384 1564 (6.1.)

309 1619 346 1644 11.

341 1962 366 1979 10

343 2173 369 2192 15

896 140 1005 171 PHIL.
1028 140 1130 172 MEL.
1154 141 1338 174 SCRIPTA
1359 142 1633 174 DOGMATICA.

427 240 460 263 ut
474 233 585 267 negari
599 242 661 261 non
687 238 791 271 potest
818 232 893 271 quin
913 231 1114 272 voluptatum
1128 244 1240 264 amans
1263 243 1265 274 ξ

427 276 466 304 sit
492 266 679 304 Alexander
705 272 853 302 Macedo.
877 280 984 303 tamen
1008 275 1082 314 quia
1105 273 1242 315 gloriam

426 317 528 355 magis
553 317 655 345 ardet.
680 313 790 354 deligit
815 312 972 347 laborem.
988 315 1174 356 voluptates·
1186 318 1242 348 ad-

428 365 610 398 spernatur,
635 366 698 385 non
723 356 808 395 qnod
823 367 878 386 eas
893 367 956 386 non
970 364 1068 394 amet,
1082 359 1141 388 scd
1154 360 1242 399 quod

427 398 650 428 vehi-inentias
673 404 757 427 amet
782 396 930 438 gloriam.
976 398 1134 430 Videmus
1159 402 1242 431 enim

426 441 455 469 in
479 435 549 469 aliis
573 440 710 479 ingeniis
735 438 817 469 alios
842 449 982 479 regnare
998 440 1158 479 adfectus,
1182 453 1244 473 sua
1265 452 1266 468 1

915 481 949 511 ln
981 484 1122 514 sordidis
1153 485 1266 524 inge-=

426 491 576 521 quenque
601 482 751 521 cupidine
776 480 868 511 trahi.

424 523 485 552 niis
509 523 691 553 dominatur
714 522 852 553 habendi
878 524 1045 563 cupiditas.
1060 528 1063 542 ¹
1079 525 1111 555 ln
1127 525 1243 556 libera-

424 563 571 594 lioribus,
595 565 681 594 iuxta
707 565 869 595 hominum
893 566 1055 602 iudicium,
1079 566 1184 598 lamae
1203 578 1243 598 ac

425 605 592 646 popularis
616 607 739 646 gratiae
764 607 912 636 studium.

468 647 594 678 Deinde
626 648 694 678 lieri
722 647 864 678 fortasse
892 655 1019 688 potest,
1049 656 1082 679 ut
1106 660 1242 689 prorsus
1265 676 1266 679 ,

425 696 537 719 contra
546 699 660 719 omnes
670 689 819 720 adfectus
833 690 1132 732 deligaturaliquid.
1146 693 1241 726 Quod

428 741 507 761 ·(“11111
532 731 563 760 fit
582 742 640 771 pei·
663 731 899 762 sinmlationem
932 732 976 762 fit.
1001 739 1034 762 ut
1059 744 1131 764 cum
1156 734 1241 773 quis-

426 774 508 812 piam
521 783 605 803 eum.
627 783 721 813 quem
735 784 774 803 ex
787 774 893 803 animo
908 775 984 803 odit.
1009 776 1060 804 cui
1079 785 1117 805 ex
1134 776 1241 806 animo

425 813 509 844 male
532 814 611 851 vult,
637 816 786 855 benigne.
811 816 955 846 comiter.
981 814 1099 845 blande
1112 822 1241 853 tractat,

424 855 513 885 nulla
536 855 677 886 sortasse
702 863 790 886 certa
815 867 925 887 causa.

424 939 506 968 enim
530 940 657 979 ingenia
668 944 672 964 Ι
685 940 843 979 quaedam
856 941 939 970 adeo
953 940 1083 977 blanda,
1099 948 1131 971 111
1146 942 1240 971 etiam

424 990 493 1010 eos.
517 991 599 1021 quos
623 984 772 1019 oderunt,
795 981 938 1022 palpent.
986 983 1183 1024 1s‚iiiq11a111‚
1199 983 1240 1013 si-

423 1021 521 1052 mulat
547 1023 728 1053 comitatem
752 1024 782 1053 111
808 1030 943 1054 externo
967 1034 1083 1065 opere,
1114 1026 1145 1054 in
1176 1035 1240 1065 quo

423 1065 601 1094 secundum
632 1071 778 1095 naturam
810 1066 939 1095 videtur
970 1076 1046 1096 esse
1080 1067 1239 1107 quaedam

424 1104 568 1136 libertas.
593 1106 702 1147 Atque
725 1106 807 1137 haec
833 1113 881 1137 est
904 1106 959 1137 illa
974 1107 1127 1138 voluntas
1144 1118 1240 1148 quam

422 1148 516 1177 nobis
540 1147 630 1178 stulti
649 1147 838 1178 scholastici
853 1148 1080 1187 finxemntv),
1105 1150 1240 1180 Scilicet

423 1189 485 1218 vim
498 1189 606 1226 talem,
631 1199 714 1230 quae
726 1197 892 1230 utcunque
911 1191 956 1220 sis
980 1190 1141 1228 adfectus,
1164 1201 1240 1231 pos—

422 1231 463 1261 sit
487 1238 592 1261 tamen
616 1231 779 1262 adfectum
802 1233 964 1262 moderari
978 1238 1239 1274 temperareque,

422 1278 455 1303 ut
479 1283 575 1313 quom
599 1273 727 1303 fictitias
756 1284 833 1304 suas
861 1275 1079 1314 poenitentias
1109 1276 1238 1305 docent.

421 1313 464 1344 Ut
494 1321 526 1345 ut
556 1316 601 1345 sis
629 1314 800 1351 adfectus,
835 1323 971 1346 censent
995 1317 1153 1347 voluntati
1176 1318 1240 1347 vim

422 1365 498 1387 esse
522 1356 682 1395 eliciendi,
706 1358 753 1388 sic
767 1358 830 1398 ipsi
856 1357 1046 1399 loquuntur,
1074 1365 1167 1389 actus
1183 1360 1239 1389 bo-

420 1408 492 1429 nos.
539 1398 573 1429 Si
598 1409 694 1440 quem
718 1400 791 1430 odio
814 1399 950 1437 habeas,
974 1411 1075 1441 posse
1091 1400 1240 1432 volunta-

420 1446 485 1471 tem
504 1447 660 1478 statuere,
685 1442 772 1482 quod
795 1441 883 1472 hunc
895 1453 994 1482 porro
1018 1443 1098 1473 nolit
1118 1443 1238 1473 odisse.

420 1483 487 1520 Sic,
501 1493 597 1523 quom
609 1490 725 1514 11311113
736 1484 837 1515 simus
849 1485 947 1525 impii,
966 1485 1153 1525 deique²¹³)
1173 1495 1239 1515 non

421 1525 495 1556 dico
518 1535 582 1555 non
605 1531 764 1563 amanteS,
787 1527 847 1557 sed
869 1536 1006 1566 prorsus
1039 1533 1239 1567 contempto·
1261 1537 1263 1546 ⁴

422 1576 485 1601 res,
511 1567 629 1598 docent
652 1569 720 1605 isti,
744 1577 844 1608 posse
874 1567 1076 1600 voluntatem
1108 1568 1239 1605 elicere,

423 1609 510 1650 quod
542 1610 637 1640 deum
659 1620 759 1651 porro
783 1611 823 1640 sit
838 1616 994 1641 amatura.
1055 1611 1187 1646 Quaeso
1207 1617 1239 1640 te

419 1652 462 1682 mi
485 1650 602 1689 lector,
625 1662 666 1682 an
689 1662 754 1682 11011
776 1659 873 1692 putas
888 1653 1043 1690 insanire,
1067 1654 1120 1694 qui
1141 1652 1240 1682 talem
1262 1668 1263 1681 ÷

421 1693 515 1724 nobis
539 1693 740 1725 voluntatem
768 1694 929 1725 finxerint.
975 1695 1085 1735 Atque
1118 1695 1240 1725 utinam

421 1737 587 1777 contingat
610 1737 686 1768 mihi
699 1736 865 1777 Sophista,
888 1738 942 1777 qui
964 1736 1047 1767 haec
1064 1736 1239 1767 calumnie-

422 1784 485 1816 tur,
507 1784 541 1808 ut
565 1780 689 1819 possim
711 1779 801 1810 illam
824 1780 963 1819 impiam,
987 1778 1131 1815 stultam,
1154 1776 1239 1808 male

422 1820 683 1862 philosophicam
707 1822 747 1852 de
760 1821 928 1852 voluntate
943 1822 1138 1852 sententiam
1154 1821 1239 1850 iusto
1262 1820 1263 1845 l

421 1863 598 1903 volumine,
621 1871 653 1895 et
676 1865 804 1905 integra
828 1864 1046 1904 disputatione
1059 1861 1238 1893 confutare.

421 1908 504 1940 Nam
529 1918 602 1938 cum
625 1908 652 1937 is
676 1908 730 1946 qui
753 1907 830 1943 odit,
853 1907 963 1936 statuit
979 1915 1102 1945 ponere
1121 1904 1240 1940 odium,

422 1951 484 1981 nisi
507 1960 624 1980 revera
647 1947 741 1979 fuerit
765 1948 1011 1979 vehementiore
1041 1946 1171 1978 adfectu
1195 1946 1240 1975 vi-

424 1999 508 2030 ctus,
531 1990 628 2032 plane
658 1997 706 2021 est
731 1990 840 2021 fictitia
866 1989 1025 2030 quaedam
1053 1987 1240 2019 intellectus

424 2035 596 2075 cogitatio,
625 2044 690 2065 11011
722 2033 899 2064 voluntatis
923 2042 1016 2072 opus.
1062 2031 1097 2062 Si
1120 2034 1241 2060 statuat

424 2076 528 2114 Paris,
551 2086 676 2118 ponere
699 2076 854 2106 Oenones
877 2084 1032 2110 amorem,
1056 2073 1117 2103 nisi
1145 2071 1242 2103 suerit

424 2122 530 2152 victus
554 2129 672 2150 revera
692 2117 938 2148 vehementiore
961 2114 1104 2151 adfectu,
1132 2113 1243 2145 fucata

424 2162 591 2203 fallaxque
615 2161 768 2201 cogitatio
788 2158 974 2189 intellectus
999 2163 1071 2188 est„
1088 2156 1172 2186 Fieri
1185 2165 1242 2196 po—

426 2211 487 2235 test
512 2211 547 2234 ut
571 2205 735 2234 diversum
758 2203 893 2242 imperet
915 2211 987 2230 cum
1001 2199 1171 2229 intellectu
1185 2207 1242 2227 cor

426 2253 515 2277 tuum
538 2246 690 2277 membris
715 2244 946 2278 exterioiibus,
966 2241 1114 2282 linguae,
1142 2240 1242 2270 mani-
1266 2272 1267 2275 Ἰ

426 2290 500 2325 bus,
523 2287 638 2325 oculis=
662 2293 759 2327 atque
783 2291 831 2316 est
845 2283 995 2315 adfectus
1008 2284 1144 2319 animus,
1169 2282 1242 2322 quia

427 2337 542 2361 natura
564 2330 741 2360 mendaces
757 2336 879 2364 sumuS,
904 2326 1004 2356 veluti
1019 2325 1149 2366 linguae
1166 2334 1243 2354 ocu-

426 2371 532 2413 lisque
556 2372 732 2411 imperabat
758 2370 846 2407 loab,
869 2375 904 2399 ut
916 2379 1012 2409 quam
1031 2366 1243 2398 blandissime

276 2517 322 2546 21)
347 2516 374 2540 In
394 2520 472 2544 marg.
492 2515 562 2539 Editt.
586 2516 605 2538 1.
624 2515 660 2538 2.;
678 2513 775 2538 ficticia
794 2513 910 2537 voluntas
931 2511 1145 2536 scholasticorum.

277 2549 336 2578 21³)
353 2549 454 2579 deique}
474 2549 513 2573 Ed.
536 2550 554 2572 1.
574 2548 689 2577 (lenique.

972 857 1001 886 is
1028 859 1122 888 etiam
1133 859 1160 888 si
1175 868 1240 888 non
1263 871 1265 880 ¹

423 898 541 927 sentiat
569 897 678 937 aliquo
707 897 771 927 alio
800 908 837 927 se
864 897 996 929 adfectu
1026 900 1129 935 vinci,
1165 905 1239 929 sunt
1263 924 1264 928 ,

1295 236 1462 265 miei-etui-
1494 233 1696 275 compellare
1726 235 1885 271 Amasan,
1910 236 1999 266 cordi
2028 246 2107 267 vero

1263 281 1265 300 ¹
1286 277 1446 317 imperare
1460 287 1524 306 non
1538 282 1657 316 potest,
1676 282 1710 306 ut
1724 283 1822 316 ponat
1834 275 1996 307 adfectum
2008 287 2104 317 quem

1287 319 1448 358 concepit.
1473 318 1567 348 Ponit
1580 324 1687 348 autem
1711 328 1783 348 cum
1801 317 2033 349 vehementiori
2050 329 2104 349 cu-

1264 361 1419 400 ¹piditate
1448 360 1553 390 victus
1583 358 1678 389 fuerit
1707 359 1759 389 liic
1788 358 1937 390 adfectus
1955 370 2020 400 quo
2049 371 2103 391 00-

1264 400 1266 432 1
1288 408 1436 442 cupatur.

1339 459 1412 489 Non
1428 465 1548 499 negant
1572 457 1721 489 adfectus
1745 459 1892 496 scholae,
1912 459 1971 489 sed
1984 465 2104 489 vocant

1265 511 1266 518 ¹
1288 501 1503 531 infirmitatem
1527 507 1674 537 naturae,
1698 502 1777 531 satis
1802 512 1876 532 esse
1891 502 2028 534 stactus
2047 500 2103 530 eli-

1288 544 1370 574 citos
1395 542 1543 572 diversos
1557 542 1675 573 habeat
1693 543 1855 574 voluntas.
1880 545 1921 575 At
1939 555 2001 586 ego
2016 555 2101 587 nego

1265 606 1267 621 ‚
1289 586 1351 614 1-1111
1376 594 1451 614 esse
1474 583 1574 614 ullam
1597 585 1627 614 in
1652 584 1797 623 homine,
1829 596 1912 626 quae
1935 588 2022 617 serio
2045 588 2100 618 ad-

1266 622 1267 630 *
1287 625 1618 657 fectibnsadversari
1636 627 1749 667 possit.
1796 627 1991 668 Ceiiseoque
2005 634 2100 659 actus

1264 686 1266 693 ι
1287 667 1362 698 illos
1386 667 1503 705 licitos,
1526 678 1591 698 non
1614 670 1674 699 nisi
1698 669 1840 700 fictitiam
1871 670 2099 710 cogitationem

1265 722 1266 730 ¹
1286 709 1472 740 intellectus·
1497 720 1582 739 esse.
1629 711 1711 741 Nam
1735 722 1807 742 cum
1831 712 1931 742 corda
1953 712 2035 742 deus
2053 712 2099 742 iu-

1264 765 1265 768 =
1287 752 1384 787 dicet.
1409 761 1547 781 necesse
1571 758 1621 782 est
1645 763 1703 782 cor
1725 763 1798 783 cum
1821 754 1889 784 suis
1916 752 2099 783 adfectibus

1264 801 1265 809 ¹
1286 802 1442 822 summam
1461 803 1499 822 ac
1515 794 1715 832 potissimam
1730 794 1867 824 hominis
1880 799 2004 834 partem
2013 804 2097 825 esse.

1288 833 1501 874 Alioqni¹cur
1524 834 1685 865 hominem
1701 836 1741 865 ab
1772 835 1983 867 imbecilliore
2007 841 2100 876 parte

1285 876 1367 905 deus
1391 875 1588 912 aestimaret,
1613 881 1644 905 et
1667 886 1731 906 non
1744 877 1851 916 potius
1865 887 1884 906 a
1902 876 2048 914 meliore,
2071 877 2100 906 si

1285 927 1348 957 qua
1368 916 1519 947 voluntas
1544 922 1594 947 est
1616 916 1679 947 alia
1704 918 1846 953 acorde,
1870 924 1902 947 et
1914 917 2100 948 adfectuum

1284 964 1377 998 parte
1401 957 1514 988 melior
1537 968 1576 987 ac
1599 957 1722 989 fortior.
1747 958 1831 993 Quid
1854 959 1907 989 hic
1924 958 2100 999 Sophistae

1285 1000 1554 1040 respondebunt?
1588 999 1684 1034 Quod
1717 1001 1745 1030 si
1778 999 1942 1031 vocabulo
1978 1000 2101 1037 cordis,

1286 1042 1371 1082 quod
1402 1047 1537 1081 usurpat
1568 1042 1746 1081 scriptura,
1783 1042 1829 1071 uti
1860 1041 2100 1078 maluissemus,

1260 1098 1262 1106 ›
1285 1094 1380 1123 quam
1404 1082 1616 1113 Aristotelico
1640 1082 1802 1113 vocabulo
1826 1082 2022 1120 voluntatis,
2054 1081 2101 1113 fa-

1286 1125 1348 1155 cile
1373 1125 1575 1155 cavissemus
1599 1123 1660 1154 hos
1685 1130 1748 1154 tam
1771 1125 1910 1164 pingues
1933 1130 1999 1154 tam
2012 1133 2100 1154 cras-

1285 1176 1341 1196 sos
1366 1176 1507 1196 errores.
1553 1165 1704 1195 Vocabat
1737 1166 1867 1204 quidem
1901 1165 2102 1195 Aristoteles

1285 1207 1495 1245 voluntatem,
1510 1206 1672 1237 delectum
1687 1205 1778 1236 illum
1790 1216 1897 1237 rerum
1911 1207 1944 1237 in
1957 1207 2101 1237 externis

1285 1251 1451 1289 operibus,
1478 1249 1533 1289 qui
1556 1247 1626 1279 fere
1648 1249 1788 1278 mendax
1812 1253 1873 1285 est,
1897 1248 1957 1278 sed
1971 1248 2048 1288 quid
2059 1248 2103 1278 ad

1285 1291 1502 1322 Christianam
1528 1290 1731 1330 disciplinam
1762 1298 1897 1323 externa
1924 1298 2045 1334 opera,
2074 1289 2103 1320 si

1285 1344 1343 1364 cor
1378 1334 1419 1363 sit
1449 1333 1668 1363 insincemm?
1698 1332 1874 1364 Praeterea
1904 1335 1975 1375 ipse
2005 1332 2101 1365 etiam

1284 1374 1484 1406 Aristoteles
1507 1385 1572 1405 non
1595 1376 1736 1415 prodidit
1754 1382 1848 1406 actus
1880 1376 1955 1406 illos
1978 1376 2100 1413 licitos,

1284 1427 1367 1458 quos
1391 1417 1511 1447 Scotus
1536 1416 1700 1447 confinxit.
1747 1416 1814 1448 Sed
1837 1427 1923 1449 nunc
1946 1428 2012 1448 non
2034 1423 2100 1448 tam

1261 1459 1264 1486 l
1285 1470 1348 1499 ago
1372 1464 1406 1489 ut
1429 1457 1707 1495 illosssconfutem,
1731 1469 1827 1499 quam
1849 1465 1884 1490 ut
1909 1460 2046 1490 doceam
2068 1463 2100 1490 te

1262 1518 1263 1529 1
1285 1500 1470 1532 Christiane
1492 1500 1599 1530 lector
1621 1501 1697 1540 quid
1721 1501 1813 1541 sequi
1829 1506 1865 1531 tu
1880 1502 2015 1531 debeaS.
2038 1500 2100 1530 Fa-

1261 1548 1263 1572 }
1285 1549 1357 1573 teor
1378 1544 1410 1572 in
1435 1548 1571 1572 externo
1602 1552 1710 1572 rerum
1739 1541 1871 1572 delectu
1900 1552 1976 1572 esse
1999 1551 2100 1582 quan-

1285 1586 1357 1615 dam
1396 1584 1595 1621 libertatem,
1644 1584 1790 1613 internos
1830 1593 1910 1613 vero
1950 1583 2100 1614 adfectus

1284 1622 1420 1667 prorsus
1443 1635 1529 1665 nego
1553 1626 1585 1654 in
1607 1624 1908 1665 potestate¹nostra
1922 1635 2009 1662 esse,
2031 1624 2103 1654 Nec

1262 1692 1263 1695 ,
1284 1668 1433 1708 permitto
1457 1666 1597 1707 aliquam
1622 1676 1698 1697 esse
1720 1666 1921 1696 voluntatem
1945 1676 2028 1707 quae
2044 1666 2100 1696 ad-

1261 1715 1263 1741 }
1284 1710 1425 1741 sectibus
1456 1709 1624 1739 adversari
1648 1709 1736 1738 serio
1757 1708 1873 1748 possit.
1897 1713 1996 1748 atque
2017 1707 2102 1738 haec

1262 1742 1413 1796 :quidem
1444 1752 1484 1781 de
1514 1750 1654 1780 hominis
1678 1756 1792 1779 natura
1823 1750 1908 1786 dico,
1939 1749 2023 1779 Nam
2046 1748 2101 1789 qui

1262 1797 1263 1817 ³
1284 1794 1399 1834 spiritu
1428 1791 1590 1823 iustificati
1620 1797 1705 1827 sunt,
1728 1792 1760 1821 in
1789 1791 1828 1821 iis
1852 1790 2001 1822 adfectus
2024 1791 2101 1821 boni

1262 1856 1263 1890 ἢ
1285 1846 1357 1866 011111
1381 1833 1475 1865 malis
1497 1839 1655 1874 pugnant,
1678 1833 1764 1863 sicut
1786 1831 1869 1863 insi-a
1899 1833 2100 1863 docebimus.

1262 1896 1264 1959 'i
1336 1902 1515 1932 Praeterea
1538 1901 1614 1941 quid
1630 1900 1744 1930 attinet
1755 1899 1877 1929 iactare
1893 1905 2102 1930 externorum

1263 1954 1419 1984 operum
1448 1942 1650 1983 libertatem,
1681 1951 1754 1971 cum
1781 1941 1893 1971 cordis
1928 1941 2102 1981 puritatem

1263 1987 1366 2023 ldeus
1389 1986 1543 2025 requirat.
1588 1983 1778 2014 pharisaica
1806 1992 1943 2022 prorsus
1971 1983 2100 2013 traditio

1286 2034 1347 2065 est,
1372 2027 1527 2068 quidquid
1551 2026 1591 2056 de
1614 2025 1718 2055 libero
1741 2025 1886 2061 arbitrio,
1916 2025 1956 2054 de
1978 2024 2101 2054 iustitia

1286 2080 1422 2110 operum
1445 2067 1535 2099 stulti
1560 2067 1707 2098 homines
1731 2072 1762 2096 et
1785 2067 1871 2106 impii
1895 2066 2101 2106 conscripse-

1264 2103 1265 2123 *
1286 2118 1370 2143 runt.
1388 2136 1389 2143 ,
1405 2111 1469 2141 13111
1492 2112 1547 2141 ubi
1577 2107 1724 2140 adfectus
1755 2108 1853 2148 paulo
1876 2107 2101 2138 vehementior

1286 2153 1394 2190 fuerit,
1418 2152 1487 2183 fieri
1501 2163 1565 2185 non
1580 2156 1689 2192 potest
1705 2151 1781 2190 quin
1794 2156 1952 2189 erumpat,
1967 2149 2000 2179 id
2013 2149 2102 2189 quod

1288 2196 1350 2227 dici
1380 2194 1475 2225 solet.
1527 2194 1683 2225 Naturam
1712 2192 1790 2222 licet
1820 2190 1968 2231 expellas
1995 2189 2101 2228 fiii-ea,

1288 2245 1395 2269 tamen
1418 2246 1522 2277 usque
1546 2240 1700 2267 recurret.
1732 2234 1797 2264 lam
1829 2239 1860 2264 et
1883 2243 1977 2274 quam
2000 2231 2103 2263 multa

1288 2280 1367 2311 fiunt
1390 2290 1408 2309 a
1431 2279 1524 2309 nobis
1549 2285 1580 2309 et
1602 2278 1634 2307 in
1653 2276 1796 2316 speciem
1820 2276 1950 2315 optima,
1971 2280 2002 2304 et
2017 2283 2102 2314 quae

1266 2340 1268 2352 ·
1288 2332 1349 2353 nos
1373 2322 1434 2362 ipsi
1456 2331 1515 2360 pro
1540 2320 1633 2350 bonis
1658 2319 1847 2354 iudicamus,
1870 2317 1957 2357 quod
1976 2322 2103 2356 turpem

1267 2357 1452 2406 {adfectum
1487 2372 1552 2392 non
1587 2362 1733 2392 videmus
1767 2360 1853 2389 unde
1885 2358 2103 2398 proficiscitur

1267 2415 1382 2446 zopus.
1428 2405 1486 2434 Est
1516 2405 1600 2434 enim
1631 2404 1681 2432 113
1711 2411 1794 2442 quae
1823 2401 1968 2437 videtur,
2001 2399 2102 2440 inquit

1267 2446 1269 2488 Α,
1290 2448 1447 2478 Solonion
1471 2445 1582 2483 [Pi-ov.
1609 2445 1658 2480 14,
1684 2442 1993 2480 121l1ominih0na,
2008 2441 2102 2471 cuius

1268 2508 1269 2511 =
1291 2496 1434 2520 extrema
1458 2489 1578 2518 ducunt
1601 2487 1642 2516 ad
1664 2490 1810 2515 mortem.
1854 2484 1895 2513 Et
1918 2493 1975 2513 cor
2001 2482 2102 2513 homi-

1290 2532 1340 2561 nis
1364 2540 1499 2571 pravum
1524 2535 1555 2559 et
1577 2525 1788 2559 inscrutabile
1813 2535 1888 2555 esse
1903 2525 1979 2555 dicit
1991 2524 2103 2555 Hiere-

2174 237 2204 256 20

2143 459 2180 488 11,
2198 459 2223 484 b.

2171 843 2198 861 10

2171 1048 2199 1068 15

2169 1256 2201 1275 20

2138 1298 2162 1327 7,
2180 1303 2203 1323 a.

2138 1468 2177 1498 12,
2196 1473 2220 1492 a.

2172 2116 2199 2134 15

2168 2324 2199 2343 20
