2358 2933
123 119 189 152 533

124 210 261 253 agnovit
287 209 462 244 Manasse,
496 206 586 246 quod
614 204 776 236 Dominus
814 203 914 236 Densi
947 208 1008 233 est.
1063 201 1103 232 Et

125 253 249 285 Psalm.
272 250 324 281 49.
354 253 415 287 [vs.
436 248 500 286 154
535 246 678 287 Eripiam
707 252 752 286 te,
799 251 832 276 et
864 243 1102 275 honorificabis

125 306 195 332 111ος
228 295 261 325 id
283 298 344 330 est,
367 291 470 331 magis
500 300 551 320 me
581 298 765 330 agnosces,
798 286 1005 328 praedicabis
1040 291 1102 316 etc.

127 336 249 368 Psalm.
265 334 318 366 68.
343 336 406 370 [VS.
424 332 488 370 33.]
513 332 657 362 Videant
683 339 847 371 pauperes
875 335 906 359 et
927 327 1103 365 laetentur,

128 379 204 420 quia
226 376 391 408 exaudivit
408 384 572 415 pauperes
590 373 753 404 Dominus
777 378 840 403 etc.
884 369 1045 410 Exempla
1067 369 1104 400 li-

127 419 306 452 berationis
340 423 505 448 testantur
534 416 642 446 Deum
672 415 768 445 nobis
801 415 933 444 adesse.
978 412 1019 442 Et
1054 418 1104 442 est

127 462 325 493 suavissima
347 460 512 490 sententia
522 459 554 489 2.
567 458 644 488 Cor.
661 457 688 487 1.
712 457 768 487 ubi
780 454 903 486 Paulus
920 455 1011 485 iubet
1023 453 1104 484 mul-

127 499 180 536 t'os
205 512 312 540 orare,
335 507 371 533 ut
394 510 510 532 rursus
533 511 593 541 pro
618 499 694 529 dato
715 497 877 529 beneficio
896 496 987 527 multi
1004 502 1104 537 agant

153 546 253 576 ratias
272 544 358 581 Deo,
382 542 535 575 videlicet
558 547 594 572 ut
615 540 844 572 misericordia
867 545 898 570 et
916 539 1032 570 notitia
1043 538 1106 569 Dei

153 594 187 619 at
209 587 378 618 illustrior.

214 629 278 660 Hic
304 629 404 669 igitur
432 628 497 658 duo
528 626 625 657 nobis
656 635 899 666 proponamus,
929 629 1108 665 praecepta

128 678 162 703 et
183 671 432 712 promissiones.
478 668 661 709 Praecepta
684 669 795 698 iubent
822 666 934 707 petere
958 672 989 697 et
1012 676 1108 706 expe-

130 720 221 745 ctare
248 711 418 748 auxilium3
447 717 498 742 ut:
524 710 592 747 {Ps-
612 710 665 748 49,
687 710 750 748 15.]
775 710 898 740 lnvoca
920 719 973 739 me
995 710 1028 739 in
1057 709 1109 739 die

128 754 347 786 tribulationis
362 760 424 784 etc.
457 753 499 784 Et
518 751 639 783 Psalm.
652 753 683 783 4.
709 756 769 789 [vs.
783 751 826 790 6.]
851 751 1042 783 Sacrificate
1058 761 1109 781 sa-

130 797 286 828 crificium
309 797 451 827 iustitiae
474 802 505 826 et
528 803 661 835 sperate
684 795 716 825 iu
734 794 889 825 Domino.
924 794 1003 824 Item
1017 792 1110 824 Chri-

130 846 202 871 stus
227 839 321 877 [Luc.
337 839 387 877 ll,
399 838 458 877 9.]:
483 838 589 868 Petite
608 845 639 868 et
656 838 824 878 accipietis
838 842 901 868 etc.
934 835 1046 867 Lucae
1060 835 1109 866 18.

133 886 196 920 [vs.
212 882 253 919 l.]
278 882 368 912 iubet
390 890 522 920 semper
545 889 660 916 orare;
684 886 715 910 et
741 880 768 909 1.
782 879 900 909 Thess.
913 877 971 908 ult.
987 878 1030 915 15,
1045 878 1110 916 17.]

132 925 270 964 Semper
293 929 398 961 orate,
432 922 473 953 Et
484 920 623 962 Philipp.
637 923 668 952 4.
683 924 748 960 [vs.
761 921 805 959 6.]
819 921 870 951 Νο
883 921 954 951 sitis
967 919 1112 957 solliciti,

131 967 193 997 sed
214 967 248 996 111
277 966 365 996 0111111
395 966 544 995 oratione
568 970 599 994 et
621 964 812 1003 precatione
836 974 909 993 cum
934 963 1112 1004 gratiarum

131 1009 263 1041 actione
291 1008 466 1047 petitiones
494 1012 627 1037 vestrae
655 1012 755 1037 notae
784 1005 862 1035 fiant
885 1005 971 1045 apud
993 1004 1112 1036 Deum.

132 1051 174 1082 Et
195 1049 318 1081 Psalm.
337 1050 389 1080 54.
415 1052 478 1086 [vs.
491 1048 556 1085 23]
588 1048 677 1078 lacta
699 1058 800 1087 super
812 1047 988 1078 Dominum
1001 1057 1112 1077 curam

131 1099 232 1130 tuam,
255 1097 288 1122 et
308 1092 380 1132 ipse
402 1097 434 1121 te
458 1091 599 1121 enutriet
617 1097 680 1121 etc.
726 1090 920 1120 Huiusmodi
932 1094 1112 1130 praeceapt

131 1136 278 1166 excitare
294 1145 356 1165 nos
375 1135 418 1164 ad
429 1134 672 1164 invocationem
691 1133 824 1163 debent.
852 1131 982 1162 Deinde
995 1137 1024 1161 et
1037 1141 1113 1170 pro-

131 1177 309 1208 missiones
333 1176 601 1209 consideremus;
619 1181 654 1204 ut
677 1174 768 1205 loan.
784 1174 833 1204 16.
859 1177 922 1210 [vs.
935 1173 999 1211 234
1015 1172 1113 1208 Quic-

133 1220 210 1259 quid
232 1218 389 1259 petieritis
412 1217 544 1248 Patrem
568 1218 600 1247 in
629 1217 761 1247 nomine
784 1226 868 1252 11100,
892 1216 982 1246 dabit
1006 1215 1112 1246 vobis.

132 1261 175 1292 Et
187 1260 349 1292 Matth.7.
374 1263 434 1297 [vs.
451 1259 514 1297 11,]
539 1258 668 1296 sivos,
692 1259 747 1299 qui
769 1257 846 1288 mali
869 1258 949 1288 estis
973 1263 1036 1288 etc.
1071 1256 1113 1287 Et

132 1303 165 1333 in
186 1301 329 1333 Psalmis
352 1300 606 1332 innumerabiles
634 1306 711 1331 sunt
739 1301 987 1340 promissiones.
1043 1299 1115 1330 Tibi

133 1343 312 1376 derelictus
335 1349 387 1374 est
408 1354 545 1384 pauper,
569 1343 718 1384 orphano
742 1348 777 1373 tu
801 1343 866 1373 eris
880 1343 1019 1373 adiutor.
1065 1341 1114 1372 In-

133 1397 219 1418 voca
241 1396 293 1417 me
316 1387 348 1416 in
378 1386 430 1416 die
460 1385 699 1423 tribulationis,
729 1391 760 1415 et
786 1385 920 1426 eripiam
943 1391 993 1422 te,
1025 1391 1057 1415 et
1080 1390 1115 1414 tu

132 1428 369 1460 honorificabis
393 1438 455 1458 me.

219 1471 331 1511 Atque
352 1470 436 1500 haec
459 1476 537 1500 sunt
559 1479 640 1501 vera
653 1469 917 1500 Christianorum
942 1469 1114 1499 exercitia:

134 1511 321 1553 intelligere
342 1512 475 1552 publica
505 1518 536 1542 et
560 1513 689 1551 privata
712 1510 875 1552 pericula,
906 1517 937 1542 et
961 1511 1025 1541 fide
1047 1512 1114 1542 ani-

133 1565 221 1586 mum
245 1555 372 1595 erigere
395 1559 427 1584 et
448 1560 562 1593 petere
585 1564 605 1584 a
628 1554 719 1591 Deo,
753 1560 787 1584 ut
811 1555 972 1595 gubernet
1000 1552 1115 1584 Eccle-

133 1598 227 1634 siam,
251 1603 282 1626 et
305 1596 422 1627 liberet
445 1606 518 1626 eam
541 1597 583 1626 ab
606 1596 771 1635 impietate
792 1607 833 1626 ac
856 1595 1037 1634 scandalis,
1060 1596 1114 1626 de-

132 1638 246 1670 fendat
258 1637 506 1679 rempublicam,
529 1638 583 1668 det
594 1649 722 1678 pacem,
734 1636 859 1680 fruges,
875 1638 1008 1675 victum,
1021 1643 1116 1679 regat

134 1691 245 1712 mores
269 1679 398 1721 populi,
428 1686 462 1711 ut
485 1680 579 1711 Deus
603 1679 805 1721 glorificetur
829 1687 891 1711 etc.
938 1680 996 1710 His
1023 1690 1115 1710 exer·

135 1724 218 1754 citiis
242 1724 384 1754 debebat
406 1723 488 1753 fides
512 1732 683 1760 crescere,
708 1733 792 1763 qnae
814 1723 847 1753 in
871 1723 936 1753 otio
961 1728 994 1753 et
1022 1721 1114 1753 volu-

133 1766 278 1807 ptatibus
298 1765 506 1805 extinguitur.
532 1764 614 1795 Cum
625 1765 709 1795 enim
727 1766 823 1795 animi
840 1775 907 1795 non
919 1764 1112 1802 assuefiunt,

134 1814 170 1839 ut
192 1818 212 1838 a
234 1807 308 1838 Deo
332 1808 420 1838 bona
442 1813 574 1846 petant,
605 1808 733 1847 obrepit
757 1808 885 1848 opinio,
920 1807 1008 1848 quod
1033 1817 1114 1837 casu

134 1851 179 1881 ita
201 1848 348 1880 ferantur
367 1850 475 1880 omnia
497 1850 568 1879 sine
593 1859 655 1890 ope
679 1850 796 1880 divina.
843 1849 919 1880 Ideo
950 1850 1114 1890 scriptura

135 1893 232 1923 docet
250 1893 281 1922 in
305 1892 462 1922 secundis
486 1892 585 1922 rebus
604 1891 754 1922 homines
769 1891 839 1922 fieri
858 1902 979 1922 caecos
1003 1898 1035 1922 et
1057 1893 1113 1922 im-

135 1935 227 1975 pios,
250 1935 380 1975 quia13)
410 1934 561 1964 amittunt
585 1935 782 1965 occasiones
805 1934 935 1974 petendi
959 1933 1113 1965 auxilium

134 1987 156 2007 a
175 1976 262 2007 Deo.
308 1976 400 2007 Sicut
423 1977 499 2007 dicit
523 1977 661 2017 Moyses
687 1976 759 2014 [Ex.
780 1976 832 2014 32,
849 1976 912 2014 6.]:
942 1977 1034 2007 Sedit
1055 1987 1113 2017 po-

134 2017 233 2060 pulus
256 2019 458 2049 manducans
483 2025 513 2049 et
538 2019 671 2057 bibens,
702 2025 734 2049 et
763 2019 905 2050 surrexit
934 2019 976 2049 ad
999 2018 1114 2049 luden-

136 2061 223 2091 dum.
267 2060 309 2091 Et
331 2060 431 2091 Deut.
452 2060 503 2091 32.
524 2064 586 2099 [vs.
610 2061 672 2099 15.]
697 2062 906 2092 Incrassatus
937 2067 988 2092 est
1010 2067 1041 2092 et
1064 2071 1114 2091 re—

136 2102 329 2134 calcitravit.
374 2102 416 2133 Et
439 2102 546 2133 05035
572 2104 615 2141 [7,
633 2103 697 2142 5.]:
730 2103 920 2144 Coeperunt
948 2104 1113 2144 principes

135 2144 247 2176 furere
283 2146 360 2175 vino
394 2150 457 2175 etc.
502 2145 676 2186 Nunquam
711 2147 830 2177 desunt
857 2146 1020 2186 pericula,
1054 2146 1115 2176 sed

135 2187 285 2218 homines
304 2187 384 2217 ebrii
407 2188 574 2227 praesenti
597 2187 829 2228 tranquillitate
841 2191 880 2225 ι4)
911 2198 978 2219 non
1000 2187 1115 2218 intelli-

137 2236 219 2271 gunt
242 2240 298 2266 ea3
320 2229 395 2260 ideo
419 2230 660 2260 consideranda
682 2236 768 2271 sunt,
792 2237 827 2261 ut
850 2230 946 2261 fidem
970 2239 1001 2261 et
1024 2231 1115 2261 invo-

136 2273 301 2303 cationem
324 2282 538 2303 exerceamus
561 2278 623 2302 etc.

223 2315 333 2354 Atque
355 2313 438 2344 haec
461 2321 602 2355 quatuor
625 2315 732 2354 capita
756 2315 993 2346 consolationis
1012 2325 1114 2356 quan-

137 2362 203 2387 tam
226 2357 291 2386 vim
313 2355 474 2394 habeant,
499 2367 561 2387 usu
585 2357 777 2387 discendum
807 2363 867 2387 est.
913 2357 998 2388 Nam
1033 2358 1115 2387 scri-

140 2484 184 2514 13)
204 2483 272 2514 quia]
293 2483 335 2508 Ed.
356 2484 394 2508 11.
413 2485 438 2508 et
457 2483 530 2513 opit:
549 2484 591 2514 qui

141 2534 185 2564 14)
203 2534 396 2564 tranquillitate]
414 2534 487 2558 Editt.
509 2533 548 2556 12.
569 2533 609 2557 13.
630 2534 804 2564 tranquillitati

571 113 594 143 1.
618 111 718 143 Loci
741 109 1018 142 THEOLOGICI:
1042 110 1077 140 (J.
1102 108 1314 140 SECUNDA
1336 107 1493 139 EORUM
1516 106 1672 139 AETAS.

2063 106 2129 138 534

1146 207 1241 242 ptura
1264 211 1331 231 non
1354 199 1478 231 frustra
1500 204 1566 230 tam
1589 198 1764 240 diligenter
1792 197 1852 227 has
1878 197 2128 229 consolationes

1146 244 1243 274 nobis
1268 242 1424 280 inculcat,
1449 248 1480 272 et
1505 241 1574 272 vult
1597 251 1658 271 nos
1682 240 1763 280 ipsis
1788 240 1844 278 uti,
1869 245 1901 270 et
1923 245 2065 270 testatur
2083 239 2128 270 ef-

1146 286 1269 316 ficaces
1293 295 1378 315 esse.
1424 283 1571 324 Cumque
1594 282 1658 314 hoc
1680 282 1757 313 loco
1781 282 1877 312 nobis
1900 282 2128 322 proponimus,

1147 338 1227 358 vera
1249 327 1405 368 patientia
1428 326 1589 367 praestari
1612 330 1733 366 potest.
1766 324 1850 354 Nam
1873 334 1912 354 ea
1932 324 2060 354 demum
2077 329 2130 353 est

1147 380 1227 401 vera
1250 369 1422 409 patientia,
1451 379 1517 399 non
1541 367 1648 398 solum
1671 367 1806 397 obedire
1828 367 1861 396 in
1884 364 2129 403 afflictionibus,

1148 412 1207 442 sed
1238 412 1335 442 etiam
1361 411 1617 452 indignationem
1645 409 1792 439 infirmae
1818 414 1955 439 naturae
1985 408 2129 446 vincere,

1148 460 1205 484 aut
1228 460 1318 484 certe
1341 463 1538 495 repugnare.

1235 495 1341 527 Porro
1372 506 1470 536 quam
1498 493 1638 535 pulchra
1667 494 1770 524 w‘rtus
1800 491 1884 523 haec
1911 493 1953 522 sit
1978 498 2010 523 et
2033 502 2131 532 quam

1149 540 1353 575 necessaria,
1371 538 1566 577 praesertim
1590 535 1801 571 Christianis,
1826 534 2000 575 diligenter
2024 534 2131 564 consi-

1151 582 1267 611 derare
1303 580 1470 610 debemus.
1526 578 1689 613 Quantam
1721 576 1851 607 laudem
1879 582 2045 607 mereatur
2073 575 2130 606 1111-

1150 634 1246 654 1113110
1276 622 1394 652 iudicio
1419 620 1634 662 aequabilitas
1659 620 1755 650 animi
1778 619 1810 649 in
1839 619 1991 649 adversis
2020 619 2132 655 rebus,

1152 666 1273 696 docent
1300 674 1366 694 non
1393 662 1500 694 solum
1528 662 1602 693 libri
1631 660 1920 703 philosophorum,
1952 660 2012 691 sed
2035 661 2132 690 etiam

1152 707 1284 748 publica
1307 708 1468 737 bonorum
1490 707 1635 737 virorum
1657 704 1785 735 iudicia.
1830 703 1938 733 Docet
1969 702 2053 733 enim
2076 701 2132 731 ho-

1154 751 1257 780 mines
1281 750 1355 789 ipsa
1377 749 1471 786 ratio,
1494 748 1633 779 maxime
1657 746 1835 777 convenire
1863 751 1999 776 naturae
2022 744 2133 774 mode-

1155 793 1313 823 rationem
1343 789 1511 829 dolorum,
1542 796 1574 821 et
1604 799 1670 820 non
1698 787 1805 828 frangi
1832 787 1948 818 animis
1978 791 2033 816 aut
2061 795 2133 825 per-

1154 835 1296 872 moveri,
1320 840 1357 864 ut
1380 832 1433 864 vel
1451 839 1567 863 contra
1586 831 1739 862 iustitiam
1769 830 1928 860 faciamus
1950 827 2003 859 vel
2028 828 2134 858 disce-

1155 878 1270 908 damus
1299 877 1341 906 ab
1373 874 1427 906 illa
1455 875 1699 911 mediocritate,
1723 883 1806 913 quae
1830 872 1925 902 decet
1947 871 1980 901 in
2007 875 2133 900 natura.

1155 920 1240 950 Hinc
1263 924 1340 949 sunt
1363 917 1438 948 illae
1460 916 1592 948 fortium
1607 922 1638 947 et
1655 925 1848 956 magnorum
1860 914 2004 945 virorum
2020 921 2133 942 voces.

1242 961 1404 1001 Quicquid
1431 961 1491 991 erit
1519 958 1707 1000 superanda
1736 957 1842 988 omnis
1870 954 2002 986 fortuna
2030 952 2135 989 feren-

1157 1005 1199 1035 do
1220 1005 1260 1041 ιθ’)
1285 1009 1346 1034 est.

1568 1063 1609 1094 Et
1629 1062 1725 1095 illud:

1199 1117 1377 1158 Fortiaque
1398 1118 1550 1148 adversis
1575 1120 1728 1159 opponite
1752 1125 1887 1159 pectora
1910 1121 2021 1152 rebus.
2034 1121 2084 1156 ¹5³)

1156 1172 1197 1203 Et
1213 1171 1413 1203 Aristoteles
1427 1173 1546 1213 inquit:
1571 1173 1602 1203 in
1618 1174 1767 1204 adversis
1780 1174 1880 1204 rebus
1900 1176 2051 1206 virtutem
2068 1187 2135 1207 ma-

1156 1216 1241 1245 xime
1263 1213 1384 1246 lucere.
1422 1214 1514 1245 Sicut
1536 1213 1590 1246 ille
1613 1217 1646 1246 111
1664 1215 1850 1257 Tragoedia
1872 1217 1989 1257 inquit:
2014 1217 2136 1249 Tamen

1157 1268 1216 1297 per
1240 1258 1331 1297 ipsas
1355 1256 1445 1287 lucet
1467 1267 1641 1288 aerumnas
1665 1259 1778 1289 decus.
1824 1258 1865 1288 Et
1889 1258 2006 1289 Cicero
2021 1259 2072 1297 ιδῃ)
2096 1270 2136 1291 ex

1157 1300 1344 1341 Tragoedia
1375 1300 1468 1330 dicit:
1497 1300 1675 1331 Fortunam
1704 1302 1746 1331 ab
1775 1301 1883 1331 animo
1914 1311 2036 1342 magno
2065 1307 2135 1333 tan-

1158 1353 1255 1384 quam
1278 1341 1400 1373 fluctus
1419 1352 1438 1372 a
1462 1352 1543 1373 saxo
1566 1341 1673 1384 frangi
1698 1349 1864 1383 oportere.

1244 1383 1434 1415 Sed'multo
1458 1383 1627 1425 pulchrior
1656 1386 1759 1416 virtus
1791 1392 1841 1417 est
1867 1384 2054 1418 Christiana
2080 1398 2136 1428 pa-

1158 1428 1278 1458 tientia.
1322 1426 1359 1457 Id
1380 1426 1518 1468 intelligi
1540 1432 1667 1467 potest,
1698 1429 1725 1458 si
1750 1429 1902 1469 opposita
1923 1429 2003 1460 vitia
2027 1429 2135 1461 confe-

1158 1476 1281 1500 rantur.
1326 1469 1530 1509 Impatientia
1548 1471 1633 1501 enim
1655 1471 1809 1501 irascitur
1832 1470 1923 1509 Deo,
1946 1478 1978 1502 et
1999 1473 2136 1511 primum

1159 1512 1388 1549 obedientiam,
1412 1512 1529 1542 deinde
1552 1513 1650 1543 etiam
1674 1513 1770 1544 fidem
1794 1524 1835 1543 ex
1859 1514 1975 1544 animis
1989 1513 2134 1555 expellit.

1157 1554 1241 1585 Nam
1264 1555 1366 1585 iratus
1389 1555 1518 1585 animus
1542 1555 1708 1586 existimat
1731 1566 1769 1586 se
1791 1555 1913 1597 negligi
1943 1567 1962 1587 a
1984 1556 2073 1595 Deo,
2104 1564 2136 1588 et

1135 1630 1138 1639 1
1157 1597 1352 1638 imaginatur
1375 1607 1412 1628 se
1434 1595 1559 1628 frustra
1578 1603 1691 1638 petere
1712 1604 1743 1628 et
1757 1604 1933 1638 expectare
1945 1598 2099 1630 auxilium
2117 1611 2137 1631 a

1157 1638 1243 1670 Deo.
1277 1639 1391 1680 Itaque
1406 1641 1446 1676 16)
1471 1641 1502 1670 in
1532 1641 1660 1682 magnis
1684 1639 1918 1672 afflictionibus
1942 1640 2033 1673 multi
2057 1641 2137 1674 fiunt

1157 1692 1296 1721 prorsus
1320 1681 1515 1722 blasphemi,
1539 1689 1571 1713 et
1595 1691 1754 1724 quaerunt
1769 1685 1905 1717 consilia
1920 1692 2037 1718 contra
2048 1699 2135 1719 man-

1158 1724 1268 1754 datum
1291 1723 1364 1754 Dei.
1400 1724 1493 1755 Sicut
1516 1724 1597 1756 Saul
1620 1726 1785 1758 consuluit
1814 1728 2003 1761 veneficam.
2045 1729 2136 1762 Talia

1157 1772 1297 1805 peccata
1321 1767 1425 1808 gignit
1453 1767 1654 1808 impatientia
1683 1775 1797 1800 contra
1822 1771 1958 1810 primam
1981 1771 2135 1803 tabulam.

1157 1807 1286 1839 Deinde
1326 1810 1488 1839 adversus
1528 1809 1679 1841 homines
1720 1810 1816 1842 dolor
1854 1813 1990 1844 iniuriae
2031 1815 2136 1856 gignit

1158 1851 1277 1888 odium,
1300 1851 1414 1882 incitat
1434 1852 1477 1881 ad
1500 1852 1686 1884 vindictam.
1722 1853 1794 1888 Qua
1817 1865 1857 1885 ex
1880 1865 1916 1886 re
1938 1865 2040 1896 saepe
2071 1857 2134 1887 exi-

1157 1899 1248 1923 stunt
1265 1904 1332 1923 non
1349 1892 1456 1924 solum
1470 1895 1617 1933 privatae
1641 1896 1877 1935 dissensiones,
1901 1898 1963 1928 sed
1974 1899 2071 1929 etiam
2085 1909 2135 1930 se·

1158 1936 1296 1966 ditiones
1321 1941 1352 1966 et
1377 1934 1495 1976 publici
1518 1943 1636 1968 motuS.
1683 1938 1776 1970 Sicut
1799 1938 2010 1970 Coriolanum
2039 1940 2136 1972 dolor

1157 1978 1294 2008 iniuriae
1334 1977 1475 2018 perpulit
1510 1980 1551 2009 ad
1594 1979 1715 2011 bellum
1756 1982 1879 2021 patriae
1919 1981 2134 2014 inferendum.

1159 2020 1289 2055 Quanto
1318 2020 1489 2051 honestius
1520 2021 1598 2052 fecit
1627 2022 1754 2062 Scipio,
1789 2024 1842 2064 qui
1872 2024 1994 2065 ingenti
2024 2025 2132 2056 animo

1159 2063 1306 2102 despexit
1335 2062 1493 2094 latrantes
1523 2064 1691 2103 tribunos,
1726 2067 1827 2096 cessit
1855 2067 1952 2097 etiam
1982 2067 2134 2105 invidiae,

1159 2111 1190 2136 et
1213 2115 1250 2135 se
1274 2104 1410 2135 contulit
1433 2106 1465 2135 in
1488 2116 1556 2143 rus,
1580 2116 1621 2137 ne
1644 2117 1804 2147 praesens
1827 2109 1932 2149 magis
1955 2108 2135 2140 inflamma-

1159 2154 1207 2178 ret
1226 2147 1356 2178 odium?
1385 2147 1486 2188 Atqui
1508 2147 1606 2178 facile
1628 2155 1759 2189 poterat
1782 2160 1819 2180 se
1843 2151 1943 2181 armis
1957 2149 2134 2182 defendere

1159 2196 1275 2220 contra
1302 2190 1470 2227 iniuriam,
1499 2191 1559 2221 sed
1588 2192 1786 2222 condonavit
1820 2192 1966 2232 privatas
2000 2193 2134 2224 iniurias

1158 2230 1369 2272 reipublicae.
1415 2231 1532 2263 Melior
1554 2233 1651 2273 igitur
1675 2234 1755 2264 civis
1785 2232 1861 2271 fuit,
1892 2245 1991 2275 quam
2013 2241 2132 2276 postea

1157 2273 1281 2304 Marius
1304 2279 1336 2304 et
1358 2273 1411 2304 alii
1433 2273 1540 2312 multi,
1563 2275 1616 2315 qui
1637 2276 1785 2315 privatas
1808 2276 1941 2307 iniurias
1965 2287 2038 2308 cum
2060 2287 2132 2318 per-

1160 2384 1204 2412 15)
1222 2383 1341 2414 terendo]
1362 2383 1433 2408 Editt.
1453 2385 1476 2408 2.
1495 2385 1518 2409 6.
1538 2384 1644 2410 ferenda

1160 2434 1217 2463 152)
1236 2434 1321 2457 Horat.
1343 2435 1394 2458 Sat.
1412 2434 1440 2463 11,
1459 2436 1483 2464 2,
1502 2436 1563 2459 extr.

1160 2482 1218 2513 15¹³)
1238 2484 1284 2508 Cic.
1302 2484 1379 2514 Epist.
1399 2484 1431 2509 ad
1450 2484 1529 2510 famil.
1541 2485 1577 2515 lx,
1599 2486 1637 2515 16,
1656 2487 1679 2511 6.
1697 2486 1737 2511 ed.
1757 2487 1834 2512 orell.

1159 2534 1203 2562 16)
1221 2533 1318 2565 ltaque]
1339 2534 1382 2559 Ed.
1402 2536 1440 2557 11.
1461 2537 1486 2560 et
1504 2536 1578 2566 0pp.:
1595 2536 1632 2560 Ita

1929 2592 1986 2618 34⁸
