2358 2933
185 105 263 135 1091

179 204 346 240 pugnante
369 208 443 230 eum
463 195 608 233 Goliam,
628 202 676 226 est
697 201 805 226 motus
829 195 972 232 divinus,
984 200 1015 225 et
1027 195 1156 225 univer-

180 241 293 272 saliter
312 240 445 271 heroica
465 239 633 276 fortitudo,
656 246 688 269 ut
713 239 745 268 111
769 236 910 275 Achille,
946 243 1054 268 motus
1078 237 1156 267 divi-

180 295 242 315 nus
272 290 336 314 est.
372 293 432 313 nec
461 283 639 313 assumitur
662 281 802 312 humana
827 281 1046 322 cogitatione,
1082 281 1157 321 quia

181 335 229 357 est
249 328 280 357 in
302 327 411 357 corde.
432 336 496 355 non
516 331 639 355 tantum
663 330 713 354 851
737 323 976 364 qualiscunque
995 323 1157 364 guberna-

181 371 224 400 tio
260 369 479 399 loeomotirae
514 369 544 398 in
580 374 715 398 externo
742 373 857 408 gestu,
891 367 976 397 sicut
1010 364 1156 407 vulgaris

181 411 346 443 fortitudo.

267 453 451 491 GLORIA,
482 454 600 484 usitate
625 453 711 483 dieta
741 452 781 482 de
804 450 909 492 gloria
932 450 1084 489 hominis,
1107 456 1157 482 est

181 498 375 538 approbatio
406 497 628 526 conscientiae
658 502 792 526 nostrae
816 501 906 524 recte
927 495 1102 524 iudicantis
1127 500 1159 525 et

181 539 317 571 aliorum
346 547 435 569 recte
470 540 689 570 nulii-antium.
739 537 790 568 De
820 537 883 568 hac
907 536 1011 578 gloria
1034 535 1157 567 Paulus

181 584 279 623 inquit
318 582 440 619 lGalat.
465 582 496 619 (i,
520 583 583 619 451:
629 580 786 620 Exploret
814 581 1041 621 unusquisque
1064 590 1157 610 suum

183 637 284 666 opus,
308 633 336 655 et
359 627 407 656 518
430 624 568 666 gloriam
588 623 722 655 habebit
752 624 784 654 in
813 634 849 654 se
873 624 945 663 ipso
970 630 1001 653 et
1024 632 1090 653 non
1114 623 1156 653 ab

183 668 258 700 alio.
304 668 338 698 ld
363 674 424 705 est,
444 668 478 698 Si
503 675 592 698 18818
616 666 736 697 seceris
760 676 817 704 ea,
840 676 923 707 quae
946 673 1021 697 sunt
1041 666 1086 696 tui
1109 663 1157 695 of-

182 712 257 749 ticii,
282 711 419 742 babebis
443 711 711 751 approbationem
737 709 975 746 conscientiae,
1004 718 1089 750 quae
1112 706 1158 738 af-

182 753 244 785 fert
272 752 555 794 tranquillitatem,
581 760 610 783 et
634 763 700 783 11011
724 761 864 793 quaeres
888 750 1027 792 gloriam
1050 752 1158 782 obtre-

183 798 326 828 ctatione
349 796 487 827 aliorum
507 795 559 826 vel
578 794 728 836 populari
751 794 926 835 applausu.

268 839 488 870 SVPERBIA
523 838 665 869 conflata
689 845 739 869 est
759 848 798 867 ex
823 836 930 867 multis
954 837 1052 867 vitiis.
1097 836 1158 867 Est

183 884 267 913 enim
292 892 405 923 errore
429 882 547 919 iudicii,
571 892 636 912 11011
656 881 871 923 agnoscentis
889 881 1054 920 propriam
1072 879 1158 910 infir-

182 927 337 963 mitatem,
360 935 436 955 esse
460 935 612 956 securum
628 926 668 957 112)
691 930 722 954 81
746 925 817 954 sine
836 923 952 953 timore
965 923 1027 954 Dei
1046 929 1076 954 et
1097 922 1159 953 sibi

184 970 327 1000 tribuere
359 969 483 998 maiora
518 968 641 998 viribus
672 973 703 997 et
725 966 844 998 fiducia
867 966 916 996 sui
940 971 1034 996 extra
1055 971 1159 996 metas

184 1012 365 1042 vocationis
399 1012 521 1042 maiore
555 1018 710 1051 appetere
744 1016 777 1040 et
809 1007 891 1039 alios
921 1009 1091 1049 despicere
1120 1018 1160 1038 ac

183 1065 342 1096 premere.
368 1061 397 1084 81
422 1054 521 1084 irasci
540 1053 614 1084 Deo
639 1059 668 1084 et
692 1052 889 1089 hominibus,
914 1062 987 1082 811111
1009 1051 1064 1082 1118
1088 1062 1160 1082 cur-

184 1108 241 1129 sus
256 1099 296 1134 13)
320 1097 503 1137 impeditur.
532 1096 575 1126 Ut
599 1096 762 1127 Antonius
785 1094 873 1126 velut
897 1095 1007 1125 ebrius
1031 1094 1158 1135 sese¹⁴)

183 1141 347 1181 aspiciens
371 1140 548 1170 admiratur
572 1150 665 1170 suam
689 1141 840 1170 virtutem
864 1144 895 1169 et
917 1134 1105 1178 potentiam,
1130 1143 1161 1168 et

176 1179 221 1213 ‘se
241 1184 374 1224 dignum
397 1193 473 1213 esse
496 1183 634 1220 iudicat,
654 1183 707 1223 qui
738 1180 831 1212 solus
850 1186 958 1212 teneat
980 1181 1160 1221 imperium,

185 1227 257 1257 ideo
292 1226 416 1256 omissa
451 1226 624 1256 vocatione
664 1226 785 1265 appetit
818 1223 1051 1254 monarchiam.
1108 1222 1160 1253 De

184 1268 249 1299 1108
272 1267 358 1299 malo
379 1268 453 1298 111811
473 1266 629 1298 Salomon
654 1268 759 1308 capite
786 1267 834 1297 16.
860 1270 923 1304 lvs.
947 1266 989 1304 5.]
1020 1266 1161 1297 Prover-

185 1313 267 1343 bior.
312 1311 522 1342 Abominatio
543 1321 653 1341 coram
676 1310 749 1340 Deo
770 1320 866 1340 omne
890 1320 949 1340 cor
971 1310 1160 1349 superbum.

186 1355 262 1385 ltem
284 1353 361 1391 llac.
385 1354 420 1390 4,
443 1353 510 1392 6.]:
552 1353 644 1384 Deus
668 1353 820 1393 superbis
840 1352 974 1389 resistit,
999 1350 1161 1387 videlicet,

186 1399 260 1438 quia
284 1395 385 1427 inulta
408 1403 544 1436 peccata
568 1397 599 1426 in
623 1397 670 1426 eis
695 1400 911 1431 concurrunt,
936 1404 994 1424 cor
1017 1399 1069 1424 est
1092 1393 1163 1422 sine

187 1442 299 1471 timore
324 1439 385 1469 Dei
409 1445 439 1470 et
465 1438 598 1470 effertur
614 1438 732 1469 fiducia
755 1447 887 1468 suarum
904 1437 1031 1473 virium,
1055 1435 1163 1466 turbat

188 1484 379 1513 vocationes
403 1488 433 1512 et
457 1480 563 1512 fremit
581 1482 742 1512 adversus
755 1479 873 1517 Deum,
897 1489 971 1510 cum
992 1478 1164 1518 impeditur

189 1526 361 1566 cupiditas,
406 1524 550 1566 Dignum
585 1524 741 1554 memoria
776 1529 827 1553 est
861 1528 893 1553 et
928 1521 1087 1552 Herodoti
1119 1520 1164 1551 di-

189 1576 290 1599 ctum:
316 1566 407 1598 Solet
424 1570 465 1608 15)
490 1567 584 1598 Deus
609 1567 718 1597 omnia
741 1564 892 1596 sublimia
914 1563 1087 1595 humiliare
1110 1562 1163 1594 vel

189 1610 346 1642 mutilare.

197 1689 201 1693 ,
275 1652 514 1684 HUMlLlTAS
549 1663 609 1684 seu
641 1651 888 1693 ταπεινοφροσύνῃ
921 1656 973 1681 est
995 1650 1101 1681 virtus
1125 1659 1165 1679 ex

190 1697 297 1728 multis
333 1696 523 1737 composita,
567 1695 627 1726 Est
661 1695 745 1725 enim
768 1695 800 1724 in
824 1694 991 1735 agnitione
1014 1692 1165 1733 propriae

190 1740 383 1771 infirmitatis
404 1749 481 1769 vere
504 1739 616 1769 timere
638 1737 757 1774 Deum,
781 1747 820 1767 ac
839 1740 880 1771 16)
914 1736 1033 1767 fiducia
1055 1734 1167 1766 1110111ἰί

191 1784 290 1813 divini
309 1783 434 1813 servire
459 1782 635 1819 vocationi,
655 1791 716 1811 nec
736 1790 923 1820 erumpere,
957 1789 1019 1809 nec
1041 1779 1166 1809 maiora

191 1833 362 1867 appetere,
395 1832 425 1856 et
461 1834 646 1866 agnoscere
680 1823 953 1865 gubernationem
986 1821 1050 1852 Dei
1085 1830 1168 1861 opus

192 1879 279 1899 esse.
299 1870 353 1909 qui
376 1869 472 1898 etiam
495 1866 725 1898 imbecilliores
749 1871 859 1906 potest
877 1864 988 1896 facere
1011 1863 1169 1895 salutaria

193 1922 328 1951 organa.
374 1911 450 1941 Ideo
486 1917 517 1941 et
539 1910 663 1941 Iustitia
687 1916 737 1940 est
760 1909 908 1939 tribuens
932 1918 1027 1938 suum
1052 1907 1168 1948 cuique

192 1954 311 1990 locum,
334 1965 400 1984 non
424 1954 608 1993 despiciens
632 1951 716 1983 alios
740 1962 802 1982 nec
824 1951 1017 1991 impediens,
1048 1956 1079 1980 81
1103 1959 1169 1980 11011

193 1996 337 2028 fremens
373 1997 534 2027 adversus
558 1995 665 2026 Deum
699 1995 731 2025 in
765 1994 900 2035 poenis,
933 1993 994 2024 sed
1021 1993 1168 2023 tribuens

194 2041 267 2071 Deo
301 2039 430 2070 laudem
464 2039 617 2076 iustitiae,
654 2039 738 2068 sicut
760 2035 882 2067 Daniel
907 2036 955 2074 [9,
979 2036 1022 2074 7.]
1048 2036 1168 2076 inquit:

194 2083 277 2120 Tibi,
310 2082 463 2120 Domine,
497 2082 623 2113 Iustitia
648 2087 710 2112 818.
755 2078 845 2110 Talis
868 2078 927 2110 fuit
950 2078 1105 2110 Ionathas
1124 2078 1170 2108 in-

195 2125 361 2166 telligens,
384 2125 476 2166 regni
498 2123 618 2155 molem
636 2134 703 2154 non
726 2123 880 2154 sustineri
903 2131 1006 2163 posse
1018 2121 1169 2152 humanis

196 2170 332 2205 viribus,
352 2175 382 2198 81
406 2168 598 2208 praesertim
622 2168 653 2197 in
677 2164 799 2207 populo
822 2164 885 2196 Dei
909 2175 975 2196 non
1000 2174 1077 2195 esse
1099 2163 1170 2194 feli-

197 2222 269 2242 cem
291 2211 426 2252 Regem,
460 2211 523 2241 nisi
547 2210 701 2240 divinitus
725 2209 850 2246 datum,
885 2207 961 2239 Ideo
985 2216 1051 2238 non
1074 2217 1172 2248 appe·

200 2349 242 2375 12)
262 2348 392 2378 securum]
411 2348 481 2373 Editt.
502 2347 608 2371 16—18.
627 2353 754 2374 severum,
772 2346 846 2371 Editt.
868 2346 906 2370 19.
927 2346 967 2369 23.
987 2351 1104 2371 securam

200 2399 242 2426 131
263 2399 364 2429 cursus]
384 2399 456 2429 Coi-p.
476 2399 498 2422 2.
518 2399 542 2422 4.
563 2404 613 2429 1η).
634 2404 734 2423 errore:
752 2403 842 2423 rursus

200 2451 242 2479 14)
262 2450 331 2481 sese]
352 2451 424 2475 Editt.
446 2451 554 2473 17-19.
573 2451 612 2473 2¹2.
633 2450 673 2473 23.
693 2456 721 2475 se

200 2502 243 2530 15)
264 2501 342 2533 50181]
364 2501 437 2527 Editt.
457 2501 565 2525 16-19.
586 2501 634 2526 23..
652 2500 707 2526 Der.
730 2503 749 2525 1.
768 2501 840 2525 Amat
859 2503 885 2525 et
903 2500 970 2526 solet

202 2554 244 2583 16)
264 2552 302 2584 ac]
325 2553 396 2583 Corp.
415 2554 496 2583 1-8,,
516 2553 574 2583 opp.
598 2554 619 2577 1.
638 2553 660 2575 ¹2.
682 2556 706 2576 et

729 100 841 132 PHIL.
865 99 967 132 MEL.
991 99 1177 132 SCRIPTA
1199 97 1476 131 DOGMATICA.

2093 98 2174 130 1092

1199 193 1270 224 tivit
1292 203 1446 234 regnum,
1481 192 1540 223 sed
1562 191 1683 223 Davidi
1707 192 1819 229 cessit,
1842 197 1875 223 et
1897 197 2015 233 postea
2037 193 2070 224 in
2089 193 2175 226 cala-

1199 237 1311 267 mitate
1333 236 1406 267 Deo
1430 236 1590 276 patienter
1613 235 1766 266 obedivit.
1811 234 1864 265 De
1892 234 2012 267 talibus
2042 236 2174 268 dicitur:

1202 279 1277 317 [lac.
1302 279 1333 315 4,
1356 279 1418 317 6.]:
1444 277 1627 309 Humilibus
1651 278 1706 309 dat
1728 278 1876 319 gratiam.

1282 321 1513 353 MODESTIA
1542 327 1592 352 est
1624 321 1729 352 virtus
1753 330 1892 351 servans
1917 321 2176 352 convenientiam

1201 365 1380 396 secundum
1403 369 1528 395 rectum
1551 364 1703 395 iudicium
1721 364 1754 394 in
1778 364 1930 405 opinione
1953 364 1994 395 de
2017 365 2124 402 nobis,
2143 365 2176 395 in

1202 418 1353 439 sermone
1373 413 1405 438 et
1428 409 1459 438 in
1483 414 1590 447 gestu.

1288 449 1592 482 PERsoNARUM
1611 448 1829 480 ACCEPTlo
1849 454 1901 479 est
1918 448 2109 491 aequalibus
2129 450 2176 480 in-

1201 492 1351 534 aequalia
1374 495 1476 531 1111117)
1500 491 1728 534 inaequalibus
1742 490 1891 533 aequalia
1904 492 1994 530 dare,
2008 498 2039 523 81.
2052 493 2100 524 518
2113 491 2177 523 He-

1201 536 1313 567 braica
1335 535 1447 577 phrasi
1470 536 1586 566 dicitur
1610 541 1781 576 respectus
1808 545 1874 565 non
1903 534 2093 576 principalis
2120 544 2177 566 ne-

1201 579 1291 619 gotii,
1314 580 1375 610 sed
1399 579 1660 609 circumstantiae
1684 579 1715 608 in
1738 587 1898 618 persona,
1921 583 1956 608 ut
1981 588 2054 609 811111
2076 577 2177 609 Iudex

1201 632 1377 661 pauperem
1405 621 1577 655 moechum
1606 621 1698 662 punit
1727 626 1758 652 et
1787 620 1924 651 moecho
1949 621 2038 652 diviti
2062 621 2176 662 parcit,

1201 665 1289 695 iuxta
1313 665 1452 695 dictum:

1243 723 1310 754 Dat
1328 725 1456 755 veniam
1476 724 1598 761 corvis,
1617 728 1715 754 vexat
1733 733 1872 755 censura
1892 722 2061 755 columbas
2080 723 2134 764 1Β).

1201 783 1240 814 Et
1287 794 1361 814 cum
1405 784 1552 814 debitum
1584 780 1798 823 inaequaliter
1837 782 1901 814 hoc
1938 784 2035 814 modo
2070 784 2178 814 distri-

1202 827 1320 864 buitur,
1343 832 1477 868 pugnat·
1491 827 1640 867 acceptio
1658 835 1875 866 personarum
1894 836 1967 856 cum
1979 826 2103 856 iustitia
2115 825 2178 856 dis-

1202 869 1374 907 tributiva,
1411 880 1475 911 qua
1498 868 1568 900 vult
1590 869 1684 899 Deus
1709 869 1849 899 discerni
1871 867 2012 899 honesta
2034 874 2067 899 81
2089 867 2180 899 inho-

1202 918 1309 950 nesta,
1331 913 1417 943 sicut
1440 912 1597 952 scriptum
1621 917 1671 942 est
1692 910 1829 942 Roman.
1856 910 1905 942 13.
1937 914 2000 948 [vs.
2024 910 2067 949 3.]
2109 909 2179 941 Ma-

1203 956 1361 997 gistratus
1381 957 1422 987 sit
1441 956 1558 986 terrori
1571 954 1658 986 malo
1673 954 1764 994 operi
1778 960 1810 984 et
1824 953 1942 985 honori
1956 955 2053 985 bono.
2083 953 2180 984 Hunc

1203 999 1351 1029 ordinem
1366 999 1476 1029 sanxit
1487 998 1593 1036 Deus,
1610 1003 1646 1029 ut
1664 1007 1898 1039 agnoscamus,
1917 995 2022 1038 qualis
2041 997 2084 1027 sit
2097 996 2180 1036 ipse,

1203 1040 1356 1073 videlicet
1377 1042 1483 1073 iustus
1506 1048 1539 1072 et
1560 1041 1698 1081 puniens
1722 1041 1851 1072 iniusta.

1290 1083 1504 1115 CASTlTAS
1528 1090 1579 1115 est
1601 1085 1721 1121 virtus,
1746 1093 1830 1124 quae
1853 1083 1933 1114 vitat
1956 1092 2069 1114 omnes
2093 1091 2180 1112 com-

1203 1127 1376 1158 mixtiones
1396 1133 1427 1158 et
1447 1127 1627 1158 effusiones
1647 1127 1781 1157 seminis
1800 1125 1982 1166 prohibitas
2001 1125 2094 1167 Lege
2105 1124 2178 1155 Dei.

1290 1169 1541 1201 CONIUGIUM
1566 1176 1617 1201 est
1639 1168 1784 1212 legitima
1805 1175 1837 1199 et
1849 1166 2087 1199 indissolubilis
2103 1177 2181 1199 con-

1204 1213 1326 1244 iunctio
1360 1214 1456 1244 unius
1486 1214 1584 1244 maris
1617 1220 1649 1244 et
1671 1213 1767 1243 unius
1798 1210 1960 1242 foeminae
1987 1211 2138 1242 ordinata
2162 1222 2181 1242 a

1204 1256 1278 1286 Deo
1301 1256 1343 1286 ad
1366 1257 1631 1295 procreationem
1654 1262 1684 1285 et
1708 1255 1750 1285 ad
1773 1255 1925 1284 vitandas
1949 1263 2054 1294 vagas
2077 1252 2182 1284 libidi-

1205 1308 1284 1336 nes,
1319 1299 1409 1329 iuxta
1438 1299 1559 1328 dictum
1584 1296 1722 1335 [Genes.
1746 1296 1781 1333 2,
1805 1296 1889 1334 244:
1934 1295 2039 1325 Erunt
2061 1295 2126 1325 duo
2149 1296 2182 1324 in

1207 1351 1341 1371 carnem
1373 1351 1488 1376 unam,
1522 1341 1555 1370 id
1589 1346 1657 1376 est,
1692 1336 1953 1378 inseparabiliter
1986 1337 2098 1368 iuncti.
2142 1336 2183 1367 Et

1208 1394 1281 1413 cum
1305 1383 1422 1412 dicitur
1445 1381 1593 1422 legitima
1621 1381 1825 1417 coniunctio,
1862 1378 2184 1419 comprehenduntur

1206 1424 1299 1465 leges
1323 1425 1363 1454 de
1387 1424 1545 1464 gradibus
1570 1423 1802 1463 cognationum
1826 1422 1978 1452 divinitus
2001 1421 2139 1452 traditae
2152 1426 2184 1451 et

1206 1466 1291 1497 aliae
1314 1465 1477 1497 honestae
1499 1464 1604 1507 leges.
1646 1465 1730 1495 Nam
1754 1464 1942 1495 commixtio
1966 1474 2040 1495 cum
2064 1473 2184 1505 cogna-

1207 1511 1248 1540 tis
1270 1509 1435 1549 prohibita
1457 1508 1534 1550 lege
1557 1509 1666 1539 divina
1690 1508 1808 1538 dicitur
1831 1508 1974 1544 incesta,
1996 1506 2030 1537 id
2053 1512 2119 1545 est,
2142 1506 2185 1537 ad

1208 1563 1305 1594 quam
1328 1563 1393 1583 non
1412 1557 1523 1592 potest
1546 1551 1707 1582 accedere
1731 1549 1915 1592 coniugalis
1938 1547 2130 1586 solennitas,
2152 1549 2186 1579 in

1208 1606 1272 1637 qua
1295 1605 1420 1636 sponsa
1443 1600 1514 1625 crat
1537 1600 1653 1625 ornata
1674 1592 1818 1634 cingulo,
1842 1593 1931 1634 quod
1954 1592 2185 1623 nominabatur

1208 1642 1326 1677 κέστος,
1356 1638 1431 1669 111118
1453 1639 1580 1669 incesta
1604 1637 1808 1668 consuetudo
1833 1636 1966 1673 dicitur,
1998 1635 2092 1676 quasi
2114 1635 2186 1665 51118

1209 1687 1314 1719 88510,
1337 1682 1368 1712 id
1392 1687 1453 1718 est,
1473 1681 1543 1711 sine
1566 1679 1695 1721 legibus
1720 1679 1874 1720 coniugii.
2180 1674 2183 1677 μ

1295 1723 1545 1756 SEDULITAS
1579 1729 1630 1754 est
1663 1723 1782 1760 virtus,
1817 1732 1881 1763 qua
1914 1722 2004 1752 iuxta
2032 1720 2186 1751 mandata

1209 1767 1273 1798 Dei
1303 1766 1476 1810 diligenter
1506 1764 1642 1797 facimus
1676 1764 1810 1796 labores
1840 1764 1994 1805 proprios
2017 1769 2049 1794 et
2071 1772 2186 1794 neces-

1211 1812 1317 1842 sarios
1341 1810 1528 1840 vocationis
1556 1815 1690 1839 nostrae
1719 1814 1750 1838 et
1772 1809 1856 1838 intra
1877 1812 1981 1837 metas
2003 1805 2186 1838 vocationis

1210 1864 1272 1884 nos
1296 1857 1501 1885 coercemus.
1536 1851 1586 1882 De
1610 1851 1672 1882 hac
1695 1852 1834 1887 virtute,
1857 1849 2010 1880 videlicet
2032 1849 2073 1879 de
2095 1854 2186 1879 tuen-

1212 1897 1253 1928 da
1268 1899 1307 1934 19)
1326 1897 1500 1927 vocatione
1524 1901 1554 1925 et
1574 1893 1743 1936 diligentia
1761 1894 1792 1923 in
1816 1892 2003 1930 laboribus,
2028 1899 2188 1931 expresse

1212 1939 1372 1981 praecipit
1395 1937 1518 1969 Paulus
1545 1938 1570 1968 l.
1591 1935 1742 1968 Thessal.
1765 1936 1795 1966 4.
1821 1938 1902 1972 lvss.
1919 1934 1958 1964 10
1971 1937 2034 1974 sq.]
2058 1932 2189 1964 Adhor-

1212 1990 1329 2020 tamur,
1348 1988 1381 2012 ut
1406 1979 1577 2012 excellatis
1600 1980 1706 2021 magis
1730 1979 1811 2008 etin
1835 1977 1899 2008 hoc
1922 1976 2086 2007 ambitiosi
2105 1975 2188 2013 sitis,

1212 2032 1247 2057 ut
1277 2026 1348 2056 sitis
1384 2025 1483 2065 quieti
1513 2029 1544 2054 et
1577 2023 1710 2063 propria
1732 2020 1871 2051 faciatis.
1915 2019 1958 2050 Et
1979 2018 2116 2049 Roman.
2138 2017 2189 2048 12.

1215 2072 1276 2107 [vs.
1300 2068 1345 2106 8.]
1371 2068 1488 2098 dicitur
1510 2066 1550 2096 de
1574 2064 1756 2106 diligentia:
1802 2063 1865 2098 Qui
1888 2068 2031 2103 praeest,
2055 2061 2097 2092 sit
2120 2059 2190 2091 dili-

1214 2122 1307 2153 gens.
1365 2110 1405 2141 Et
1439 2111 1471 2141 in
1505 2110 1533 2140 9.
1571 2119 1643 2148 cap.
1681 2111 1743 2144 [vs.
1780 2106 1843 2143 10.]
1890 2103 2118 2136 Ecclesiastae
2128 2104 2189 2141 ²⁰):

1215 2154 1377 2195 Quicquid
1405 2152 1532 2183 invenit
1564 2161 1680 2181 manus
1709 2155 1765 2180 tua
1788 2149 1829 2179 ad
1852 2147 2052 2184 faciendum,
2081 2144 2190 2177 valide

1214 2196 1325 2228 facito.
1367 2195 1408 2226 Et
1432 2195 1538 2235 capite
1563 2194 1612 2224 11.
1639 2196 1701 2231 [vs.
1725 2192 1771 2231 6.]
1802 2190 1901 2222 Mane
1924 2196 1957 2221 et
1979 2198 2120 2231 vespere
2139 2197 2190 2219 se·

1220 2327 1262 2358 17)
1282 2326 1336 2356 aut]
1356 2326 1426 2355 corp.
1447 2325 1469 2347 2.
1489 2324 1513 2346 4.
1534 2326 1558 2348 et

1220 2379 1262 2409 18)
1282 2376 1425 2407 columbas]
1447 2375 1520 2400 Editt.
1544 2374 1573 2397 16
1593 2388 1624 2391 -
1647 2374 1684 2397 19.
1705 2373 1746 2396 23.
1764 2378 1818 2403 pro
1836 2372 1889 2397 lzac
1906 2377 1972 2396 voce
1989 2370 2107 2396 nabent:
2143 2370 2192 2394 etc.

1285 2409 1573 2477 1(33311703cfjprorerbio
1605 2409 1669 2433 conf.
1687 2408 1784 2433 111-1151111
1808 2407 1888 2436 Adag.
1916 2406 1972 2431 chil.
2001 2405 2038 2430 111.
2069 2405 2134 2429 cent.
2165 2403 2191 2428 V.

1220 2498 1264 2527 19)
1283 2496 1388 2527 tuenda]
1410 2496 1483 2521 Editt.
1505 2494 1612 2518 16—19.
1632 2493 1672 2519 23.
1690 2493 1822 2519 retinenda

1219 2549 1267 2579 20)
1287 2547 1466 2578 Ecclesiastae]
1484 2546 1557 2571 Editt.
1579 2545 1685 2569 16-18,
1705 2545 1746 2568 20.
1766 2544 1815 2569 25..
1833 2543 1888 2569 Des.
1913 2544 1933 2565 l.
1953 2542 1976 2565 2.
1995 2539 2146 2566 Ecclesiaste
