2358 2933
101 102 164 134 877

101 200 132 225 et
165 202 282 223 omnes
316 190 432 222 fideles
465 191 602 221 ministri
637 191 729 221 vocis
753 189 882 219 divinae
905 188 988 218 haee
1012 189 1076 218 duo

100 245 222 277 genera
246 235 416 265 doetrinae
441 232 601 272 complexi
621 239 708 269 sunt,
731 230 982 261 declaraverunt
998 231 1076 260 iram

98 278 161 308 Dei
195 277 355 307 adversus
378 282 568 315 peccatum,
602 275 815 305 ostenderunt
838 283 942 313 genus
966 271 1076 302 huma-

99 331 175 350 num
209 324 257 349 tot
293 319 481 359 ingentibus
517 316 755 347 calamitatibus
790 316 976 345 subiectum
1001 324 1076 344 esse

98 368 232 403 propter

100 404 261 440 omnibus,
286 403 339 442 qui
362 413 428 432 non
449 407 718 431 converterentur
740 399 782 429 ad
795 399 912 429 Deum.
948 398 1076 428 Deinde

99 453 131 476 et
156 446 382 476 remissionem
407 449 647 484 proposuerunt
679 442 864 472 conterritis
889 446 919 470 et
934 440 1075 470 1111011111-

97 488 318 528 plectentibus
342 486 443 516 filium
466 486 530 516 Dei
552 491 585 515 et
607 483 837 514 inchoantibus
857 483 1076 513 obedientiam

100 532 187 561 iuxta
212 530 350 560 verbum
375 528 448 558 Dei.

185 572 225 602 Ut
260 572 359 612 igitur
394 580 455 600 nos
479 570 541 609 ipsi
565 569 745 599 excitemus
769 567 811 597 ad
834 567 1076 607 poenitentiam,

98 616 262 645 diseamus
296 614 455 653 integram
489 612 669 641 doctrinam
705 611 745 640 de
778 609 843 640 hoc
876 608 1016 639 articulo
1047 616 1077 638 et

99 667 170 687 eam
204 656 337 687 assidue
372 655 581 688 meditemur-3
627 651 833 692 Colligamus
857 653 962 681 omnia
989 652 1076 681 testi-

97 700 204 729 monia
238 699 304 727 irae
339 696 401 726 Dei
435 697 598 726 adversus
632 701 821 734 peecatum,

93 739 244 781 publicas
279 738 481 769 calamitates
517 738 660 767 0111011101
684 743 876 775 temporum,
901 737 1076 766 commina-

94 784 216 813 tionem
250 788 455 812 aeternarum
489 790 684 820 poenarum,
720 779 859 819 denique
884 785 913 808 et
939 786 1075 808 mortem

95 824 167 855 Filii
189 824 262 854 Dei.
308 824 391 853 Nam
424 822 508 853 haec
543 828 594 852 est
617 823 759 851 omnium
785 822 922 851 maxime
946 819 1075 850 illustre

95 867 315 898 testimonium
339 866 406 895 irae
430 865 492 895 Dei
517 865 680 894 adversus
704 870 888 903 peccatum.
923 863 996 893 lNon
1020 872 1075 892 ex-

94 910 274 940 istimemus
299 918 370 938 eam
394 908 536 937 otiosum
555 904 780 946 spectaculum
806 916 892 935 esse.
926 905 1076 935 Necesse

95 957 146 982 est
178 951 311 986 seriam,
346 951 511 990 ingentem
545 955 574 979 et
609 947 861 978 inenarrabilem
896 957 972 977 esse
996 948 1073 977 iram

95 993 159 1024 Dei
189 993 352 1022 adversus
383 998 531 1031 peccata,
567 1002 639 1021 cum
673 1001 739 1021 non
768 991 909 1029 potuerit
938 988 1074 1029 placari,

94 1036 157 1065 nisi
182 1033 268 1065 filius
292 1034 537 1064 intercessisset
562 1040 592 1064 et
617 1032 726 1063 factus
751 1039 841 1063 esset
864 1033 994 1061 victima
1013 1041 1074 1071 pro

94 1078 201 1108 nobis.
248 1076 320 1107 Hoc
344 1076 563 1106 testimonium
586 1077 614 1106 si
638 1085 716 1105 vere
746 1073 945 1115 intelligeret
969 1083 1073 1114 genus

94 1119 280 1156 humanum,
304 1119 412 1149 subito
437 1124 563 1148 terrore
587 1128 700 1148 omnes
724 1118 1010 1157 extinguerentur,
1043 1122 1074 1145 et

93 1168 200 1192 tamen
240 1161 367 1191 iuterim
407 1161 546 1190 mundus
590 1159 728 1200 profana
773 1160 951 1188 securitate
991 1158 1074 1188 haec

95 1205 202 1234 onmia
226 1203 412 1233 testimonia
436 1204 623 1232 contemnit.

181 1246 249 1275 Sed
283 1255 345 1275 1105
370 1246 572 1275 excutiamus
605 1244 692 1274 hanc
715 1244 937 1279 securitatem,
962 1249 991 1272 et
1021 1242 1072 1272 his

93 1286 292 1318 terribilibus
317 1287 471 1326 operibus
496 1286 557 1315 Dei
580 1295 782 1322 moveamur,
806 1291 836 1315 et
862 1295 976 1315 rursus
1006 1294 1071 1314 ma-

94 1330 295 1371 gnitudinem
318 1328 564 1359 misericordiae
584 1328 844 1365 consideremus,
868 1327 955 1368 quod
979 1326 1071 1356 Deus

94 1371 198 1403 noluit
220 1378 322 1402 totum
346 1380 451 1411 genus
475 1370 650 1401 humanum
674 1372 792 1410 perire,
815 1371 902 1411 quod
927 1379 964 1399 se
983 1376 1072 1409 pate-

94 1414 172 1445 fecit
197 1414 302 1450 nobis,
326 1420 361 1444 ut
383 1419 587 1453 agnoscatur
610 1420 641 1443 et
665 1414 847 1449 invocetur,
872 1413 960 1452 quod
984 1412 1071 1441 dedit.

93 1456 209 1487 Filium
232 1467 292 1496 pro
316 1456 423 1491 nobis,
447 1462 481 1485 ut.
505 1456 546 1485 sit
564 1454 735 1491 Emanuel,
757 1455 789 1484 id
814 1460 875 1490 est,
901 1455 1072 1484 nobiseum

94 1499 204 1535 Deus,
230 1504 261 1528 et
283 1499 368 1528 inter
391 1508 451 1527 nos
475 1498 616 1528 Adiutor
639 1504 752 1527 noster
775 1503 805 1527 et
831 1495 989 1527 Salvator
1013 1506 1070 1526 no-

93 1548 174 1578 ster,
209 1541 297 1581 quod
321 1541 408 1570 dedit
430 1541 683 1580 promissionem
706 1540 832 1581 gratiae
852 1545 882 1568 et
907 1540 993 1568 vitae
1017 1548 1071 1568 ae-

92 1590 217 1620 ternae,
252 1584 339 1623 quod
375 1584 477 1613 donat
499 1582 654 1622 Spiritum
687 1588 838 1612 sanctum
873 1582 1071 1622 gubernato-

93 1636 162 1656 rem
195 1626 390 1665 petentibus.
436 1625 527 1655 Haec
562 1625 670 1655 omnia
703 1624 950 1654 considerantes
985 1623 1070 1653 duri-

92 1669 169 1699 tiem
203 1674 350 1697 nostram
380 1677 564 1708 agnoscere
595 1674 625 1697 et
651 1665 825 1706 deplorare
848 1666 1005 1695 debemus
1030 1675 1071 1695 ac

93 1716 215 1750 petere,
245 1716 280 1740 ut
302 1709 396 1740 Deus
430 1720 492 1739 nos
526 1710 568 1739 ad
602 1719 639 1739 se
673 1714 855 1743 convertat,
889 1709 942 1748 qui
977 1714 1069 1737 certo

92 1753 252 1793 promisit,
285 1762 322 1782 se
346 1753 495 1782 daturum
515 1750 670 1792 Spiritum
694 1757 846 1781 sanctum
870 1751 1068 1790 petentibus,

93 1801 123 1825 et
153 1795 298 1829 mandat,
322 1801 356 1824 ut
380 1795 552 1824 credamus
576 1803 637 1823 nos
661 1794 761 1833 recipi
784 1800 920 1833 propter
941 1791 1068 1828 Filium,

93 1843 128 1868 ut
151 1836 235 1867 infra
259 1837 417 1867 dicemus.

179 1879 271 1909 Haec
293 1878 460 1918 praefatus
485 1888 568 1913 sum,
591 1884 626 1908 ut.
648 1878 690 1907 ad
713 1877 880 1907 assiduam
903 1876 999 1906 huius
1017 1886 1068 1906 ar-

91 1920 181 1952 ticuli
205 1922 438 1962 cogitationem
463 1930 525 1950 nos
549 1921 642 1960 ipsos
672 1920 861 1950 excitemus.
907 1919 1001 1949 Nunc
1027 1919 1067 1948 dc

91 1964 220 1994 nomine
254 1964 370 1994 dicam.
416 1962 502 1993 Nolo
536 1963 636 1992 rixari
671 1963 711 1992 de
752 1960 926 1992 vocabulo.
973 1960 1066 1991 Voco

91 2006 346 2042 poenitentiam,
379 2012 413 2036 ut
443 2006 474 2035 in
504 2003 659 2035 Ecclesia
681 2003 855 2044 loquimur,
879 2004 1066 2034 conversio-

93 2059 165 2078 nem
200 2048 241 2078 ad
264 2047 383 2084 Deum,
417 2053 447 2077 et
482 2046 578 2077 huius
610 2047 837 2077 conversionis
873 2053 983 2085 partes
1007 2055 1066 2076 seu

92 2091 243 2120 diversos
277 2096 385 2119 motus
419 2089 561 2119 docendi
594 2098 714 2119 caussa
748 2089 912 2119 discerno.
980 2087 1065 2118 D1c0

90 2139 203 2172 partes
241 2141 318 2161 esse
341 2130 575 2161 Contritioncm
599 2138 629 2161 et
653 2131 773 2161 Fidem.

90 2175 138 2204 rio
162 2175 255 2214 sequi
279 2174 374 2203 debet
398 2183 483 2203 nova
507 2173 708 2209 obedientia,
729 2184 825 2214 quam
848 2175 876 2203 si
900 2174 972 2213 quis
996 2171 1065 2203 vult

91 2217 260 2246 nominare
288 2216 413 2245 tertiam
447 2221 582 2254 partem,
606 2225 671 2245 non
695 2226 854 2256 repugno.
900 2216 973 2245 Non
997 2225 1064 2245 mo-

91 2268 227 2289 veamus
262 2259 351 2288 rixas
387 2258 426 2287 de
458 2257 579 2293 verbis,
615 2258 675 2287 sed
708 2258 882 2298 vigilantes
906 2258 1008 2287 simus
1032 2258 1063 2287 in

91 2301 221 2331 tuendis
257 2301 367 2336 rebus,
403 2309 486 2340 quae
511 2305 585 2328 sunt
607 2298 778 2330 Ecclesiae
798 2300 1009 2331 necessariae
1033 2305 1065 2329 et

91 2341 270 2372 refutandis
296 2343 477 2378 erroribus,
501 2341 555 2382 qui
578 2351 677 2371 verae
696 2342 865 2372 doctrinae
889 2341 1065 2383 caliginem

91 2385 258 2415 inducunt.

177 2427 243 2457 Sed
277 2432 353 2456 ante
387 2424 639 2466 explicationem
662 2426 802 2465 partium
836 2426 980 2456 breviter
1014 2436 1064 2456 re-

90 2467 215 2499 futandi
238 2474 314 2499 sunt
336 2469 400 2498 duo
424 2477 555 2497 errores
575 2467 788 2497 sanativorum
807 2467 983 2503 hominum,
1008 2469 1062 2508 qui

90 2510 255 2541 finxerunt
288 2517 422 2540 renatos
453 2520 518 2539 non
552 2519 653 2549 posse
686 2508 752 2540 labi
776 2516 820 2546 et,
845 2511 993 2550 quamvis
1017 2510 1063 2541 la-

276 366 448 401 peccatum
492 366 523 389 et
568 364 725 389 venturas
764 364 917 387 aeternas
950 366 1098 394 poenas*

866 695 1011 733 privatas
1046 700 1077 723 et

821 2131 888 2161 Has
912 2140 1066 2161 necessa
1085 2158 1087 2164 ,

575 86 598 128 F-
622 84 724 117 LOCl
745 84 1025 118 THEOLOGICI:
1044 88 1086 121 D.
1110 90 1272 127 TERTlA
1294 96 1450 127 EORUM
1474 95 1630 127 ,

1095 824 1098 851 l

2037 93 2102 125 878

1122 190 1241 219 buntur
1275 195 1387 219 contra
1423 189 1678 224 conscientiam,
1724 193 1831 217 tamen
1871 187 1976 216 iustos
2011 196 2098 216 esse.

1122 231 1211 261 Haec
1241 232 1382 261 amentia
1407 231 1589 260 damnanda
1614 236 1681 266 est,
1717 230 1747 259 et
1771 229 1968 268 opponenda
1992 238 2098 258 exem-

1120 272 1173 313 pla
1209 279 1240 303 et
1274 274 1358 303 dicta
1390 274 1572 312 scripturae
1586 272 1802 312 Proplieticae
1827 277 1857 300 et
1872 269 2097 310 Apostolicae,

1120 322 1152 345 ut
1189 314 1268 345 Saul
1293 321 1322 344 et
1346 315 1452 344 David
1477 314 1670 354 placuerunt
1694 313 1779 349 Deo.
1815 313 1944 343 luerunt
1968 313 2042 343 iusti
2067 318 2099 342 et

1121 358 1229 386 donati
1254 357 1377 397 Spiritu
1410 364 1537 393 sancto,
1567 363 1675 386 tamen
1699 364 1813 396 postea
1838 354 1920 395 lapsi
1945 362 2032 391 sunt,
2055 356 2099 383 ita

1120 404 1153 428 ut
1188 397 1268 428 alter
1302 409 1439 438 prorsus
1473 399 1623 438 perierit.
1657 398 1741 428 alter
1774 408 1890 427 rursus
1927 398 1967 427 ad
1992 397 2099 427 Deum

1122 451 1305 470 conversus
1335 442 1387 470 sit.
1434 441 1531 471 Dicta
1561 440 1660 470 multa
1685 447 1771 470 sunt.
1816 439 1932 469 Matth.
1959 439 2008 468 12.
2033 442 2098 477 [vs.

1120 484 1185 520 444
1232 482 1313 513 Cum
1348 484 1532 513 immundus
1566 484 1700 521 spiritus
1736 491 1895 522 egressus
1929 480 2025 511 fuerit
2056 482 2098 511 ab

1121 524 1263 561 homine,
1286 526 1375 555 vadit
1399 536 1458 565 per
1481 525 1555 555 loca
1590 526 1720 555 deserta
1747 532 1776 553 et
1793 524 1912 564 inquit:
1938 530 2098 560 revertar,

1122 574 1152 597 et
1176 568 1296 597 invenit
1320 568 1450 597 domum
1475 568 1632 603 otiosam.
1663 573 1694 597 01,
1724 566 1803 597 fiunt
1832 567 2018 606 posteriora
2042 565 2099 595 ho-

1120 611 1214 639 minis
1239 611 1350 649 peiora
1374 610 1550 649 prioribus.

1207 651 1328 682 Similis
1352 657 1399 681 est
1426 652 1542 681 cont-io
1566 651 1751 681 tristissima
1765 650 1796 680 2.
1810 649 1897 680 Petr.
1910 650 1940 681 2.
1955 655 2017 689 [vs.
2031 651 2098 689 251]

1121 693 1196 730 Qut,
1220 704 1293 723 cum
1317 693 1509 734 effugissent
1534 694 1775 734 inquinamenta
1800 694 1907 723 mundi
1932 704 1992 733 per
2009 696 2100 735 agni-

1120 737 1239 766 tionem
1262 735 1411 773 Domini,
1441 746 1556 766 rursus
1580 737 1784 766 intricantur.
1810 736 1861 765 his
1886 736 1965 766 fiunt
1988 743 2098 776 poste-

1120 780 1207 808 riora
1232 779 1394 809 deteriora
1418 779 1592 819 prioribus.
1639 778 1678 808 Et
1716 778 1743 808 1.
1768 777 1846 808 Cor.
1873 778 1920 809 10.
1946 780 2009 815 [vs.
2037 779 2098 816 12]

1121 821 1183 855 Qui
1214 821 1341 851 videtur
1370 827 1478 857 stare,
1506 821 1614 850 videat
1645 830 1686 850 nc
1712 821 1816 851 cadat,
1870 821 1909 851 Et
1933 820 2039 861 Apoc.
2069 821 2097 851 2.

1121 866 1182 899 [vs.
1206 863 1252 900 5.]
1283 862 1408 893 Memor
1432 869 1519 899 esto,
1543 863 1630 893 unde
1653 862 1766 902 lapsus
1790 864 1853 899 sis,
1878 870 1908 893 et
1933 864 2099 903 poeniten-

1120 906 1195 935 tiam
1219 915 1281 945 agc
1305 912 1335 935 et
1359 904 1458 935 facito
1482 906 1591 945 priora
1615 916 1726 945 opera.

1206 947 1295 977 Haec
1321 954 1351 977 et
1376 947 1491 977 similia
1515 948 1600 978 dicta
1624 949 1664 978 de
1688 948 1811 977 renatis
1835 953 1997 978 testantur
2020 958 2097 988 pos-

1119 999 1156 1020 se
1190 1000 1248 1019 eos
1278 989 1355 1027 labi,
1390 996 1420 1019 et
1456 989 1571 1029 lapsos
1607 996 1723 1020 contra
1760 991 1996 1020 conscientiam
2032 1001 2097 1021 000

1118 1032 1251 1072 plaeere
1275 1031 1359 1069 Deo,
1383 1033 1443 1061 nisi
1468 1042 1582 1062 rursus
1607 1037 1852 1062 convertantur.
1899 1033 2008 1067 Quare
2031 1044 2097 1063 non

1119 1075 1163 1105 ita
1188 1073 1393 1104 blandiamur
1417 1075 1511 1104 nobis
1535 1075 1625 1113 ipsis,
1650 1081 1683 1104 ut
1708 1075 1816 1104 securi
1840 1074 2098 1105 imbecillitatem

1119 1123 1266 1147 nostram
1300 1127 1366 1145 non
1400 1127 1552 1157 regamus
1582 1123 1612 1146 et
1647 1116 1762 1156 lapsus
1793 1115 2014 1158 negligamus,
2039 1118 2099 1148 sed

1118 1160 1220 1188 simus
1244 1157 1419 1199 vigilantes
1445 1165 1477 1188 et
1501 1159 1624 1195 intenti,
1648 1169 1869 1199 repugnemus
1894 1166 2028 1189 nostrae
2052 1160 2098 1189 in-

1118 1201 1261 1230 firmitati
1295 1207 1324 1230 et
1353 1202 1513 1230 acerrima
1547 1211 1626 1231 cura
1660 1211 1838 1231 caveamus
1861 1202 1996 1231 insidias
2020 1201 2098 1232 Dia-

1120 1242 1195 1279 boli,
1230 1243 1313 1272 sicut
1348 1242 1464 1273 Petrus
1489 1243 1532 1280 [l.
1556 1253 1607 1283 ep.
1631 1243 1662 1278 5,
1685 1243 1730 1280 S.]
1756 1249 1884 1273 monet:
1931 1244 2098 1274 Adversa

1118 1286 1185 1316 rius
1230 1291 1341 1315 vester
1378 1284 1538 1315 ciabolus
1573 1292 1728 1325 tanquam
1764 1285 1834 1316 Leo
1868 1287 2002 1327 rugiens
2037 1287 2098 1316 cir-

1118 1328 1227 1364 cumit,
1259 1337 1423 1367 quaerens
1447 1337 1542 1368 quem
1566 1328 1714 1364 devoret,
1751 1329 1801 1358 0111
1825 1329 1969 1359 resistite
1992 1327 2095 1359 fortes

1117 1371 1148 1400 in
1171 1371 1245 1400 fide.

1201 1412 1348 1443 Eeontra
1371 1421 1436 1442 non
1461 1411 1693 1442 confirmemus
1717 1413 1990 1453 desperationem,
2013 1425 2097 1454 quae

1117 1454 1225 1485 odium
1259 1454 1419 1484 adversus
1444 1453 1552 1484 Deum
1583 1455 1697 1495 gignit.
1744 1456 1835 1485 Sicut
1859 1456 2034 1486 Novatiani
2063 1458 2098 1486 et]

1281 1494 1440 1533 fecerunt,
1466 1497 1520 1536 qui
1545 1503 1707 1538 negarunt
1729 1496 1842 1537 lapsos
1867 1505 1942 1538 post.
1965 1498 2095 1538 Baptis-

1115 1549 1201 1568 mum
1225 1540 1339 1568 iterum
1363 1540 1520 1578 consequi
1545 1540 1771 1570 remissionem
1793 1547 2014 1580 peccatorum.
2045 1541 2096 1571 Ac

1116 1581 1230 1611 mirum
1254 1586 1304 1610 est
1328 1580 1415 1611 hunc
1441 1591 1588 1611 crassum
1613 1589 1643 1612 et
1669 1589 1862 1612 venenatum
1883 1593 2028 1613 errorem
2042 1593 2096 1614 ve-

1115 1623 1304 1653 tustissimis
1339 1624 1539 1663 temporibus
1574 1625 1604 1654 111
1640 1623 1696 1655 1110
1721 1624 1893 1656 Ecclesiae
1924 1625 2007 1656 flore
2029 1632 2095 1656 tam

1114 1664 1179 1695 late
1200 1672 1388 1706 grassatum
1413 1675 1498 1695 esse.

1201 1708 1320 1737 Narrat
1354 1707 1567 1748 Epiphanius,
1602 1707 1835 1746 Alexandriae,
1871 1720 1945 1740 cum
1974 1710 2093 1741 Petrus

1114 1751 1311 1790 Episcopus,
1336 1760 1430 1790 quem
1454 1756 1572 1790 postea
1585 1750 1758 1792 Tyrannus
1776 1751 1972 1783 Maximinus
1995 1754 2094 1783 inter-

1113 1793 1190 1823 fecit
1224 1798 1411 1832 praeesset,
1456 1791 1560 1823 fuisse
1604 1795 1766 1834 quendam
1807 1793 1992 1832 1101011010,
2026 1796 2092 1836 qui,

1113 1833 1291 1876 quamlibet
1325 1833 1526 1865 reclamante
1549 1835 1665 1872 Petro,
1702 1837 1821 1876 sparsit
1844 1836 1908 1867 hoc
1932 1836 2092 1875 delirium,

1113 1877 1295 1917 negandam
1319 1887 1396 1907 esse
1422 1878 1548 1907 veniam
1572 1876 1690 1918 lapsis3
1715 1885 1744 1908 et
1759 1879 1847 1909 addit
1870 1886 1961 1910 tanta
1984 1880 2017 1910 in
2034 1881 2091 1910 ad-

1112 1920 1284 1950 miratione
1318 1918 1403 1949 hanc
1437 1919 1628 1960 hypocrisin
1662 1919 1778 1958 fuisse,
1813 1928 1847 1951 ut
1871 1932 1989 1963 magna
2011 1932 2091 1962 pars

1112 1960 1223 2002 populi
1252 1962 1284 1991 in
1307 1962 1463 2003 Aegypto
1498 1969 1527 1992 et
1553 1963 1649 2003 Syria
1674 1962 1759 1993 hunc
1783 1963 1951 1994 Meletium
1975 1970 2091 1995 secuta

1112 2005 1165 2040 sit,
1190 2010 1376 2043 contempta
1401 2004 1487 2034 Petri
1510 2006 1684 2035 sententia.
1719 2005 1846 2046 Estque
1869 2005 2091 2044 memorabile,

1112 2047 1198 2087 quod
1233 2052 1343 2076 narrat
1367 2046 1499 2077 Petrum
1525 2048 1555 2077 in
1580 2046 1772 2078 defensione
1795 2050 1943 2079 veritatis
1967 2050 2091 2080 citasse

1111 2096 1141 2119 01
1166 2089 1346 2128 scripturas
1371 2095 1403 2119 et
1426 2089 1573 2130 exempla
1599 2091 1780 2130 superioris
1802 2092 1958 2131 temporis
1971 2093 2090 2123 tradita

1111 2132 1150 2161 ab
1170 2129 1342 2170 Apostolis
1367 2138 1397 2161 et
1422 2141 1534 2162 eorum
1558 2131 1738 2171 discipulis.
1784 2133 1881 2163 Extat
1904 2134 2012 2165 adhue
2036 2145 2090 2165 ex-

1110 2172 1251 2213 emplum
1284 2173 1315 2202 in
1341 2173 1470 2203 loannis
1506 2173 1657 2214 Apostoli
1693 2174 1830 2206 historia
1864 2176 1951 2216 apud
1986 2176 2089 2207 Euse-

1110 2217 1196 2245 bium
1220 2214 1275 2245 lib.
1300 2214 1330 2245 3.
1354 2226 1420 2256 pag
1449 2215 1555 2249 60.2)
1580 2217 1621 2247 de
1635 2216 1858 2248 Adolescente
1870 2216 1978 2258 lapso,
1992 2225 2087 2260 quem

1110 2258 1248 2287 loannes
1283 2264 1420 2288 revocat
1453 2268 1493 2288 ex
1517 2258 1669 2290 sodalitio
1688 2258 1862 2291 latronum.
1908 2260 2012 2291 Porro
2037 2272 2087 2292 sa-

1109 2301 1150 2330 tis
1174 2306 1309 2340 apparet
1333 2299 1480 2330 delirium
1503 2300 1718 2332 Catharorum
1747 2308 1853 2333 ortum
1878 2312 1953 2333 esse
1976 2314 2016 2334 ex
2039 2305 2087 2334 10-

1107 2418 1153 2447 48)
1173 2419 1230 2446 Pag.
1251 2418 1303 2447 60]
1323 2419 1376 2443 scil.
1396 2419 1514 2443 Editionis
1534 2425 1610 2449 supra
1631 2426 1654 2449 ,
1674 2420 1724 2443 621)
1743 2427 1779 2450 sq.
1801 2424 1858 2445 uota
1879 2422 1919 2445 51.
1941 2423 2083 2452 descriptae

1176 2452 1299 2476 Historiae
1320 2453 1411 2476 eccles.
1432 2453 1530 2477 Eusebii
1559 2460 1571 2477 a
1592 2454 1690 2478 Ruffino
1710 2456 1858 2483 tramtatae,
1879 2457 1902 2479 in
1922 2462 1969 2486 qua
1990 2457 2029 2481 hic
2048 2458 2084 2481 10-

1176 2492 1219 2509 cus
1239 2486 1373 2515 inscriptus
1401 2491 1454 2510 est:
1485 2487 1624 2515 Capitulum
1648 2487 1699 2518 17.
1728 2489 1751 2512 10
1771 2490 1978 2518 Schwegleritzd-
1998 2495 2083 2515 textus

1174 2520 1258 2548 graeci
1279 2520 1371 2547 tegitur
1389 2525 1443 2548 rap.
1463 2519 1514 2549 23
1533 2521 1557 2550 .
1578 2520 1670 2544 619.
