2358 2933
227 101 288 132 755

851 97 960 129 PHIL.
983 96 1085 129 MEL.
1107 97 1292 130 SCRIPTA
1314 99 1584 133 DOGMATch.

2148 105 2210 136 756

227 194 386 234 Quicquid
399 193 555 233 petieritis
572 198 694 232 patrem
708 192 739 221 in
752 192 881 222 nomine
894 200 978 229 meo,
992 191 1079 222 dabit
1092 192 1196 222 vobis.
1219 201 1222 224 a
1243 202 1330 231 rmn,
1365 203 1431 225 non
1461 200 1594 234 propter
1628 200 1777 224 nostram
1810 194 2008 235 dignitatem.
2051 195 2120 228 Nec
2155 207 2207 229 ex·

226 236 303 267 item
322 236 418 276 [Eph.
438 235 468 271 2,
490 235 569 272 IS.1:
604 234 667 264 Per
683 233 771 264 hunc
790 232 947 264 habemus
965 242 1138 264 3666551011
1155 234 1197 264 ad

226 278 341 310 Deum.
350 277 439 308 Talis
447 277 607 307 invocatio
615 276 746 316 propria
753 282 802 306 est
810 274 1096 312 veraeEcclesiae,
1105 286 1197 316 pror-

1243 234 1343 266 cludit
1375 234 1552 276 particula,
1586 234 1685 273 Sola,
1724 237 1948 267 contritionem
1988 243 2043 268 aut
2082 245 2208 271 ceteras

1242 277 1390 315 virtutes,
1410 287 1451 308 ne
1464 278 1582 314 adsint,
1602 278 1661 308 sed
1673 283 1771 318 negat
1783 288 1840 309 eas
1853 288 1930 310 esse
1942 289 2081 310 caussas
2095 290 2208 312 recon-

226 332 282 352 sus
307 323 417 362 ignota
451 320 506 355 iis,
537 319 591 359 qui
614 318 764 349 nesciunt
787 317 969 348 doctrinam
992 318 1032 348 de
1056 318 1196 358 gratuita
1243 317 1426 357 ciliationis,
1452 325 1483 350 et
1506 317 1660 350 transfert
1684 329 1835 351 caussam
1859 321 1890 351 in
1911 319 2020 352 solum
2032 321 2206 355 Christum.

226 363 418 394 remissione
441 371 499 391 sen
524 361 564 390 dc
588 361 649 390 hac
673 359 854 397 exclusiva,
878 360 917 390 de
941 370 1005 400 qua
1023 360 1196 391 conciona-

226 414 276 436 tur
299 403 432 435 Paulus.
457 413 529 434 cum
554 403 665 443 repetit
698 401 891 442 particulam
916 401 1038 432 Gratis.
1085 401 1140 433 Sic
1164 408 1196 433 et

225 446 343 478 Daniel
366 447 495 476 invocat
521 456 591 485 cap.
616 448 645 475 9.
671 448 733 482 [vs.
761 444 822 482 IS.]
842 444 915 474 Non
940 444 970 474 in
994 444 1115 474 iustitia
1137 455 1195 474 no-

225 497 293 521 stra
318 498 497 529 precaunur,
521 488 580 518 sed
603 488 635 518 in
658 486 879 517 misericordia
902 492 956 516 tua
980 496 1098 528 magna
1121 496 1195 526 pro-

226 542 296 572 pter
318 531 504 562 Dominum.
551 530 620 560 Nec
650 528 737 560 aliud
762 539 822 559 nos
846 527 995 559 volumus
1019 533 1074 558 aut
1098 528 1195 558 doce-

225 584 296 605 mus
327 574 366 604 de
401 571 581 609 exclusiva,
608 582 704 612 quam
738 572 825 612 quod
858 570 910 601 hic
942 571 1043 611 inquit
1065 569 1193 600 Daniel.

223 616 262 646 Et
299 623 372 646 sunt
407 613 556 654 exempla
592 613 693 644 multa
723 614 753 644 in
778 611 930 650 PsalmiS,
954 622 1036 653 quae
1059 613 1101 643 ita
1124 612 1194 643 dul-

225 666 355 689 cesccnt
390 658 462 698 piis.
492 659 519 687 si
554 655 750 697 intelligatur
783 656 923 696 gratuita
957 653 1194 685 reconciliatio:

224 702 306 736 Quia
329 701 414 741 apud
437 699 613 730 Dominum
643 698 875 729 misericordia.
921 697 955 728 Si
978 698 1092 734 addas,
1116 707 1194 738 erga

224 743 440 785 dignos‚satis
451 743 593 778 meritos,
602 741 657 771 erit
671 751 734 771 vox
747 740 847 781 Legis
857 746 1014 770 terrorem
1023 740 1193 770 incutiens.

224 786 289 817 Sed
324 786 351 815 si
386 783 548 823 intelligas
571 785 657 814 iuxta
681 781 913 823 Evangehum,
937 789 970 812 ut
994 782 1089 812 docet
1113 781 1194 812 Pau-

224 827 274 858 lus
299 834 331 858 et
353 828 447 857 sentit
475 825 640 856 Psalmus:
668 824 895 855 Misericordia
919 830 1008 854 certo
1032 824 1193 863 recipiens

224 882 284 901 nos
319 876 452 910 propter
476 868 689 899 Mediatoretn
725 868 837 908 gratis.
883 866 974 897 Haec
1008 877 1073 896 vox
1101 865 1193 896 affert

225 911 494 947 consolationem,
535 917 565 941 et
607 908 781 951 fugientem
822 910 960 939 animum
990 914 1123 939 revocat
1152 908 1193 939 ad

225 954 342 991 Deum,
369 960 399 983 61
423 953 581 983 exuscitat
599 953 640 982 ad
665 962 774 982 veram
798 951 1047 982 invocationem.

309 1032 433 1065 Quarta
457 1038 576 1059 caussa
589 1036 652 1065 est,
665 1034 697 1058 ut
712 1027 931 1067 conspiciatur
944 1028 1118 1058 discrimen
1132 1026 1192 1057 Le-

224 1074 275 1115 gis
299 1080 327 1104 et
341 1070 521 1112 Evangelii.
552 1071 634 1101 Nam
658 1070 801 1100 ctsiLex
824 1068 920 1100 habet
946 1070 1192 1109 promissiones,

225 1123 330 1146 tamen
355 1125 418 1145 non
444 1114 599 1153 promittit
623 1113 725 1153 gratis
745 1113 968 1143 remissionem
981 1118 1193 1152 peccatorum

222 1168 282 1189 560
305 1155 604 1188 reconciliationem
628 1165 687 1186 seu
710 1156 951 1195 imputationem
963 1154 1116 1191 iustitiae,
1135 1154 1194 1183 sed

223 1206 347 1230 tantum
367 1209 439 1229 eum
451 1198 637 1238 pronuntiat
650 1198 787 1234 iustum,
812 1197 865 1237 qui
877 1202 1023 1237 praestat
1037 1197 1195 1237 integram

224 1242 452 1276 obedientiam,
494 1247 523 1270 et
559 1245 609 1270 est
644 1241 714 1270 sine
742 1245 899 1279 peccato,
929 1244 961 1268 111
995 1238 1076 1268 11366
1110 1239 1196 1268 dicta

225 1285 398 1315 ostendunt
424 1282 534 1320 [Dent.
557 1282 610 1319 27,
632 1282 716 1319 264:
737 1280 933 1312 Maledictus
957 1281 1011 1321 qui
1034 1290 1100 1310 non
1123 1290 1194 1320 per-

224 1327 375 1358 manserit
409 1327 440 1356 in
475 1325 635 1362 omnibns,
668 1334 752 1365 quae
787 1324 907 1363 scripta
942 1329 1016 1353 sunt
1040 1323 1071 1352 in
1094 1322 1193 1363 Lege.

222 1369 301 1399 116111
326 1368 442 1406 [Levit.
468 1367 517 1404 IS,
540 1367 602 1405 5.]:
629 1366 689 1401 Qui
712 1364 824 1396 fecerit
848 1365 942 1402 haec,
969 1366 1054 1395 vivet
1077 1366 1110 1395 in
1135 1366 1192 1395 615.

223 1412 289 1443 Sed
311 1409 525 1450 Evangelium
549 1414 706 1439 monstrat
736 1409 831 1438 nobis
862 1406 961 1437 filium
984 1406 1047 1437 Dei
1071 1406 1193 1437 Media-

223 1461 337 1490 torem,
373 1459 401 1483 ct
426 1451 586 1489 clamitat,
620 1450 716 1481 nobis
739 1456 872 1490 propter
894 1448 980 1480 hunc
1003 1450 1106 1489 gratis
1137 1449 1193 1478 do-

223 1497 292 1526 nari
327 1493 630 1525 reconciliationem.
677 1492 807 1533 insigne
830 1492 926 1534 igitur
949 1491 1124 1521 discrimen
1147 1489 1192 1520 fa-

224 1539 265 1569 cit
289 1537 387 1578 Legis
411 1543 440 1567 et
466 1534 634 1576 Evangelii
658 1533 817 1574 particula
836 1534 959 1570 Gratis,
983 1543 1046 1573 qua
1069 1534 1190 1563 amissa

223 1591 287 1611 non
327 1586 433 1620 potest
474 1589 538 1608 non
573 1578 665 1618 sequi
700 1587 816 1617 magna
861 1574 1031 1616 Evangelii
1073 1574 1191 1616 caligo.

224 1623 339 1653 Statim
363 1623 446 1652 enim
478 1621 604 1660 obrepit
629 1619 750 1660 opinio,
775 1619 845 1649 dari
868 1617 1095 1648 remissionem
1117 1628 1191 1658 pro-

223 1671 295 1705 pter
319 1671 430 1694 nostra
456 1672 567 1703 opera,
591 1673 655 1703 quo
681 1671 793 1692 errore
816 1661 961 1691 admisso
975 1661 1122 1690 obruitur
1136 1660 1191 1690 do-

224 1708 325 1738 ctrina
349 1707 388 1737 116
412 1707 486 1742 11116,
520 1705 559 1735 116
582 1714 661 1734 vero
684 1704 810 1735 honore
837 1702 957 1733 Christi
981 1708 1011 1732 et
1036 1702 1075 1732 116
1099 1701 1191 1732 firma

223 1747 448 1780 consolatione
472 1747 755 1778 conscientiarum.

308 1816 468 1857 Exposui,
498 1821 652 1855 quantum
679 1812 799 1844 referat
825 1813 1027 1843 exclusivam
1050 1812 1192 1847 retineri,

223 1860 282 1890 scd
307 1859 479 1889 videndum
502 1864 552 1887 est
575 1858 684 1893 etiam,
707 1863 740 1886 ut
763 1862 852 1886 recte
874 1854 1084 1895 intelligatur.
1110 1852 1191 1883 Cum

223 1902 305 1932 enim
336 1901 409 1931 dicit
445 1899 583 1936 Paulus,
619 1899 730 1929 Gratis
764 1897 827 1927 fide
861 1904 994 1937 propter
1027 1895 1190 1926 Christum

223 1944 455 1983 consequimur
477 1942 717 1978 remissionem,
746 1950 811 1970 non
834 1939 898 1970 hoc
920 1939 1009 1975 vult,
1037 1949 1103 1969 non
1126 1938 1190 1968 exi-

224 1993 310 2016 stere
335 1985 560 2015 contritionem
584 1984 614 2013 in
629 1983 691 2019 his,
715 1983 768 2023 qui
793 1988 1038 2016 convertuntur,
1051 1986 1106 2011 aut
1125 1989 1190 2010 non

224 2029 314 2068 sequi
339 2034 467 2057 ceteras
491 2028 644 2057 virtutes:
680 2025 746 2055 11110
768 2023 837 2055 vult
862 2023 943 2054 haec
966 2024 1100 2054 adesse:
1125 2022 1191 2053 Sed

224 2069 362 2100 excludit
398 2070 614 2099 conditionem
649 2067 751 2098 meriti
776 2076 835 2097 seu
858 2066 1023 2107 dignitatis
1046 2072 1190 2101 nostrae,

223 2118 321 2152 negat
345 2112 570 2142 contritionem
594 2117 623 2140 et
648 2116 779 2140 nostras
804 2109 939 2138 virtutes
965 2117 1101 2138 caussas
1116 2117 1191 2137 esse

224 2154 509 2190 reconciliationis,
544 2160 575 2183 et
608 2158 748 2183 testatur
771 2160 922 2181 caussam
946 2160 1021 2180 esse
1044 2150 1189 2180 meritum

224 2195 343 2227 Christi
367 2195 568 2226 Mediatoris.
613 2195 736 2234 Estque
760 2193 933 2224 sententia:
958 2192 1037 2223 Fide
1059 2197 1192 2232 propter

223 2238 337 2269 Filium
357 2237 419 2268 Dei
444 2238 544 2278 gratis
568 2237 672 2277 accipi
696 2234 1006 2271 reconciliationem,
1029 2244 1094 2265 non
1118 2244 1190 2274 pro-

224 2287 295 2321 pter
319 2288 463 2309 nostram
485 2280 672 2319 dignitatem
719 2278 808 2308 Haec
832 2284 905 2307 sunt
930 2277 1114 2316 perspicua,
1137 2286 1191 2306 ve-

225 2333 275 2359 ra,
311 2323 381 2352 51116
403 2320 468 2352 ulla
492 2322 687 2361 sophistica,
712 2329 741 2350 et
766 2319 843 2350 nihil
866 2317 1022 2359 perplexi,
1046 2317 1123 2348 nihil
1145 2319 1191 2348 in-

225 2365 329 2394 tricati
352 2364 526 2393 continent.

309 2431 377 2461 Nec
400 2430 485 2460 aliud
511 2430 621 2460 volunt
645 2432 760 2465 nostri.
784 2441 857 2461 cum
880 2431 1000 2465 dicunt,
1025 2429 1106 2459 Sola
1128 2427 1192 2458 fide
1212 2460 1214 2467 A

1212 2473 1214 2484 ¹
1235 2476 1266 2499 et
1295 2468 1383 2500 illum
1416 2470 1537 2505 virum,
1571 2468 1624 2508 qui
1646 2468 1856 2507 proponitur,
1890 2473 1923 2497 ut
1945 2467 1986 2497 ab
2005 2466 2078 2505 ipso
2101 2466 2200 2496 ceteri

225 2473 453 2510 iustificantur,
477 2483 573 2512 quam
596 2473 682 2513 quod
704 2474 767 2503 iam
791 2473 872 2509 dixi,
897 2472 1008 2503 Gratis
1032 2471 1096 2501 fide
1118 2480 1191 2510 pro—

226 2524 297 2556 pter
325 2514 488 2545 Christum
520 2515 750 2555 consequimur
784 2515 1006 2545 remissionem
1039 2518 1214 2552 peccato-,

1242 360 1388 402 Suntque
1422 360 1617 392 correlative
1651 361 1883 403 intelligendae
1922 362 1984 394 1136
2013 367 2207 396 sententiae:

1240 402 1335 441 Fide,
1369 404 1399 434 id
1423 410 1490 441 est,
1524 403 1642 434 fiducia
1664 402 1786 434 Christi
1809 415 1921 435 sumus
1944 405 2038 444 iusti,
2060 405 2124 438 hoc
2147 414 2208 445 651,

1239 452 1374 485 propter
1397 444 1562 477 Christum
1585 456 1697 477 sumus
1720 446 1814 483 111511,
1843 446 1970 484 Gratis,
1999 447 2030 478 id
2054 455 2121 487 est,
2143 459 2209 480 non

1239 493 1373 527 propter
1396 488 1586 529 dignitatem
1609 494 1765 518 nostram.
1805 488 1904 529 quue
1929 490 2124 521 credendum
2148 497 2209 529 est,

1240 535 1273 559 ut
1297 529 1487 561 beneficium
1512 530 1633 561 Christi
1656 529 1890 570 amplectamur
1920 536 1951 561 et
1973 532 2003 561 in
2028 532 2209 564 misericor-

1241 570 1290 601 dia
1314 577 1447 612 propter
1469 571 1633 603 Christum
1655 573 1816 612 promissa
1839 573 2098 613 acquiescamus.

1325 630 1419 661 Nunc
1441 631 1559 661 addam
1581 632 1765 662 testimonia
1788 641 1828 661 ex
1846 631 1966 668 Paulo,
1996 643 2080 673 quae
2102 640 2210 665 osten-

1241 672 1320 703 dunt
1354 683 1430 703 vere
1464 673 1550 704 hanc
1583 684 1660 704 esse
1682 672 1855 715 Evangelii
1889 675 2081 712 doctrinam,
2115 686 2210 716 quam

1240 715 1391 745 recensui
1410 715 1450 744 116
1472 714 1711 752 iustificatione,
1735 716 1822 757 quod
1841 716 1991 747 videlicet
2003 718 2210 749 statuendum

1239 757 1293 792 511,
1316 766 1378 786 nos
1400 763 1535 796 propter
1558 756 1657 787 filium
1669 757 1732 787 Dei
1756 759 1862 798 gratis
1886 758 1951 788 fide
1975 761 2136 800 consequi
2160 769 2209 790 re-

1239 798 1427 829 missionem
1460 805 1672 838 peccatorum
1706 804 1738 829 et
1771 802 1913 840 reputari
1937 801 2056 838 iustos,
2087 802 2119 832 id
2149 807 2208 838 est,

1238 846 1396 880 acceptos
1419 840 1491 871 Deo
1526 841 1567 871 ad
1601 842 1698 871 vitam
1720 846 1896 872 aeternam.
1943 842 2081 874 Prodest
2103 849 2209 874 autem

1239 882 1320 913 haec.
1354 883 1538 913 testimonia
1571 883 1603 913 in
1637 889 1819 923 conspectu
1842 883 1981 914 habere.
2016 895 2081 915 non
2104 885 2209 916 solum

1238 925 1279 955 ad
1302 924 1493 956 refutandos
1516 925 1739 963 adversarios,
1763 926 1822 956 sed
1844 925 1947 957 multo
1969 927 2074 968 magis
2087 928 2130 957 ad
2147 937 2209 958 nos

1238 968 1330 1007 ipsos
1365 967 1624 1004 confirmandos,
1669 973 1700 997 61
1733 968 1774 998 ad
1808 967 1903 998 fidem
1938 969 2143 1000 excitandum
2176 970 2209 1000 in

1239 1010 1325 1040 omni
1358 1010 1574 1040 invocatione.
1619 1009 1702 1040 Nam
1737 1009 1823 1040 hunc
1858 1009 1996 1047 cultum,
2029 1010 2093 1041 hoc
2126 1021 2209 1052 opus

1238 1052 1410 1092 praecipue
1443 1053 1577 1092 requirit.
1599 1051 1698 1082 Deus
1746 1051 1806 1083 Hic
1841 1051 1948 1083 cultus
1973 1063 2085 1084 verum
2106 1052 2208 1084 hono-

1239 1104 1306 1124 rem
1340 1093 1406 1125 tilio
1435 1093 1498 1124 Dei
1532 1095 1659 1131 tribuit,
1693 1105 1767 1125 cum
1795 1094 1948 1125 videlicet
1969 1100 2103 1135 propter
2124 1095 2209 1126 hanc

1239 1137 1401 1167 victimam
1446 1144 1476 1167 et
1510 1136 1596 1167 hunc
1634 1135 1833 1176 placatorem
1863 1146 2056 1167 mvocamus
2084 1137 2206 1174 Deum,

1240 1185 1272 1209 et
1294 1180 1455 1210 credimus
1474 1189 1534 1219 per
1544 1178 1631 1209 hunc
1640 1178 1831 1209 Pontificem
1845 1177 1982 1219 perferri
1994 1184 2124 1210 nostras
2136 1190 2208 1220 pre·

1242 1231 1299 1252 ces
1327 1222 1369 1252 ad
1391 1227 1559 1251 aeternum
1583 1220 1722 1251 Patrem.

1326 1279 1419 1310 Rom.
1443 1279 1473 1310 3.
1492 1279 1684 1320 Principalis
1707 1281 1887 1320 propositio
1911 1280 2006 1311 huius
2021 1281 2208 1321 disputatio-

1241 1323 1290 1352 nis
1313 1320 1461 1362 plnribus
1485 1322 1596 1352 verbis
1620 1322 1757 1353 traditur
1781 1325 1844 1360 [vs.
1868 1322 1950 1361 234:
1987 1324 2109 1353 Omnes
2132 1333 2208 1363 pec-

1242 1370 1397 1395 caverunt
1422 1370 1453 1394 61
1477 1370 1590 1394 carent
1615 1363 1718 1405 gloria
1741 1363 1815 1394 Dei.
1861 1364 2077 1395 iustificantur
2100 1371 2207 1396 autem

1238 1408 1341 1447 gratis
1364 1407 1466 1446 ipsius
1486 1407 1590 1448 gratia
1612 1416 1671 1445 per
1693 1406 1965 1446 redemptionem,
1998 1416 2081 1447 quae
2104 1412 2153 1437 est
2176 1407 2207 1437 in

1239 1448 1370 1479 Christo
1404 1448 1490 1485 16511,
1525 1457 1620 1488 quem
1654 1449 1822 1489 proposuit
1846 1447 1938 1478 Deus
1961 1449 2209 1488 propitiatorem

1237 1501 1295 1530 per
1328 1490 1422 1520 fidem
1457 1491 1487 1520 in
1522 1491 1683 1531 sanguine
1717 1491 1798 1520 eius.
1844 1490 1952 1527 Initio,
1986 1496 2019 1520 ut
2055 1490 2208 1521 ostendat

1237 1533 1383 1563 homines
1418 1542 1482 1563 non
1507 1542 1582 1562 esse
1605 1533 1709 1563 iustos
1732 1533 1863 1572 propria
1885 1533 2056 1570 munditie,
2089 1533 2207 1573 inquit:

1237 1574 1359 1605 Omnes
1383 1584 1459 1605 esse
1483 1584 1559 1605 reos
1583 1582 1614 1605 et
1639 1584 1752 1605 carere
1775 1574 1880 1615 gloria
1903 1574 1982 1611 Dei,
2006 1574 2039 1605 id
2062 1580 2131 1611 est,
2154 1584 2207 1604 sa-

1237 1618 1355 1658 pientia
1386 1623 1416 1648 61
1446 1617 1583 1654 10511113,
1618 1627 1713 1658 quam
1737 1616 1826 1647 Deus
1850 1617 2011 1657 approbat
2032 1626 2091 1647 seu
2121 1617 2207 1647 ducit

1238 1669 1313 1690 esse
1336 1659 1484 1700 gloriam.
1529 1658 1657 1690 Deinde
1680 1659 1783 1697 addit,
1808 1659 1971 1700 quomodo
1995 1658 2206 1689 reconcilien-

1237 1709 1298 1739 tur,
1323 1712 1395 1732 cum
1418 1701 1479 1731 ait:
1510 1700 1742 1739 lustifieamur,
1766 1701 1797 1731 id
1822 1707 1883 1738 est,
1908 1701 2136 1741 consequimur
2157 1710 2207 1730 re-

1238 1744 1423 1775 missionem
1446 1750 1675 1783 peccatorum,
1711 1750 1739 1773 ct
1764 1749 1951 1783 reputamur
1974 1743 2048 1774 iusti
2073 1752 2131 1773 seu
2154 1753 2206 1773 ac-

1238 1786 1323 1827 cepti
1346 1787 1447 1827 gratis
1465 1786 1567 1825 ipsius
1591 1786 1714 1827 gratia,
1736 1785 1768 1815 id
1793 1791 1858 1822 est,
1887 1785 2110 1816 misericordia
2132 1794 2205 1825 gra-

1236 1830 1315 1859 tuita
1337 1834 1471 1869 propter
1494 1827 1671 1865 Christum,
1707 1837 1801 1868 quem
1825 1828 1993 1868 proposuit
2015 1825 2107 1857 Deus
2130 1837 2205 1866 pro-

1236 1872 1428 1911 pitiatorem.
1473 1870 1572 1901 Addit
1596 1876 1720 1906 autem,
1754 1869 1964 1900 iustificantur
1987 1869 2019 1899 in
2044 1869 2205 1909 sanguine

1237 1914 1317 1951 6105,
1341 1913 1371 1943 111
1395 1918 1456 1949 est,
1479 1912 1628 1952 placatur
1650 1913 1697 1942 ira
1720 1911 1782 1941 Dei
1801 1922 1860 1951 per
1883 1917 2018 1941 mortem
2042 1909 2108 1940 filii.
2139 1910 2204 1941 Sed

1236 1955 1299 1986 1106
1323 1954 1516 1986 beneficium
1540 1954 1604 1985 fide
1627 1953 1782 1994 applicari
1806 1958 1944 1993 oportet.
1990 1952 2203 1983 Statuendum

1235 2004 1302 2034 651,
1338 1997 1425 2038 quod
1458 2002 1592 2036 propter
1623 1995 1709 2026 hunc
1742 1995 1986 2035 propitiatorem
2010 2000 2043 2025 et
2070 2000 2205 2035 propter

1236 2040 1306 2070 eius
1329 2045 1463 2070 mortem
1482 2039 1538 2068 tibi
1561 2047 1638 2068 vere
1662 2038 1821 2077 propitius
1845 2038 1885 2067 sit
1907 2036 2020 2072 Deus,
2042 2046 2107 2066 non
2130 2047 2203 2076 pro-

1235 2088 1307 2122 pter
1330 2087 1418 2111 tuam
1440 2080 1637 2121 dignitatem.
1678 2079 1767 2109 Haec
1791 2079 1874 2109 fides
1898 2085 1948 2109 est
1965 2078 2094 2116 fiducia,
2118 2089 2203 2119 quae

1234 2133 1348 2164 pacem
1382 2128 1412 2153 et
1447 2123 1545 2152 vitam
1579 2122 1733 2152 cordibus
1756 2121 1866 2158 affert,
1896 2129 1927 2151 ut
1952 2131 2050 2161 supra
2075 2121 2115 2151 de
2139 2120 2203 2151 fide

1236 2166 1355 2196 ‹lit-tum
1380 2170 1442 2201 651,
1466 2171 1494 2195 61
1521 2174 1605 2205 quae
1627 2165 1659 2194 in
1684 2162 1815 2194 Christo
1840 2163 2029 2204 acquiescit.

1319 2215 1447 2246 Deinde
1465 2214 1587 2246 Paulus
1611 2216 1643 2244 in
1666 2214 1721 2244 1V.
1747 2215 1851 2254 capite
1873 2214 2008 2244 instituit
2031 2212 2202 2244 confirma-

1235 2260 1354 2289 tionem
1377 2257 1472 2288 huius
1501 2257 1751 2297 propositionis,
1781 2262 1812 2286 et
1835 2256 2018 2286 testimonia
2043 2265 2083 2286 ac
2104 2265 2201 2297 argu-

1236 2306 1343 2331 menta
1366 2305 1528 2331 recenset.
1562 2299 1705 2329 Primum
1728 2299 1946 2329 testimonium
1968 2302 2132 2338 sumptum
2151 2303 2202 2328 est

1237 2353 1276 2373 ex
1301 2342 1432 2372 Genesi.
1462 2341 1504 2372 Ut
1528 2342 1612 2372 enim
1636 2341 1786 2371 ostendat
1808 2340 1894 2371 113116
1916 2346 2104 2380 perpetuam
2127 2348 2202 2370 esse

1236 2383 1404 2415 Ecclesiae
1428 2384 1619 2420 doctrinam,
1649 2382 1769 2424 allegat
1791 2383 1925 2423 primam
1948 2381 2138 2413 concionem
2161 2382 2202 2412 de

1235 2428 1332 2458 modo
1355 2426 1603 2462 iustificationiS,
1626 2435 1709 2465 quae
1732 2430 1817 2455 extat
1841 2426 1872 2455 in
1894 2423 2022 2465 Moyse.
2067 2422 2200 2464 Allegat

1236 2512 1362 2543 discant
1384 2512 1619 2551 promissiones
1642 2517 1670 2540 et
1696 2520 1807 2540 verum
1832 2507 1953 2539 cultum
1974 2507 2037 2538 Dei
2061 2510 2126 2545 [vs.
2138 2507 2198 2543 3.]:
