2358 2933
145 142 185 173 81
637 144 661 174 l.
685 143 785 174 LOCI
808 144 1083 176 THEOLOGICI:
1107 146 1146 176 B.
1170 146 1308 177 PRIMA
1331 146 1487 179 EORUM
1510 148 1665 180 AETAS.
2099 149 2140 180 82

147 233 204 265 fiat,
225 243 283 261 non
302 234 472 271 unicuique,
492 235 548 262 sed
568 237 689 273 quintae
709 238 817 274 cuique
836 237 934 265 lineae
964 246 1117 265 numerum
1136 240 1263 276 apposui
1284 240 1442 269 minorem.
1471 251 1529 278 quo
1549 242 1691 269 linem-um
1712 246 1825 268 num-:11
1845 251 1862 267 a
1881 245 2018 268 {oliorum
2041 248 2141 267 nume-

146 275 187 323 ris
206 275 367 344 mailoribus
383 275 610 345 dllfflpguantm'
658 277 818 307 Praeterea
836 274 972 307 soliorum
1004 278 1154 307 Editionis
1172 283 1207 313 1.‚
1228 290 1304 317 quae
1323 282 1519 320 Witebergae
1546 282 1775 324 1521.{quatern.
1796 282 1914 320 prodiit,
1934 291 2074 310 numeros
2092 291 2141 309 un-

147 325 191 344 cis
214 326 260 344 mc
274 326 348 344 usos
367 327 395 345 a(
428 327 435 344 1
459 327 477 345 1.

298 375 382 403 Hanc
404 375 465 404 Ed.
492 376 600 406 Witeb.
623 388 650 406 α.
674 381 762 408 1521.
783 383 883 408 octon.
905 380 952 409 hic
972 388 1108 408 recusam
1134 380 1190 407 iam
1210 379 1358 409 Maurit.
1384 381 1628 422 Roedigerus
1655 394 1712 412 non
1739 383 1837 413 solum
1857 393 1922 412 cum
1946 383 2007 411 Ed.
2034 382 2142 411 Witeb.

145 426 173 444 a.
193 417 280 445 1521.
299 418 369 445 mai.
391 421 421 446 et
439 418 499 446 Ed.
521 419 558 447 ab
577 421 647 457 ipso
667 425 793 449 auctore
812 424 982 460 res-aynlta,
1007 429 1084 461 quae
1110 419 1302 459 th'tebffl-yae
1325 425 1414 451 1522.
1436 430 1536 455 octale.
1556 427 1676 464 prodiit.
1701 427 1756 455 sed
1784 426 1873 454 etiam
1889 435 1955 454 cum
1967 425 2028 453 Ed.
2053 424 2143 453 Basl.

144 468 172 486 α.
198 458 287 487 1521.
308 462 337 487 et
356 459 508 489 nonnullis
526 460 594 489 aliis
613 461 704 491 huius
723 464 835 501 primae
853 466 962 493 aetatis
985 464 1078 494 Editt.
1099 462 1224 491 contulit
1280 464 1328 491 Ne
1355 475 1425 493 vero
1445 470 1666 497 annotationum
1705 478 1846 497 numerus
1878 468 1967 496 nimis
1990 471 2144 505 augeatur,

143 501 347 528 tantummodo
366 501 528 530 Editiom's
553 502 661 532 Witeb.
683 516 710 533 α.
735 507 824 534 1521.
845 508 915 534 mai.
937 511 966 535 et
984 507 1046 535 Ed.
1073 503 1182 532 lVl'ffeb-
1209 505 1246 532 ab
1265 507 1336 542 ipso
1357 513 1482 537 aza-tore
1502 513 1680 548 rec-oqne'tac
1699 521 1727 538 cr.
1762 512 1849 539 1522.
1869 520 1960 548 supra
1988 520 2016 547 p.
2040 512 2078 538 65
2099 519 2145 546 Sq-

142 543 229 590 ιιι-..1.
244 543 423 580 descriptae,
442 543 556 582 aliquot
575 546 603 573 in
622 545 698 575 locis
722 548 810 576 etiam
830 548 890 576 Ed.
912 548 1014 577 Basil.
1036 560 1063 576 α.
1088 547 1177 574 1521.
1198 547 1372 575 varietatem
1385 542 1603 581 adnotabimus.
1623 556 1787 581 veterarum
1805 556 1904 581 autem
1924 552 2014 580 huius
2038 552 2146 580 aetatis

142 581 325 617 Edrtronum,
339 586 450 633 quippe
469 596 546 623 quae
565 597 663 625 aeque
682 599 716 617 ac
736 589 784 617 illa
805 590 898 621 Basil.
920 601 958 619 ex
976 587 1169 620 Editionibus
1188 587 1249 616 illis
1268 589 1364 617 tribus
1383 595 1670 632 VVitebergensibus
1690 595 1727 623 ab
1753 596 1819 633 ipso
1839 599 1959 623 auctore
1980 595 2089 623 curatis
2103 603 2146 621 re-

142 634 236 673 cusae
258 629 333 675 sunt.
348 627 430 663 (vnde
449 628 579 657 tabulam
598 640 689 668 supra
708 641 734 669 p.
756 634 790 660 71
811 643 878 670 sqq.
899 632 1108 671 propositam)·
1134 631 1308 658 varietatem
1329 638 1511 665 omittemus.
1558 636 1720 665 Praeterea
1739 638 1947 665 annotationes
1966 635 2147 674 marginales

142 665 258 715 illarum
276 666 368 696 Ed1tt.
394 672 424 697 et
443 679 559 699 errores
582 675 717 711 typogr..
749 675 798 712 qui
826 676 854 702 in
873 675 929 703 Ed.
948 676 1062 704 Witeb.
1089 682 1114 699 a·
1137 671 1212 700 15⁹2]
1245 676 1342 700 OCtOD-
1364 683 1536 707 occurrunt.
1569 680 1596 707 in
1615 680 1748 716 margine
1772 679 1911 707 interiore
1929 679 2147 707 adscribemus.

142 707 315 746 Scrlpturae
329 719 434 738 sacrae
456 711 541 740 locos
560 714 597 741 ab
616 718 738 743 auctore
763 715 795 745 in
815 716 872 745 hoc
890 716 966 745 libro
985 718 1093 747 allatos
1112 714 1282 742 accuratius
1303 715 1330 742 i¹¹
1359 722 1434 759 ipsis
1455 721 1603 749 contextis
1624 710 1779 759 designavi
1812 730 1953 749 versuum
1981 723 2045 758 (aut
2069 720 2145 758 capi-

141 752 203 778 tum
222 758 438 789 versuumque)
458 755 589 784 numeris
609 756 779 796 adscriptis,
799 769 876 796 quos
896 760 981 788 uncis
1000 760 1118 789 inclusi-

232 858 249 865 ..
295 816 366 847 lllas
379 824 511 868 ‘quatuor
530 821 639 856 Editt.,
667 833 743 861 quas
772 826 799 853 in
824 827 957 863 margine
984 828 1120 857 infeirore
1140 829 1316 863 afferemus,
1350 831 1457 858 iisdem
1478 831 1627 859 numeris.
1650 831 1699 867 qni
1720 840 1809 867 supra
1831 831 1858 858 in
1878 829 2051 858 Editionum
2071 834 2143 859 cata-

140 855 210 894 logo
231 868 269 899 ns
289 860 431 899 adscripti
451 867 530 896 sunt,
551 865 750 901 signabimus,
772 877 878 906 nempe
897 868 954 897 Ed.
969 870 1084 898 Witeb.
1105 881 1131 899 a.
1149 874 1240 901 1521.
1261 873 1344 900 mah:
1366 872 1426 900 Ed.
1450 876 1475 900 1.
1498 891 1537 893 ζ
1558 871 1614 900 Ed.
1635 873 1751 901 Wifeb-
1767 882 1793 900 a·
1812 873 1900 901 152]—
1922 876 2019 900 ΟΕῘΟΠ-
2040 872 2099 901 Ed·
2115 874 2143 901 ‘2-

140 915 181 919 —
200 898 257 928 Ed.
278 899 375 930 Basil.
397 913 423 930 a.
448 907 557 933 1521.:
578 906 639 934 Ed.
662 910 690 940 3,
711 926 751 929 —
772 908 828 937 Ed.
849 911 977 939 Witteb.
999 922 1118 949 recogn.
1140 924 1165 941 a.
1191 915 1297 942 1522*
1318 914 1379 942 Ed.
1402 917 1430 943 7.

139 1185 225 1224 PH.
259 1184 382 1224 MEL.
417 1184 547 1225 LOCI
580 1184 894 1227 COMMUNES
926 1188 1120 1229 RERUM
1153 1190 1648 1230 THEOLOGICARUM
1681 1191 1781 1231 SEU
1807 1191 2145 1231 HYPOTYPO-

878 1279 968 1320 SES
1001 1280 1415 1322 THEOLOGICAE.

168 1394 212 1429 (ι,
225 1392 267 1432 h.)

215 1489 229 1507 ⁵
337 1489 435 1519 Anno
448 1488 630 1528 superiore,
645 1486 816 1519 Paulinam
831 1487 1015 1529 Epistolam
1025 1509 1028 1530 ,
1038 1500 1123 1530 quae

296 1529 453 1561 Romanis
476 1530 634 1570 inscripta
657 1535 719 1568 est,
751 1532 949 1568 enarraturi,
980 1542 1123 1563 commu-

300 1573 455 1602 nissimos
479 1583 588 1604 rerum
611 1571 872 1612 theologicarum
896 1572 1002 1611 lOCOS‚
1025 1575 1123 1605 adeo-

301 1624 365 1654 que
389 1613 476 1645 illius
499 1614 669 1655 Epistolae
693 1614 892 1656 farraginem
915 1626 978 1648 ceu
1000 1616 1124 1647 metho-

301 1656 374 1687 dica
397 1657 523 1687 ratione
548 1658 756 1698 digessimus.
787 1658 880 1693 Quae
903 1657 1124 1690 lucubratiun-

216 1700 241 1718 ¹⁰
300 1698 394 1738 cula,
418 1700 549 1729 cumsin
572 1699 636 1730 hoc
659 1706 784 1731 tantum
813 1707 904 1731 esset
926 1708 1060 1742 parata,
1090 1708 1125 1732 ut

299 1742 457 1774 Paulinae
481 1741 709 1782 disputationis
733 1750 961 1783 argumentum
983 1747 1034 1774 καὶ
1047 1745 1125 1782 ἔλεγ-

299 1800 350 1827 χον
381 1795 477 1826 quam
514 1785 727 1825 pinguissime
763 1785 802 1814 iis
833 1786 1011 1824 indicaret,
1042 1796 1125 1826 quos

299 1829 448 1870 privatim
472 1827 684 1863 docebamuS,
707 1832 816 1857 tamen
840 1829 953 1858 nescio
970 1839 990 1858 a
1007 1829 1125 1868 quibus

300 1871 449 1913 evulgari
479 1872 565 1911 cepit
580 1873 622 1909 ¹),
653 1881 792 1911 quorum
820 1870 915 1908 mihi,
939 1872 1125 1911 quicunque

217 1917 242 1935 ¹⁵
300 1916 431 1945 tandem
445 1913 877 1954 publicaverunt,1studium
891 1914 1008 1954 magis,
1029 1924 1126 1954 quam

300 1958 455 1988 iudicium
463 1957 632 1997 probatur,
640 1966 759 1996 nempe
768 1957 853 1996 quod
862 1957 906 1986 ita
914 1957 1126 1996 scripsissem

301 2006 337 2031 ut
359 2001 431 2030 sine
461 1998 555 2029 Pauli
589 1997 756 2039 Epistola,
790 2008 856 2029 non
884 1999 964 2028 satis
988 1997 1125 2039 intelligi

301 2047 434 2083 posset,
465 2042 542 2081 quid
573 2042 605 2070 in
628 2047 697 2071 toto
721 2051 822 2081 opere
845 2046 980 2071 secutus
1004 2051 1125 2071 essem.

301 2085 413 2121 Nunc,
437 2085 513 2124 quia
534 2082 611 2113 mihi
633 2094 699 2113 non
723 2089 774 2113 est
796 2084 829 2114 in
847 2094 945 2114 manu
966 2082 1126 2120 libellum,

216 2129 246 2147 '²⁰
302 2137 404 2167 prope
426 2124 703 2166 modumffpublici
726 2126 804 2156 iuris
827 2124 949 2156 factum
964 2135 1126 2165 premere,

306 2170 411 2199 visum
436 2173 486 2200 est
498 2177 743 2208 recognoscere
758 2178 797 2198 ac
821 2169 882 2198 sub
906 2169 1058 2198 incudem
1076 2178 1126 2198 re-

304 2221 438 2247 vocare,
462 2211 694 2241 desiderabant
711 2211 796 2240 enim
818 2209 977 2250 pleraque
992 2221 1127 2241 accura-

305 2254 421 2284 tiorem
436 2253 698 2292 disputationem,
715 2251 874 2293 pleraque
888 2254 995 2290 etiam,
1006 2251 1126 2283 limam.

205 2298 264 2327 λθ·
305 2295 422 2332 Porro,
436 2305 440 2316 ¹
456 2295 544 2336 quod
567 2295 609 2325 ad
624 2296 806 2335 argumenti
819 2305 978 2326 summam
1001 2296 1128 2331 attinet,

306 2338 489 2368 indicantur
512 2336 566 2367 hic
589 2336 795 2367 Christianae
819 2336 1011 2377 disciplinae
1034 2347 1128 2377 prae-

307 2381 391 2420 cipui
414 2379 490 2416 loci,
513 2385 548 2409 ut
570 2378 731 2420 intelligat
741 2381 768 2416 2)
792 2381 957 2417 iuventuS,
992 2385 1025 2410 et
1044 2388 1129 2419 quae

182 2508 208 2538 1)
228 2507 304 2537 cepit]
323 2507 364 2532 Ed.
387 2509 406 2531 1.
426 2507 513 2537 coepit.

177 2558 206 2588 2)
225 2558 253 2582 ut
271 2557 407 2587 intelligat]
426 2557 468 2581 Ed.
488 2558 510 2581 7.
531 2557 598 2582 unde
617 2559 762 2586 cognoscat.

207 2615 325 2634 ΜΕιΑΝτιι.
340 2614 406 2634 orm.
420 2614 470 2634 voi..
485 2615 533 2635 ω.

330 1391 467 1422 IUXTA
489 1391 561 1423 Plo
585 1392 735 1429 ATQUE
759 1394 954 1426 ERUDITO
977 1395 1084 1427 VIRO
1108 1395 1150 1427 D.
1174 1396 1406 1428 TILOMANO
1430 1397 1718 1430 PLETTENERO
1742 1397 1809 1429 PH.
1833 1397 1911 1429 Mel.
1937 1398 1971 1429 S.

1168 1491 1233 1520 sint
1255 1491 1288 1520 in
1312 1491 1482 1530 scripturis
1506 1491 1712 1531 potissimum
1728 1492 1937 1531 requirenda,
1962 1497 1994 1522 et

1169 1531 1386 1573 quainyfoede
1420 1532 1611 1563 hallucinati
1642 1533 1707 1563 sint
1735 1535 1857 1573 ubique
1895 1534 1928 1563 in
1959 1543 1996 1563 re
2071 1536 2083 1553 ⁵

1168 1574 1360 1615 theologica
1391 1576 1445 1615 qui
1476 1576 1571 1605 nobis
1600 1586 1661 1615 pro
1691 1574 1813 1606 Christi
1845 1575 1994 1606 doctrina

1169 1616 1400 1647 Aristotelicas
1420 1618 1566 1658 argutias
1581 1618 1768 1657 prodidere.
1792 1616 1897 1647 Parce
1912 1627 1993 1648 vero

1169 1670 1209 1689 ac
1222 1660 1367 1690 breviter
1380 1661 1488 1690 omnia
1500 1666 1690 1697 tractamus,
1704 1660 1791 1700 quod
1804 1660 1920 1690 indicis
1928 1670 1993 1690 ma-

1169 1701 1234 1742 gis,
1258 1712 1354 1741 quam
1379 1703 1600 1732 commentarii
1626 1703 1697 1732 vice
1720 1701 1895 1742 fungimur,
1919 1702 1994 1732 dum

1169 1743 1462 1785 nomenclaturam)
1473 1750 1597 1774 tantum
1620 1743 1757 1775 facimus
1774 1743 1934 1781 locorum,
1952 1744 1994 1774 ad
2068 1747 2092 1763 ¹⁰

1171 1796 1253 1827 quos
1278 1785 1380 1815 veluti
1404 1787 1632 1816 divertendum
1656 1792 1707 1816 est
1731 1787 1852 1816 erranti
1875 1796 1935 1826 per
1949 1786 1994 1815 di·

1170 1830 1245 1859 vina
1277 1827 1461 1865 volumina,
1494 1829 1568 1858 dum
1598 1829 1711 1868 paucis
1735 1833 1859 1858 tantum
1882 1829 1994 1858 verbis

1170 1881 1340 1902 monemus
1365 1881 1382 1900 e
1407 1871 1524 1910 quibus
1548 1880 1674 1901 summa
1702 1869 1908 1900 Christianae
1938 1870 1994 1899 do-

1171 1914 1295 1944 ctrinae
1319 1913 1469 1953 pendeat.
1499 1912 1573 1942 Non
1596 1911 1660 1942 hoc
1676 1922 1751 1952 agO,
1767 1918 1803 1943 ut
1818 1913 1859 1943 ad
1876 1913 1994 1942 obscu—

1170 1965 1224 1986 ras
1239 1954 1380 1995 aliquas
1397 1961 1429 1985 et
1445 1955 1615 1994 impeditas
1631 1955 1869 1995 disputationes
1882 1965 1902 1984 a
1914 1955 1993 1984 scri·
2067 1958 2092 1976 ¹⁵

1170 1998 1273 2038 pruris
1305 2007 1442 2028 avocem
1471 1997 1656 2034 studiosos,
1687 1997 1747 2026 sed
1770 2002 1823 2034 ut,
1852 1997 1879 2026 si
1910 2005 1994 2036 quos

1171 2050 1299 2081 queam,
1323 2040 1364 2070 ad
1388 2040 1569 2079 scripturas
1592 2040 1735 2069 invitem.
1767 2039 1850 2069 Nam
1872 2040 1902 2069 in
1925 2039 1995 2068 uni—

1172 2092 1307 2113 versum
1330 2092 1394 2111 non
1412 2082 1587 2111 admodum
1603 2090 1729 2121 aequus
1745 2091 1817 2111 sum
1833 2090 1995 2111 commen-

1171 2126 1273 2161 tariis,
1297 2134 1338 2154 ne
1362 2130 1511 2155 veterum
1534 2124 1676 2164 quidem,
1693 2128 1817 2153 tantum
1833 2124 1938 2160 abest,
1960 2128 1996 2152 ut

1170 2166 1336 2197 ulloimeo
1360 2165 1510 2207 longiore
1535 2167 1660 2206 scripto
1689 2164 1787 2195 velim
1811 2175 1997 2206 quenquam
2065 2172 2094 2189 ¹2⁰

1171 2220 1192 2240 a
1204 2210 1383 2239 canonicae
1392 2209 1574 2248 scripturae
1584 2208 1693 2238 studio
1703 2206 1883 2237 retrahere.
1896 2207 1995 2237 Immo

1172 2251 1252 2282 nihil
1275 2251 1412 2291 perinde
1436 2251 1586 2290 optarim,
1608 2256 1707 2289 atque
1739 2249 1766 2279 si
1790 2248 1861 2279 fieri
1879 2249 1997 2288 possit,

1173 2293 1378 2324 Christianos
1408 2293 1532 2323 omneis
1563 2293 1595 2322 in
1625 2290 1706 2321 solis
1736 2291 1852 2321 divinis
1892 2290 1996 2321 literis

1172 2336 1338 2366 liberrime
1352 2336 1490 2371 versari,
1505 2340 1537 2364 et
1551 2335 1583 2364 in
1598 2332 1727 2364 illarum
1741 2332 1883 2363 indolem
1898 2331 1997 2373 plane
2035 2340 2071 2368 (⁶2,
2081 2339 2116 2365 a.)

1174 2376 1409 2408 transformari.
1455 2377 1538 2407 Nam
1567 2386 1640 2406 cum
1671 2377 1702 2406 in
1734 2374 1798 2405 illis
1822 2373 1997 2405 absolutis·
2046 2373 2106 2402 ·2‚b.

1175 2421 1289 2451 simam
1312 2420 1362 2449 sui
1393 2419 1567 2458 imaginem
1598 2418 1801 2458 expresserit
1832 2417 1997 2453 divinitas,

1175 2473 1242 2492 non
1265 2460 1387 2502 poterit
1409 2459 1541 2490 aliunde
1555 2482 1563 2497 ,
1587 2470 1694 2500 neque
1718 2460 1859 2495 certius,
1889 2467 1996 2498 neque

1176 2504 1310 2545 propius
1335 2503 1502 2543 cognosci.
1548 2500 1685 2532 Fallitur
1701 2502 1849 2541 quisquis
1866 2499 1997 2530 aliunde

1178 2545 1407 2577 christianismi
1421 2543 1558 2574 formam
1570 2544 1662 2584 petit,
1675 2556 1678 2585 Ι
1689 2553 1785 2584 quarn
1803 2553 1821 2572 e
1839 2543 2001 2582 scriptura

1829 2603 1844 2625 6

2074 2542 2088 2560 5
