2358 2933
111 117 175 148 545

113 211 195 241 stica
215 218 327 250 opera,
350 214 381 238 et
400 217 418 237 e
437 207 575 247 regione
593 205 647 237 vel
670 206 825 236 damnant
847 203 901 235 vel
928 210 1016 235 certe
1040 205 1094 234 de-

113 251 257 282 formant
280 248 448 291 politicam
469 250 581 286 vitam,
605 254 635 279 et
653 248 847 288 perturbant
870 247 1094 278 conscientias

114 304 238 331 eorum,
261 293 316 334 qui
338 293 370 322 in
392 290 457 321 hac
480 290 567 321 civili
590 291 656 321 vita
680 295 866 320 versantur.

199 335 339 365 Omnino
362 331 538 374 peculiaris
559 332 724 374 quaedam
743 338 773 362 et
793 332 892 372 digna
906 330 1093 361 Christiano

114 378 276 420 sapientia
294 382 356 413 est,
378 374 561 416 intelligere
581 376 770 405 ‹lio-nitatem
790 373 887 404 huius
912 374 1093 404 communis

114 427 146 452 et
169 419 274 450 civilis
297 419 394 452 vitae,
423 424 454 448 et
476 418 560 448 haec
584 400 695 447 officia
718 415 816 456 longe
839 414 1005 446 anteferre
1027 426 1094 446 mo-

112 462 248 494 nasticis
272 461 446 501 operibus,
475 459 629 496 Primum,
654 458 739 493 Quia
761 457 883 488 habent
906 458 1095 488 mandatum

113 505 175 536 Dei
195 510 225 534 et
245 503 468 538 vocationem
492 502 658 537 Secundo,
683 500 767 535 Quia
786 506 861 531 sunt
885 498 995 530 officia
1019 499 1095 530 cha-

113 547 230 583 ritatiS,
253 551 329 576 sunt
353 546 437 575 enim
457 544 619 575 destinata
637 543 679 573 ad
699 553 904 573 communem
923 541 1094 572 utilitatem

113 589 291 619 hominum.
326 587 448 624 Tertio,
475 585 559 621 Quia
577 591 654 615 sunt
671 585 813 615 obnoxia
834 583 989 624 periculis
1007 595 1094 614 com-

113 631 266 662 munibus
279 636 309 660 et
322 630 428 665 cruci3
441 629 515 659 ideo
528 627 651 658 habent
665 628 817 657 exercitia
830 628 916 657 fidei.
951 626 1095 656 Econtra

114 673 319 704 monasticae
332 671 539 702 ceremoniae
553 680 619 700 non
631 670 756 700 habent
768 670 955 700 mandatum
964 669 1027 699 Dei
1040 674 1093 699 aut

114 715 340 751 vocationem,
373 723 474 753 quare
499 718 575 742 sunt
598 711 731 742 inutiles
755 711 873 742 cultus.
899 711 991 741 quta
1014 710 1095 741 illud

115 756 245 796 [Matth.
272 756 322 793 15,
345 755 398 793 9]:
427 754 565 786 Frustra
595 753 705 785 colunt
733 764 784 784 me
807 754 970 784 mandatis
992 752 1095 783 homi-

114 809 191 830 num
214 804 275 829 etc.
320 797 451 828 Deinde
474 797 548 837 quia
563 798 608 837 ⁴¹)
633 807 698 827 non
722 797 861 833 docent,
891 806 959 826 non
982 796 1093 826 iuvant

114 840 210 878 alios,
228 840 289 870 sed
301 839 453 870 fruuntur
464 840 664 870 suaw‘ssimo
677 839 755 869 otio.
788 838 961 869 Postremo
974 836 1096 868 nullam

115 884 277 914 sustinent
316 888 444 922 partem
480 882 697 912 communium
731 879 961 922 periculorum.
1018 880 1095 910 Ideo

114 925 216 967 longe
250 924 463 955 anteferenda
494 930 545 954 est
572 923 656 954 haec
687 924 868 954 communis
899 933 960 954 seu
990 921 1094 953 civilis

115 969 183 999 vita
211 967 404 998 monasticis
435 967 640 997 ceremoniis,
685 965 776 996 Haec
799 964 972 1006 diligenter
994 964 1096 995 incul-

116 1009 222 1041 canda
256 1015 330 1039 sunt
363 1009 497 1045 animis,
533 1014 566 1038 ut
596 1018 689 1039 suam
720 1009 858 1048 quisque
889 1008 1096 1037 vocationem

116 1053 220 1083 discat
247 1050 448 1091 intelligere,
482 1056 513 1080 et
550 1051 633 1080 sciat
670 1060 740 1080 eam
773 1049 908 1089 placere
936 1049 1029 1085 Deo,
1065 1055 1095 1079 et

115 1099 251 1135 propter
269 1092 406 1134 gloriam
418 1092 481 1123 Dei
494 1092 623 1122 studeat
637 1102 708 1122 eam
726 1102 858 1129 ornare,
879 1101 941 1122 nec
960 1096 1097 1132 quaerat

115 1142 171 1167 aut
194 1136 352 1176 suspiciat
376 1133 439 1166 alia
463 1144 581 1174 opera,
610 1144 694 1175 quae
718 1135 871 1165 videntur
892 1135 998 1175 magis
1023 1143 1095 1173 spe-

114 1179 225 1214 ciosa;
259 1178 343 1208 sicut
377 1176 500 1217 alioqui
533 1176 683 1207 homines
711 1175 904 1207 naturaliter
938 1177 1096 1206 mirantur

115 1220 317 1262 hypocrisim
331 1221 377 1258 42)
401 1225 432 1249 et
454 1218 640 1259 peculiares
665 1219 881 1249 ceremonias.

201 1262 313 1293 Tertia
325 1260 464 1302 Regula.
506 1260 703 1291 Christianis
726 1260 801 1291 licet
824 1262 1040 1302 magistratus
1064 1266 1095 1290 et

115 1305 250 1345 imperia
268 1310 394 1341 tenere,
412 1304 532 1334 iudicia
551 1313 717 1340 exercere,
735 1313 862 1344 poenas
883 1303 1095 1340 constituere,

114 1347 203 1378 iuxta
225 1351 421 1386 praesentes
444 1344 536 1386 leges
560 1352 591 1376 et
615 1356 737 1383 mores,
761 1345 907 1386 legitima
931 1343 1018 1376 bella
1041 1355 1095 1386 ge-

114 1399 201 1426 rere,
220 1387 370 1425 militare,
389 1387 597 1425 contrahere,
618 1398 738 1426 emere,
755 1388 910 1426 vendere,
927 1389 1095 1429 proprium

116 1438 243 1468 tenere,
278 1440 440 1461 accusare
469 1436 500 1460 et
529 1431 734 1471 respondere
763 1431 795 1461 in
825 1431 961 1468 iudicio,
996 1440 1095 1471 agere

115 1474 280 1514 propriam
315 1471 368 1503 vel
402 1472 541 1503 alienam
577 1483 711 1503 causam
746 1479 808 1503 etc.
860 1473 953 1504 Haec
988 1472 1095 1503 civilia

116 1514 227 1546 officia
259 1516 366 1545 onmia
394 1514 529 1546 fanatici
558 1516 692 1556 spiritus
715 1516 913 1546 interdicunt
937 1515 1095 1546 Christia-

115 1559 177 1588 nis.
224 1557 383 1594 Primlun,
407 1558 481 1598 quia
506 1568 571 1587 non
596 1556 780 1598 intelligunt
804 1558 1026 1588 Christianam
1048 1559 1095 1588 iu-

116 1600 236 1630 stitiam
256 1609 332 1629 esse
351 1598 565 1639 spiritualem,
589 1601 649 1630 sed
666 1599 792 1641 fingunt
809 1610 880 1631 eain
900 1610 976 1631 esse
994 1611 1094 1641 quan-

117 1643 192 1673 dam
214 1652 333 1672 novam
356 1648 522 1672 externam
546 1648 577 1672 et
601 1643 807 1673 barbaricam
829 1641 984 1684 politiam.
1029 1642 1094 1673 De-

115 1685 192 1715 inde
214 1694 281 1715 non
304 1690 424 1715 norunt
448 1690 656 1725 praesentem
682 1684 831 1725 politiam
856 1685 1094 1716 ordinationem

117 1732 150 1757 et
172 1736 255 1767 opus
278 1726 341 1756 Dei
364 1736 455 1760 esse,
479 1727 538 1756 sed
562 1727 705 1757 iudicant
730 1737 806 1757 esse
829 1728 991 1768 quandam
1014 1728 1095 1757 iniu—

116 1775 200 1799 stam
228 1769 310 1805 vim,
333 1775 456 1799 tantum
482 1774 585 1799 ortam
608 1769 651 1799 ab
675 1768 841 1800 hominum
863 1770 1041 1800 ambitione
1064 1775 1095 1799 et

117 1811 366 1851 cupiditatibus3
396 1812 481 1842 sicut
510 1817 541 1841 et
564 1811 749 1842 Manichaei
773 1812 937 1852 quondam
962 1812 1095 1842 (lamna-

116 1854 197 1884 bant
225 1863 279 1883 res
307 1852 480 1893 politicaS,
509 1864 593 1894 quos
621 1853 723 1895 longa
754 1855 974 1894 disputatione
1000 1864 1095 1895 prae-

117 1894 207 1927 clare
220 1898 266 1936 43)
294 1894 413 1926 refellit
442 1896 610 1926 irenaeus.
661 1896 707 1926 Ita
740 1897 771 1926 in
802 1907 866 1927 una
896 1907 932 1927 re
960 1895 1095 1927 fanatici

116 1938 250 1978 spiritus
284 1937 455 1979 dupliciter
489 1943 614 1969 errant:
654 1937 906 1970 Transformant
939 1940 1094 1970 iustitiam

116 1979 318 2021 spiritualem
347 1982 379 2011 in
409 1987 576 2012 externam
600 1980 761 2022 politiam;
791 1982 908 2012 deinde
938 1992 991 2012 res
1015 1980 1095 2021 poli-

115 2023 198 2054 ticas
221 2023 366 2053 iudicant
389 2033 464 2054 esse
486 2025 641 2054 iniustam
665 2025 741 2054 vim.

203 2064 286 2099 Quia
310 2072 418 2096 autem
441 2076 541 2106 supra
566 2067 781 2104 ostendimus,
805 2067 881 2107 quid
900 2067 941 2096 sit
958 2077 1094 2107 regnum

118 2105 257 2145 Christi,
289 2118 349 2138 seu
372 2109 459 2148 quod
482 2109 604 2139 iustitia
628 2108 813 2139 Christiana
838 2110 880 2139 sit
903 2108 1094 2149 spiritualis,

117 2150 264 2180 dicemus
288 2149 341 2180 hic
365 2156 488 2181 tantum
513 2151 554 2181 de
575 2152 759 2191 posteriore
782 2151 869 2182 loeo.

115 2190 362 2223 fundamentum
390 2191 508 2223 harum
534 2193 738 2234 regularum,
773 2204 856 2235 quas
887 2195 1094 2232 tradidimus,

116 2236 204 2275 quod
215 2234 432 2276 Magistratus
457 2245 516 2266 seu
537 2235 650 2276 politia
672 2246 733 2267 seu
754 2237 892 2277 imperia
916 2238 980 2267 sint
1005 2238 1092 2268 bona

117 2283 266 2308 creatura
291 2277 370 2314 Dei,
402 2283 435 2307 et
461 2288 515 2307 res
538 2288 603 2308 non
627 2277 735 2309 solum
757 2280 940 2319 permissae
962 2290 981 2310 a
1006 2279 1092 2317 Deo,

116 2319 176 2350 sed
199 2321 402 2360 approbatae
425 2321 527 2351 verbo
541 2320 604 2351 Dei
628 2327 659 2351 et
681 2321 849 2352 institutae
869 2321 984 2359 aDe0‚
1009 2332 1093 2362 quae

115 2438 161 2469 4¹)
181 2438 248 2469 quia]
270 2439 306 2463 sic
324 2439 395 2463 Editt.
415 2439 436 2463 7.
456 2440 478 2464 8.
499 2440 605 2464 11-14.
625 2443 650 2464 et
664 2440 738 2470 Uim-z
756 2440 828 2465 Editt.
841 2442 862 2463 1.
877 2442 900 2464 2.
917 2441 991 2464 4—6.
1008 2441 1031 2464 9.
1052 2442 1093 2472 qui

115 2488 160 2519 42)
179 2489 348 2519 hypocrysim]
366 2490 438 2514 Editt.
458 2490 480 2515 7.
501 2491 522 2515 8.
544 2491 648 2514 11—14.
668 2492 693 2514 et
712 2491 784 2520 Opp.:
803 2491 945 2521 hypocrisin

115 2539 160 2569 43)
179 2539 321 2570 praeclare]
342 2540 385 2564 Ed.
408 2541 444 2564 ii.
464 2542 489 2564 et
508 2540 581 2571 Opp.:
601 2541 734 2571 praeclara

265 2597 384 2617 mmm
399 2597 466 2618 ormi.
480 2598 530 2617 voi..
544 2598 596 2618 xxi.

557 113 580 144 I.
604 111 705 144 LOCI
728 111 1004 144 THEOLOGICI:
1029 111 1064 143 C.
1088 111 1299 143 SECUNDA
1321 110 1480 143 EORUM
1502 111 1658 142 AETAS.

913 2151 974 2181 Est
998 2152 1095 2193 igitur
1115 2150 1116 2155 ¹

2050 111 2114 142 546

1139 211 1169 235 et
1193 215 1292 245 opere
1315 204 1425 246 aliquo
1450 205 1512 236 Dei
1535 205 1706 236 ordinatae
1728 210 1817 240 sunt,
1845 209 1876 234 et
1898 214 1917 233 a
1941 203 2014 234 Deo
2040 214 2115 235 con-

1138 254 1330 283 servantum
1371 249 1455 278 sicut
1495 257 1595 287 opere
1628 246 1692 276 Dei
1727 246 1866 276 ordinati
1901 252 1976 276 sunt
2008 253 2116 277 motus

1139 288 1304 319 coelestes
1328 295 1358 319 et
1380 300 1400 320 a
1422 289 1496 320 Deo
1521 295 1772 319 conservantur.
1802 288 1892 319 Haec
1917 294 1965 318 est
1988 295 2116 318 senten-

1137 333 1180 362 tia
1204 330 1297 362 Pauli
1320 331 1415 362 Rom.
1442 331 1492 362 13.
1517 342 1590 362 cuni
1614 332 1731 372 inquit:
1757 334 1819 367 [vs.
1845 331 1886 368 1.]
1918 330 2116 368 potestates,

1138 383 1223 414 quae
1251 380 1344 411 sunt,
1378 384 1397 404 a
1426 373 1499 404 Deo
1530 374 1698 404 ordinatae
1725 379 1811 403 siunt.
1857 373 1937 403 Item
1968 376 2029 409 [vs.
2055 373 2116 411 24:

1138 415 1200 450 Qui
1225 416 1349 446 resistit
1371 417 1538 456 potestati,
1560 415 1625 445 Dei
1649 415 1845 446 ordinationi
1866 415 2002 446 resistit.
2038 415 2117 446 Item

1139 461 1202 496 [VS.
1227 458 1289 497 4.]:
1317 458 1381 488 Dei
1405 459 1552 488 minister
1575 463 1634 487 est.
1681 457 1768 487 Idem
1793 467 1892 498 saepe
1915 456 1997 488 alias
2021 457 2117 488 docet

1137 501 1309 540 scriptura.
1333 499 1453 530 Daniel
1476 499 1564 530 clare
1586 500 1687 540 inquit
1720 499 1861 537 [2‚21.j:
1897 499 1991 530 Deus
2013 506 2117 530 trans-

1138 541 1200 572 fert
1235 552 1338 583 regna
1373 548 1404 572 et
1438 542 1615 573 constituit.
1672 540 1794 571 Psalm.
1825 542 1890 579 181,
1919 542 1962 580 6.]
1998 542 2116 582 inquit:

1137 584 1210 625 Ego
1235 585 1316 620 dixi,
1340 584 1393 614 Dii
1418 586 1513 622 estis,
1536 585 1569 614 id
1593 589 1658 620 est,
1687 589 1840 625 gerentes
1865 583 2010 615 officium
2034 584 2117 614 ordi-

1138 633 1249 657 natum
1279 632 1310 656 et.
1338 628 1523 657 mandatum
1553 637 1573 656 a
1596 626 1680 656 Deo.
1718 626 1748 655 ἱ).
1772 625 1880 656 Paral.
1905 626 1957 656 20.
1983 626 2048 663 [19‚
2071 626 2116 665 6.]

1137 669 1211 699 Non
1239 668 1380 699 hominis
1412 670 1573 699 exercetis
1602 669 1775 705 iudicium,
1806 669 1866 699 sed
1888 667 2032 699 Domini.
2076 667 2118 698 Et

1139 711 1305 751 Sapientia
1329 712 1418 751 apud
1441 710 1652 741 Salomonem
1668 712 1711 747 ⁴⁴)
1735 711 1836 751 inquit
1862 710 2018 747 [Pi-oxus,
2037 710 2117 748 15.]:

1138 753 1203 784 Per
1236 763 1287 783 me
1325 763 1424 794 reges
1458 760 1610 794 regnant.
1662 752 1703 782 Et
1738 752 1837 783 Prov.
1871 753 1920 783 16.
1964 756 2026 790 [vs.
2053 753 2116 790 11.]

1139 795 1239 826 Libra
1264 802 1295 826 et
1318 796 1449 836 pondus
1472 796 1590 826 iudicia
1616 795 1747 825 Domini
1770 802 1855 825 sunt.

1224 838 1295 869 Hae
1319 839 1500 869 sententiae
1524 847 1638 869 01111185
1661 843 1825 868 testantur
1846 837 2062 879 Magistratus
2086 844 2117 868 et

1139 879 1290 921 politicas
1321 881 1544 912 ordinationes
1574 891 1639 910 non
1672 881 1720 909 sic
1751 890 1769 909 a
1800 880 1873 910 Deo
1905 890 1999 917 esse,
2033 881 2118 910 sicut

1139 923 1281 963 permitti
1304 922 1390 953 mala
1415 924 1581 960 dicuntur,
1604 923 1665 953 sed
1689 923 1808 953 docent
1822 924 1867 956 ⁴5)
1898 922 2040 963 positive
2063 932 2118 952 res

1140 975 1227 1002 esse,
1252 975 1334 1005 quas
1354 965 1448 995 Deus
1471 964 1582 1006 aliquo
1607 975 1668 995 suo
1693 974 1793 1005 opere
1816 964 1995 995 efficaciter
2018 971 2050 995 et
2073 965 2119 995 in—

1139 1008 1241 1038 stituit
1265 1014 1295 1037 et
1320 1015 1495 1038 conservat
1520 1014 1551 1038 et
1574 1008 1677 1038 verbo
1701 1008 1873 1047 approbat.
1911 1006 1994 1037 Sunt
2019 1008 2119 1049 igitur

1140 1051 1247 1080 bonae
1271 1056 1443 1081 creaturae
1466 1050 1544 1087 Dei,
1573 1051 1657 1080 sicut
1680 1048 1811 1090 fruges,
1840 1051 1949 1080 vinum
1972 1055 2033 1080 etc.
2078 1049 2119 1080 Et

1140 1092 1233 1122 Deus
1258 1102 1323 1121 non
1347 1091 1456 1123 solum
1479 1093 1528 1123 sic
1552 1093 1746 1123 iudicandus
1771 1099 1820 1122 est
1844 1098 1939 1122 autor
1963 1098 2039 1122 esse
2061 1093 2118 1122 im-

1138 1135 1277 1174 piorum,
1292 1136 1336 1171 ⁴⁰]
1367 1136 1441 1174 quia
1473 1141 1522 1165 est
1547 1135 1697 1165 conditor
1718 1134 1882 1164 humanae
1906 1135 2058 1172 rationis,
2089 1140 2119 1165 et

1140 1177 1227 1206 dedit
1252 1177 1281 1206 ei
1304 1175 1424 1213 lumen,
1449 1188 1514 1217 quo
1538 1178 1696 1207 discernit
1715 1177 1799 1207 iusta
1819 1183 1849 1207 et
1868 1177 1989 1214 inusta,
2013 1183 2044 1207 et
2063 1186 2118 1207 res

1139 1217 1290 1259 politicas
1326 1219 1464 1249 ordinat.
1518 1219 1713 1260 Quanquam
1743 1220 1827 1249 enini
1858 1219 1940 1249 haec
1972 1229 2038 1250 non
2069 1225 2119 1249 est

1139 1260 1408 1301 reprehendenda
1438 1262 1539 1299 ratio,
1574 1268 1682 1292 tamen
1712 1262 1897 1292 addendum
1929 1267 1996 1298 est,
2030 1262 2119 1302 quod

1139 1303 1230 1334 Deus
1262 1314 1340 1334 vere
1368 1315 1429 1335 suo
1465 1303 1573 1344 aliquo
1603 1314 1705 1344 opere
1735 1310 1866 1335 moveat
1897 1310 1928 1334 et
1957 1305 2118 1345 gubernet

1138 1352 1266 1377 mentes
1296 1347 1550 1387 magistratuum
1579 1348 1610 1377 in
1640 1346 1785 1377 ferendis
1815 1347 1910 1377 iustis
1933 1346 2064 1388 legibus
2088 1353 2119 1377 et

1137 1390 1339 1419 necessariis
1364 1390 1464 1419 rebus
1488 1390 1657 1430 gerendis,
1682 1396 1712 1420 et
1736 1390 1869 1430 imperia
1893 1395 2069 1420 conservet
2087 1390 2119 1420 in

1138 1432 1269 1462 mundo.
1313 1432 1397 1462 Nam
1424 1431 1566 1462 humana
1595 1433 1678 1463 ratio
1708 1430 1811 1463 multo
1840 1431 2035 1463 imbecillior
2058 1439 2119 1469 est,

1139 1484 1238 1515 quam
1271 1481 1306 1504 ut
1339 1481 1455 1515 posset
1491 1485 1692 1506 conservare
1730 1485 1784 1505 res
1817 1472 1970 1514 politicas
2005 1480 2119 1505 eontra

1138 1522 1259 1547 tantam
1294 1516 1425 1548 Diaboli
1460 1518 1653 1557 potentiam,
1696 1518 1749 1558 qui
1789 1517 1951 1557 dissipare
1986 1518 2119 1558 imperia

1140 1564 1294 1594 conatur:
1318 1559 1408 1597 Item,
1433 1565 1548 1590 contra
1565 1559 1709 1591 infinitas
1726 1559 1894 1590 hominum
1911 1560 2118 1601 cupiditates,

1138 1603 1200 1632 nisi
1216 1602 1495 1643 retine1·entur⁴⁷)
1520 1601 1640 1633 auxilio
1653 1602 1726 1633 Dei.
1763 1602 1840 1633 Ideo
1859 1601 1979 1633 Daniel
1998 1603 2119 1633 diserte

1138 1645 1198 1674 ait:
1224 1642 1399 1675 Constituit
1423 1645 1572 1685 imperia,
1596 1646 1627 1675 id
1651 1651 1718 1676 est:
1741 1645 1842 1682 Facit,
1866 1651 1899 1675 ut
1924 1646 2119 1683 consistant,

1138 1693 1173 1716 ut
1203 1687 1337 1724 durent,
1366 1694 1400 1717 ut
1430 1694 1670 1719 conserventur
1697 1694 1758 1719 etc.
1804 1687 1844 1717 Et
1874 1686 1996 1718 Psalm.
2023 1695 2069 1719 127
2080 1694 2117 1725 4ὶῖ)

1140 1728 1226 1765 1126,
1242 1729 1282 1767 1.]
1308 1729 1378 1759 Nisi
1403 1730 1595 1760 custodierit
1617 1730 1779 1761 Dominus
1794 1731 1841 1769 ⁴9)
1867 1730 2032 1761 civitatem
2056 1736 2118 1762 etc.

1224 1771 1316 1801 Haec
1346 1772 1443 1812 igitur
1472 1778 1522 1802 est
1550 1773 1690 1814 insignis
1714 1779 1746 1803 et
1768 1783 1888 1813 magna
1910 1771 1984 1803 laus
2009 1784 2119 1804 rermn

1138 1813 1357 1854 politicarum,
1382 1815 1470 1855 quod
1494 1825 1571 1845 vere
1595 1817 1658 1845 sint
1683 1825 1784 1855 opera
1806 1821 1837 1846 et
1861 1815 2022 1846 beneficia
2035 1815 2115 1851 Dei;

1139 1856 1240 1897 quue
1257 1863 1288 1886 et
1308 1857 1500 1897 scripturae,
1521 1868 1602 1898 quas
1622 1858 1770 1895 recitavi,
1789 1863 1954 1888 testantur
1967 1864 1998 1888 et
2017 1857 2118 1889 multa

1139 1900 1234 1940 signa
1272 1900 1462 1931 ostendunt.
1512 1900 1652 1931 Constat
1685 1901 1769 1930 enim
1803 1900 1985 1931 homicidas
2019 1901 2117 1931 etiam

1140 1942 1215 1972 dum
1251 1941 1336 1972 elabi
1371 1948 1546 1980 conantur,
1587 1949 1695 1973 tamen
1722 1943 1883 1973 divinitus
1918 1943 2040 1974 retrahi
2074 1944 2116 1974 ad

1139 1983 1310 2024 supplicia,
1334 1990 1364 2014 et
1389 1986 1556 2016 rarissime
1580 1985 1734 2026 effugere.
1777 1985 1869 2016 Sicut
1891 1984 2116 2016 Ecclesiastes

1138 2027 1240 2068 inquit
1253 2038 1325 2067 cap.
1335 2027 1365 2058 S.
1381 2030 1442 2064 [vs.
1450 2027 1494 2067 8.]
1508 2028 1628 2069 Impius
1641 2039 1706 2059 non
1714 2034 1822 2068 potest
1831 2029 1973 2059 evadere
1986 2030 2017 2058 in
2031 2026 2116 2059 bello

1139 2076 1200 2100 etc.
1235 2069 1379 2111 Tyranni
1403 2080 1589 2111 quanquam
1615 2071 1759 2111 potentia
1784 2081 1843 2101 sua
1866 2071 2018 2102 ridentur
2041 2081 2117 2101 esse

1138 2113 1207 2150 tuti,
1231 2118 1341 2142 tamen
1366 2113 1518 2143 divinitus
1542 2115 1712 2154 rapiuntur
1736 2114 1778 2143 ad
1800 2123 1951 2153 poenam,
1976 2114 2059 2144 adeo
2084 2120 2116 2144 ut

1139 2161 1269 2186 constet
1294 2154 1480 2185 rarissimos
1499 2154 1616 2193 fuisse,
1641 2157 1694 2197 qui
1718 2166 1783 2186 non
1808 2156 1958 2187 dederint
1980 2166 2115 2197 poenas.

1135 2258 1180 2288 44)
1200 2257 1374 2288 Salomonem]
1395 2258 1438 2283 Ed.
1462 2260 1482 2283 1.
1501 2259 1663 2284 solomonem

1137 2310 1182 2335 45)
1201 2308 1303 2338 docent]
1322 2308 1392 2333 Editt.
1416 2310 1453 2333 12.
1477 2311 1514 2334 13.
1533 2316 1620 2334 errore
1640 2312 1708 2339 tur:
1724 2310 1797 2334 docet

1136 2360 1182 2387 46)
1202 2359 1375 2390 imperiorum]
1398 2360 1469 2384 Editt.
1490 2362 1513 2384 ⁶2.
1534 2362 1557 2385 6.
1578 2362 1598 2384 Τ.
1622 2361 1657 2384 14.
1676 2362 1724 2389 typ,
1743 2367 1844 2385 errore:
1863 2361 1996 2391 impiorum

1137 2410 1182 2438 47)
1202 2410 1384 2441 retinerentur]
1406 2410 1449 2435 Ed.
1472 2411 1509 2434 11.
1531 2411 1625 2440 mmm.
1646 2416 1746 2436 errore:
1765 2411 1921 2436 retineretur

1137 2461 1182 2490 48)
1206 2461 1259 2484 127.
1279 2459 1395 2484 addunt
1414 2462 1456 2485 liti.
1480 2462 1517 2484 11.
1538 2463 1562 2485 et
1582 2461 1640 2491 Opp.

1137 2510 1182 2540 49)
1203 2511 1353 2569 cusiodi‘eri'tt
1368 2512 1499 2542 Dominus]
1524 2512 1596 2536 Editt.
1616 2512 1638 2535 7,
1659 2514 1681 2536 8.
1705 2514 1824 2537 11—14.
1851 2516 1875 2537 et
1897 2514 1968 2544 opo:
1993 2514 2113 2538 Dominus

1206 2550 1250 2569 cus
1263 2550 1277 2569 ο
1297 2551 1342 2570 ieri

1927 2599 1959 2623 35
