2358 2933
253 111 314 142 671

341 204 426 234 loan-
462 203 491 234 3.
517 206 578 242 [vs.
603 204 647 242 5.]
679 204 746 233 Nisi
781 204 854 244 quis
890 210 1024 234 renatus
1060 202 1154 234 suerit
1190 214 1230 234 ex

254 257 339 287 aqna
359 254 388 276 et
415 247 547 286 spiritu.
577 256 640 276 non
664 252 770 286 potest
796 246 916 276 intrare
941 247 970 275 in
996 256 1132 286 regumn
1158 246 1228 277 Dei.

254 289 334 319 snm
370 289 554 318 neccssaria
591 289 630 318 sit
669 289 891 327 regeneratio.
926 286 1133 318 manifestum
1168 296 1230 325 est,

255 338 397 360 veterem
423 338 570 360 naturam
595 340 682 360 ream
708 338 737 360 et
758 331 952 361 innnnndatn
978 340 1064 360 esse.

340 373 510 402 Addantnr
533 380 561 402 et
587 371 823 412 Prophetarum
849 373 953 409 dicta,
977 371 1064 402 Psal.
1088 371 1140 402 50.
1166 375 1228 408 ivs.

253 416 295 451 λι
322 415 409 445 Ecce
432 416 464 444 in
488 415 709 455 iniquitatibus
734 421 912 454 conceptus
937 425 1020 451 sum,
1045 420 1076 444 et
1099 415 1131 444 in
1154 424 1229 455 pec-

253 458 334 487 catis
359 457 508 496 concepit
533 467 584 487 me
608 463 711 488 mater
740 467 821 487 mea.
868 455 1027 497 Deplorat
1056 457 1140 487 enim
1164 467 1229 487 non

252 501 363 530 matris
397 506 582 539 peccatum,
618 499 677 529 sed
711 510 816 529 suum.
860 498 932 540 Ego
968 500 1011 529 ita
1046 506 1228 539 conceptus

252 552 334 578 sum,
358 549 391 572 nt
418 542 537 572 statim.
563 552 634 571 cum
659 540 818 572 fonnarer
842 542 872 572 in
893 551 965 571 mea
988 551 1110 578 massa,
1134 552 1173 571 ac
1196 542 1227 571 in

251 594 301 614 1116.
332 585 459 624 ipso⁴³)
493 582 585 614 suerit
621 592 813 624 peccatum,
847 584 877 614 id
920 590 988 620 est,
1022 594 1087 614 non
1117 590 1227 614 reatus

251 633 384 663 tantum,
410 626 469 656 sed
492 637 619 656 mecum
643 637 784 656 nascens
807 627 940 656 aversio
964 625 1069 656 aDeo
1083 632 1113 656 et
1126 636 1227 666 prava

250 667 427 699 inclinatio.
472 668 626 699 Testatur
660 679 761 709 ergo,
794 669 825 698 in
850 668 1033 699 homiuibus
1056 675 1226 709 peccatum

251 722 337 742 esse.
362 711 450 752 quod
474 717 649 741 nascentes
673 721 784 742 secum
808 710 957 742 afferunt.

337 754 418 785 Gen.
437 754 467 784 S.
493 757 554 791 ivs.
573 754 637 791 :214
667 752 832 795 Cogitatio
851 752 981 783 humani
1006 751 1117 783 cordis
1140 750 1226 782 mala

251 806 299 830 est
329 809 346 828 a
372 797 519 837 pucritia.
566 794 717 826 Affirmat
746 805 810 825 non
839 802 965 826 tantum
989 795 1226 825 consuetudine

250 842 378 872 accersi
409 838 547 876 delicta,
577 838 636 868 sed
660 838 692 868 in
715 839 788 878 ipso
813 838 913 868 corde
936 838 1128 877 pravitatem
1151 846 1226 866 esse

249 883 437 914 haerentem
469 883 501 911 in
529 882 638 921 pueris
661 881 724 910 iam
747 881 969 911 nascentibus.
1016 879 1098 909 Nam
1122 880 1224 909 verba

251 933 326 957 sunt
350 925 451 963 magis
476 922 615 954 illustria
639 923 669 952 in
686 923 848 953 Hebraica
870 920 1027 952 lectione:
1052 921 1224 961 Opificiuiu

248 968 380 999 hnmani
405 968 526 1004 cordis,
551 976 609 996 seu
622 965 758 1003 πλάσμα,
782 975 842 996 seu
856 963 1038 1001 fabricatio,
1063 970 1112 994 est
1127 962 1223 1003 mala,

250 1012 281 1041 id
305 1018 367 1047 est,
390 1020 497 1040 massa
522 1010 594 1049 ipsa
618 1008 728 1038 cordis
752 1013 908 1047 corrupta
929 1013 985 1038 aut
1003 1012 1092 1037 certe
1109 1015 1224 1037 omnes

250 1060 358 1083 motus
388 1063 445 1082 seu
475 1053 631 1092 impetuS,
667 1061 728 1081 seu
757 1049 847 1091 ὁρμαὶ
874 1049 906 1080 111
936 1050 1036 1080 corde
1064 1055 1140 1080 sunt
1170 1058 1224 1079 res

251 1095 369 1130 malae,
392 1095 423 1125 id
447 1101 507 1131 est,
530 1103 669 1124 aversae
691 1104 710 1123 a
730 1090 815 1123 Deo.

337 1137 392 1168 Sic
417 1144 445 1167 et
461 1135 610 1167 Psalmus
635 1135 700 1172 1⁴24,
714 1136 756 1173 7.l
780 1141 919 1175 peccata
933 1135 1109 1165 iuventutis
1125 1139 1225 1164 vocat

251 1186 354 1211 totam
372 1179 461 1210 illam
486 1178 617 1216 molem,
642 1189 738 1219 quani
753 1178 845 1218 pueri
859 1183 1035 1207 nascentes
1047 1175 1223 1212 afferimus,

250 1221 423 1263 caliginem
451 1223 483 1252 in
506 1228 631 1258 mente,
662 1221 871 1251 aversionem
905 1230 922 1250 a
946 1219 1020 1250 Deo
1054 1219 1087 1249 in
1111 1217 1224 1248 volun-

250 1271 315 1295 tate
339 1272 371 1295 et
395 1265 633 1295 contumavimn
658 1263 777 1295 cordis.

335 1305 448 1338 lei-em.
465 1307 511 1338 17.
528 1310 590 1344 [vs.
604 1306 646 1343 9.1
672 1305 868 1336 Perversum
891 1311 941 1335 est
964 1303 1141 1335 humanum
1165 1312 1224 1334 cor

250 1364 349 1395 super
379 1351 487 1383 onmia
517 1356 546 1380 et
576 1350 731 1380 miserum
761 1354 792 1378 et
826 1345 1059 1383 inscrutabile,
1097 1346 1128 1376 id
1163 1350 1224 1381 est,

249 1407 402 1428 aversum
416 1394 522 1425 aDeo
546 1399 577 1423 et
598 1391 731 1433 plenum
755 1389 915 1427 dolorum,
940 1390 994 1430 qui
1017 1388 1092 1419 inde
1115 1388 1223 1418 oriun-

249 1446 320 1470 tur.
362 1437 449 1478 quod
488 1435 650 1467 humanae
683 1440 808 1465 mentes
842 1434 997 1474 ignorant
1032 1437 1063 1461 et
1096 1429 1224 1502 fugiunt

249 1481 372 1516 Deum3
396 1490 480 1520 quae
499 1477 586 1509 mala
604 1484 725 1518 quanta
745 1477 822 1513 sint,
845 1484 940 1505 nemo
960 1474 1042 1504 satis
1060 1474 1127 1504 inte
1155 1473 1223 1514 igit.

337 1522 426 1553 Haec
453 1522 541 1552 dicta
565 1520 753 1556 ostendunt,
777 1527 962 1559 congruere
985 1515 1224 1556 Prophetarum

250 1572 281 1596 et
305 1563 543 1605 Apostolorum
568 1563 665 1593 dicta.
701 1562 768 1592 Sed
790 1561 936 1592 brevitas
959 1560 1055 1600 quasi
1077 1563 1224 1599 praeter-

250 1607 341 1639 volat
363 1616 460 1638 aures
484 1606 666 1642 hominum,
690 1604 885 1645 praesertim
910 1613 983 1632 eum
1006 1602 1038 1632 in
1060 1600 1124 1632 hac
1149 1598 1225 1631 cali-

250 1653 325 1693 gine
353 1657 467 1681 nostra
495 1656 526 1679 et
549 1648 727 1679 securitate
749 1657 815 1677 non
840 1646 1008 1676 videamus
1032 1643 1225 1684 magnitudi-

250 1704 323 1724 nem
347 1699 481 1723 nostrae
505 1691 669 1728 miseriae,
692 1689 841 1720 homines
853 1688 960 1724 otiosi,
985 1687 1064 1717 ebrii
1078 1685 1225 1725 volupta-

250 1737 336 1766 tibus
361 1742 415 1766 aut
446 1733 520 1765 elati
552 1733 670 1775 gloria,
699 1731 815 1762 leviter
848 1736 963 1761 curant
992 1730 1073 1760 iram
1100 1728 1164 1759 Dei
1193 1732 1225 1758 et

250 1779 311 1808 sibi
335 1778 395 1817 ipsi
421 1776 625 1808 blandientes
650 1780 826 1805 extenuant
849 1773 932 1804 haec
966 1770 1069 1808 mala,
1099 1771 1225 1801 dubita-

249 1821 356 1850 tiones
365 1820 405 1850 de
415 1819 498 1857 Deo,
510 1816 831 1861 neglectionemDei,
844 1816 996 1847 fiduciam
1004 1823 1085 1845 suae
1097 1814 1226 1854 sapien-

248 1863 311 1893 tiae
339 1873 378 1892 ac
409 1863 590 1902 potentiae,
625 1860 829 1901 snperbiam,
858 1858 1065 1889 ambitionem
1089 1862 1121 1886 et
1143 1854 1225 1886 alias

250 1904 398 1937 flammas
416 1905 637 1946 cupiditatum.
666 1903 745 1933 ldeo
765 1901 827 1932 hae
846 1902 966 1932 breves
980 1900 1158 1930 conciones
1171 1908 1226 1938 pa—

248 1958 320 1981 Tum
333 1954 465 1979 movent
478 1948 618 1983 animos,
631 1955 715 1986 quae
728 1951 835 1975 tamen
845 1944 1034 1975 universam
1045 1942 1227 1984 doctrinam

251 1994 291 2024 de
300 1998 436 2032 peccato
451 1996 482 2020 et
495 1990 535 2020 de
549 1988 679 2020 caussis
690 1987 904 2017 humanarum
919 1979 1139 2016 calamitatuni
1151 1993 1227 2014 con-

252 2037 364 2065 tinent.
393 2033 476 2063 Nam
501 2038 595 2062 vetus
619 2030 759 2061 docendi
784 2028 988 2059 consuetudo
1012 2026 1082 2067 fuit,
1106 2026 1226 2056 talibus

252 2077 408 2107 brevibus
440 2074 611 2105 sententiis
639 2079 794 2113 tanquam
825 2071 953 2113 gnomis
984 2069 1152 2100 includere
1181 2069 1227 2098 in-

252 2120 364 2161 signes
389 2117 549 2149 articulos
572 2116 752 2152 doctrinae,
772 2123 853 2155 quas
877 2112 1028 2143 Ecclesia
1055 2113 1146 2152 11149)
1171 2111 1227 2141 1111-

252 2161 386 2192 nisterio
411 2158 580 2200 Evangelii
612 2157 768 2188 evolvere
799 2163 830 2187 et
854 2154 1020 2196 explicare
1050 2155 1164 2191 debet,
1193 2158 1227 2183 ut

254 2203 365 2244 aliquo
388 2203 484 2233 modo
509 2201 659 2232 ostendat
676 2198 920 2241 amplitudinem
944 2208 1064 2235 rerum,
1088 2206 1172 2238 quae
1195 2196 1227 2225 in

254 2247 300 2277 eis
315 2246 532 2276 continentur.
568 2244 657 2274 Sicut
673 2244 773 2273 breve
785 2243 905 2272 dictum
919 2246 970 2271 est
990 2239 1083 2277 [Gen.
1100 2240 1131 2276 3,
1146 2238 1226 2276 15.1:

254 2288 373 2319 Semen
401 2286 544 2317 mulieris
576 2284 786 2317 conculcabit
816 2289 913 2324 caput
943 2283 1115 2322 serpentiS.
1161 2280 1228 2311 Sed

254 2329 408 2360 Ecclesia
433 2328 601 2370 explicans
624 2328 712 2359 videt
736 2326 844 2367 aliquo
867 2326 984 2363 modo,
1012 2330 1151 2365 quantas
1174 2333 1228 2353 res

255 2373 430 2403 contineat.
465 2371 512 2401 lta
535 2378 567 2401 et
589 2371 629 2401 de
652 2369 715 2401 hoc
738 2368 888 2406 articulo,
912 2368 952 2398 de
975 2373 1114 2407 peccato
1134 2372 1163 2396 et
1188 2366 1228 2396 de

255 2467 301 2496 48)
321 2472 350 2490 ac
369 2467 393 2490 in
413 2471 452 2489 me
474 2465 539 2495 ipso]
558 2464 629 2489 Editt.
649 2465 672 2488 2.
692 2466 715 2488 6.
737 2465 758 2488 7.
776 2465 801 2487 9.
824 2464 861 2487 12.
881 2469 910 2487 ac
929 2468 968 2487 me
988 2462 1042 2492 ipso

255 2518 300 2545 49)
319 2517 342 2574 iln
362 2516 439 2574 {best
457 2516 492 2541 ab
510 2515 580 2540 Editt.
600 2516 622 2539 Β.
647 2516 683 2538 to.
707 2516 744 2538 11.
767 2515 795 2539 13
817 2527 847 2530 —
868 2514 923 2543 34.,
944 2513 1018 2543 Com.
1036 2514 1044 2537 1
1068 2525 1098 2529 —
1119 2512 1150 2538 8..
1169 2511 1227 2541 opp.

879 111 992 143 PfflL.
1016 111 1120 142 MEL.
1143 110 1329 142 SCR1P'1‘A
1351 111 1628 144 DOGMATICA.

2180 115 2244 146 672

1275 205 1405 234 caussis
1429 203 1650 234 calamitatum
1674 204 1887 236 humanarum
1910 206 2048 236 traditae
2070 214 2145 237 sunt
2163 207 2243 238 mul-

1250 246 1253 248 *
1275 252 1326 276 tae
1351 247 1469 276 breves
1493 247 1617 285 γνῶμαι,
1642 257 1724 287 quae
1748 257 1905 278 summam
1923 249 2140 279 eruditissime
2157 260 2243 280 com-

1272 287 1391 328 plexae
1415 294 1501 325 sunt,
1524 288 1556 317 in
1580 289 1697 328 quibus
1719 291 1894 320 verborum
1917 291 2102 331 proprietas
2120 298 2149 321 et
2165 301 2243 332 pon-

1273 331 1351 360 dera
1376 329 1547 371 diligenter
1571 332 1831 362 considerentur.

1360 372 1517 412 Expende
1547 383 1686 412 quaeso,
1717 384 1813 414 quam
1844 380 1918 415 apte
1948 381 2131 415 congruant
2159 375 2243 406 lere-

1251 414 1355 445 }miae
1378 421 1406 445 et
1429 414 1521 445 Pauli
1545 416 1631 445 dicta
1655 415 1760 452 [Rom.
1778 416 1810 453 8,
1830 417 1888 454 7.Ι;
1913 416 2040 447 Sensus
2066 419 2174 448 carnis
2197 419 2243 448 in-

1270 456 1402 487 imicitia
1436 463 1487 487 est
1521 457 1682 487 adversus
1710 458 1835 493 Deum3
1871 469 1944 489 nam
1972 459 2053 499 Legi
2081 459 2143 490 Dei
2176 470 2242 490 uon

1251 498 1437 536 {subditum
1472 510 1533 529 1166
1568 506 1677 538 potest
1712 501 1815 531 subdi.
1867 500 1970 531 Plana
2004 508 2036 531 et
2067 503 2243 542 perspicua

1271 542 1433 571 sententia
1463 548 1529 578 est,
1557 552 1642 582 quae
1671 541 1813 573 affirmat
1843 545 1873 573 in
1903 543 2033 573 homine
2056 553 2133 574 esse
2156 545 2242 575 etin

1272 581 1335 613 hac
1369 583 1499 613 mortali
1529 586 1595 614 vita
1629 594 1762 615 manere
1797 586 1948 625 quiddam
1982 585 2154 626 negligens
2188 592 2243 617 aut

1270 623 1401 666 fugiens
1414 625 1520 656 Deum
1544 632 1575 655 et
1597 627 1746 657 irascens
1770 628 1810 665 ci,
1835 634 1866 658 et
1889 629 1976 668 quod
1994 628 2138 659 vicissim
2151 628 2242 658 Deus

1270 668 1451 707 improbat,
1481 678 1522 698 ac
1550 666 1731 699 declaratio
1760 670 1869 700 addita
1899 676 1959 700 est.
2004 670 2093 700 Haec
2116 669 2242 701 infirma

1270 715 1399 746 natura,
1423 710 1535 749 inquit,
1559 720 1624 740 non
1647 717 1757 749 potest
1773 713 1888 742 subiici
1904 711 2055 753 legiDei,
2079 723 2242 752 nunquam

1270 752 1299 781 ei
1323 749 1496 788 satisfacit,
1521 762 1652 791 semper
1668 752 1802 793 languet
1818 755 2030 792 dubitatione,
2053 755 2242 791 securitate,

1270 791 1449 823 diffidentia
1467 799 1498 823 et
1517 794 1615 824 variis
1632 794 1769 825 flammis
1786 797 2007 835 cupiditatum.
2037 797 2123 832 Quid
2134 802 2243 836 potest

1269 842 1377 866 autem
1398 836 1522 866 tristius
1541 836 1616 875 dici,
1641 846 1736 876 quam
1755 838 1786 867 in
1804 837 1935 869 homine
1952 849 2028 869 esse
2047 839 2242 869 inimicitiam

1268 879 1430 908 adversus
1452 877 1580 908 Deum?
1624 878 1691 909 Sed
1720 878 1806 910 hanc
1817 881 1860 915 ⁵⁰)
1890 880 2007 920 sepelit
2029 881 2061 911 in
2084 881 2243 912 credenti·

1270 921 1330 950 bus
1359 919 1522 951 Mediator
1548 919 1711 951 Dominus
1743 928 1856 952 noster
1885 923 1976 953 lesus
2007 922 2173 960 Christus,
2207 928 2242 954 ut

1268 972 1328 992 suo
1347 960 1423 992 loco
1448 963 1581 992 dicetur.
1618 962 1693 993 Non
1707 969 1815 1003 potest
1829 966 1939 995 verbis
1955 964 2110 1006 explicari
2129 964 2241 1005 ampli-

1268 1005 1346 1035 tudo
1372 1005 1448 1035 dicti
1460 1004 1599 1035 Paulini.
1635 1004 1702 1035 Sed
1726 1007 1881 1047 cogitatio
1904 1008 2102 1045 immoretur,
2125 1013 2157 1038 et
2178 1016 2240 1038 nos

1268 1048 1360 1088 ipsos
1384 1048 1579 1084 intueamur,
1601 1057 1824 1088 agnoscamus
1840 1055 1873 1079 et
1886 1049 2094 1090 deploremus
2106 1055 2241 1080 nostras

1268 1090 1387 1120 sordes
1411 1095 1442 1119 et
1466 1099 1662 1130 quaeramus
1686 1089 1901 1132 Evangelium
1925 1093 1964 1123 de
1987 1092 2177 1123 Mediatore.

1354 1132 1449 1162 Nunc
1479 1131 1633 1162 conseras
1663 1132 1784 1163 dictum
1814 1133 1969 1165 Ieremiae
1993 1135 2058 1172 117,
2080 1134 2140 1172 9.]:
2164 1133 2241 1165 Per·

1268 1184 1402 1205 versum
1426 1180 1478 1204 est
1500 1185 1558 1205 cor
1581 1173 1720 1205 hominis
1740 1185 1840 1215 super
1856 1178 1964 1207 omnia
1981 1182 2011 1207 et
2030 1177 2187 1207 miserum
2209 1181 2242 1207 et

1268 1215 1489 1247 inscrutabile.
1531 1216 1676 1246 Primum
1698 1219 1882 1249 nominatur
1900 1229 2101 1259 perversum,
2123 1219 2156 1249 id
2176 1223 2241 1255 est,

1268 1268 1423 1289 aversum
1445 1269 1464 1289 a
1488 1258 1574 1289 Deo.
1609 1258 1681 1289 Hoc
1703 1270 1842 1299 prorsus
1866 1271 1939 1291 cum
1957 1260 2059 1292 Paulo
2076 1260 2241 1302 congruit,

1268 1303 1322 1342 qui
1352 1301 1411 1338 ait,
1447 1311 1505 1331 cor
1536 1310 1611 1331 esse
1645 1301 1807 1332 inimicum
1841 1302 1925 1333 Deo.
1976 1303 2059 1334 Nam
2087 1312 2241 1334 aversum

1268 1353 1355 1381 esse,
1379 1350 1431 1373 est
1454 1354 1519 1373 non
1544 1344 1613 1384 regi
1636 1342 1712 1374 luce
1733 1343 1811 1381 Dei,
1837 1346 1951 1375 vexari
1974 1345 2241 1382 dubitationibus,

1268 1396 1334 1416 non
1357 1396 1544 1426 agnoscere
1566 1386 1645 1415 iram
1669 1391 1701 1416 et
1724 1387 1996 1425 misericordiam,
2029 1397 2095 1418 non
2117 1386 2241 1418 habere

1269 1430 1415 1459 timorem
1438 1427 1516 1465 Dei,
1547 1427 1698 1458 fiduciam
1722 1434 1753 1458 et
1775 1427 2000 1467 dilectionem,
2022 1439 2132 1460 amare
2154 1438 2241 1465 sese,

1269 1470 1427 1502 delectari
1450 1477 1483 1501 et
1506 1469 1673 1501 confidere
1696 1476 1812 1501 nostra
1831 1472 2001 1511 sapientia,
2025 1472 2151 1512 fingere
2173 1471 2241 1512 opi-

1268 1515 1385 1544 niones
1410 1513 1450 1543 de
1473 1512 1546 1543 Deo
1570 1518 1600 1542 et
1623 1511 1747 1543 habere
1769 1513 1908 1554 impetus
1932 1524 2057 1555 vagos,
2087 1515 2240 1544 aberran-

1270 1562 1320 1587 tes
1344 1565 1363 1585 a
1382 1555 1473 1596 Lege
1495 1555 1573 1592 Dei,
1597 1555 1821 1594 ambitionem,
1845 1557 2056 1597 cupiditatem
2077 1556 2242 1587 vindictae

1270 1604 1302 1629 et
1331 1597 1415 1628 alias
1445 1597 1604 1628 flammas.
1656 1596 1785 1628 Deinde
1819 1598 2005 1629 defectuum
2032 1608 2158 1639 poenae
2187 1597 2242 1628 de-

1270 1641 1470 1678 scribuntur,
1495 1651 1567 1671 cum
1590 1640 1648 1670 ait:
1672 1639 1830 1671 Miserum
1853 1651 1913 1672 seu
1928 1640 2062 1682 plenum
2080 1639 2241 1672 dolorum.

1271 1683 1337 1714 Cor
1360 1681 1534 1723 spoliatum
1556 1682 1631 1713 luce
1655 1688 1687 1712 et
1714 1682 1941 1714 consolatione
1966 1683 2029 1714 Dei
2051 1683 2243 1724 opprimitur

1271 1725 1453 1763 doloribuS,
1484 1725 1733 1765 desperatione,
1756 1726 1920 1756 moestitia
1943 1732 2087 1756 aeterna.
2132 1724 2168 1754 ln
2189 1724 2241 1755 his

1270 1769 1385 1810 poenis
1414 1766 1569 1808 implicita
1597 1774 1673 1798 sunt
1702 1766 1805 1798 multa
1827 1767 1994 1799 horribilia
2022 1773 2178 1809 peccata,
2209 1772 2243 1797 ‘et

1271 1818 1395 1842 tantum
1419 1818 1469 1841 est
1492 1809 1579 1847 mali,
1601 1816 1635 1840 ut
1658 1820 1677 1840 a
1700 1811 1795 1840 nobis
1818 1817 1874 1841 aut
1896 1809 1968 1841 aliis
1993 1810 2151 1841 creaturis
2175 1819 2242 1840 non

1270 1855 1350 1885 satis
1374 1851 1510 1894 intelligi
1533 1852 1722 1892 magnitudo
1746 1853 1862 1892 possit.

1356 1896 1480 1926 Eadem
1499 1900 1550 1925 est
1567 1895 1728 1925 sententia
1748 1895 1823 1925 dicti
1839 1894 1906 1932 [Ps.
1922 1894 2064 1933 115‚2.]:
2087 1893 2159 1935 Ego
2174 1893 2241 1924 dixi

1270 1941 1302 1970 in
1320 1948 1461 1969 excessu
1474 1947 1560 1975 meo,
1580 1937 1611 1967 id
1630 1942 1690 1974 est,
1709 1937 1741 1966 in
1760 1937 2023 1967 consternatione
2043 1946 2099 1966 seu
2119 1945 2242 1976 pavore

1270 1993 1354 2019 meo,
1368 1981 1481 2011 Omnis
1493 1979 1590 2010 homo
1604 1979 1744 2009 mendax
1757 1985 1818 2017 est,
1832 1981 1877 2019 ⁵¹)
1894 1979 1926 2009 id
1939 1985 2000 2016 est,
2022 1989 2095 2009 cum
2109 1978 2241 2008 territus

1272 2035 1343 2055 sum
1366 2023 1531 2064 agnitione
1556 2032 1699 2052 mearum
1723 2022 1868 2052 sordium
1889 2028 1920 2051 et
1937 2022 2004 2051 irae
2023 2020 2098 2058 Dei,
2121 2021 2242 2062 agnovi

1272 2077 1384 2098 omnes
1408 2065 1556 2095 homines
1580 2073 1656 2094 esse
1679 2064 1872 2101 mendaces,
1906 2064 1938 2093 id
1961 2069 2027 2100 est,
2063 2073 2128 2093 non
2152 2068 2242 2093 recte

1272 2111 1312 2140 de
1334 2109 1408 2140 Deo
1432 2108 1570 2143 sentire,
1605 2106 1754 2136 dubitare
1784 2106 1824 2136 de
1846 2105 1938 2143 Deo,
1971 2115 2033 2136 nec
2058 2105 2139 2136 iram
2162 2105 2241 2136 satis

1272 2158 1427 2188 metuere,
1451 2160 1511 2180 nec
1535 2149 1616 2179 satis
1641 2147 1806 2179 confidere
1828 2148 2083 2179 misericordiae.

1356 2192 1521 2224 Recensui
1562 2191 1747 2222 testimonia
1787 2197 1819 2221 et
1852 2192 1972 2222 breves
2006 2189 2242 2230 explicationes

1272 2238 1381 2278 attigi,
1415 2241 1450 2267 ut
1480 2232 1792 2265 commonefacerem
1819 2233 1992 2271 lectorem,
2025 2242 2066 2263 ne
2092 2231 2179 2263 eludi
2202 2242 2241 2262 ea

1271 2286 1406 2321 propter
1429 2278 1623 2308 brevitatem
1646 2277 1740 2314 sinat,
1764 2276 1823 2306 sed
1847 2276 1984 2306 retineat
2007 2274 2187 2315 simplicem
2209 2279 2242 2305 et

1272 2325 1414 2353 nativam
1443 2321 1637 2351 sententiam
1659 2320 1822 2350 adversus
1845 2317 2045 2359 Pelagianos
2069 2323 2100 2348 et
2121 2315 2242 2347 multos

1273 2364 1356 2396 alios
1380 2363 1471 2394 leves
1496 2363 1637 2403 spiritus.
1668 2360 1837 2403 Pelagiani
1855 2361 2042 2391 universam
2062 2359 2242 2390 doctrinam

1250 2481 1253 2530 ξ
1273 2494 1319 2523 50)
1338 2491 1411 2523 nanc]
1434 2491 1506 2516 Editt.
1527 2492 1566 2515 22.
1585 2491 1625 2514 24.
1644 2489 1691 2519 28„
1710 2489 1770 2519 opp.
1791 2489 1811 2512 ι.
1831 2489 1853 2512 2.
1874 2488 1937 2512 naec

1251 2546 1253 2555 ¹
1273 2545 1318 2573 51)
1337 2546 1384 2567 est.
1398 2542 1481 2572 prius
1499 2541 1577 2566 abest
1593 2540 1628 2565 (ιὰ
1645 2539 1716 2564 Editt.
1734 2539 1757 2562 2.
1777 2539 1868 2561 4—12.
