2358 2933
217 116 277 147 407

304 207 361 237 m:
387 205 639 237 mscleM]
664 203 1020 235 PRAECEPTORUM
1049 203 1104 234 ET

545 254 858 286 coNanoRUM.

304 333 440 367 Quidum
476 332 633 361 tinxerunt
669 332 700 360 in
730 327 910 369 Evangelio
945 327 1083 358 consilia
1114 338 1189 359 esse

219 376 258 405 dc
283 385 346 405 non
372 373 583 409 vindicando,
611 373 652 401 de
684 378 890 411 paupertate,
922 370 961 400 de
992 370 1188 411 virginitate,

218 425 245 447 et
283 417 411 456 quidem
444 421 556 454 putant
593 415 623 443 in
658 412 838 453 Evangelio
872 413 982 443 doceri
1015 411 1079 442 1106
1113 412 1188 449 fine,

219 459 303 499 quod
327 458 407 488 haec
438 466 535 496 opera
558 456 661 496 magis
684 462 869 486 mereantur
891 452 1189 485 reconciliationem

219 510 259 529 ,ψιι
279 505 397 529 satutem.
409 504 444 529 ω)
465 508 560 538 quam
572 497 635 528 alia
648 508 757 537 opera.
783 497 910 528 Deinde
924 497 1049 537 tingunt
1065 500 1188 527 etiamss)

219 541 300 571 liner
320 551 418 580 opera
437 539 671 580 perfectionem
690 549 776 570 esse.
812 540 879 570 Sed
896 539 978 569 11366
999 544 1074 568 sunt
1093 535 1191 577 plena

218 594 363 614 errorum
387 590 415 612 et
442 583 718 622 superstitionum.
763 581 837 612 Una
861 588 908 612 est
933 580 986 611 lex
1009 579 1084 616 Dei,
1107 587 1191 619 quae

219 625 294 657 nihil
331 625 391 655 nisi
426 631 599 665 praecepta
635 625 788 654 continet.
845 623 884 654 Et
919 622 1040 654 Christi
1075 621 1190 651 concio

220 667 333 699 Matth.
357 667 387 697 Γ).
411 665 493 707 legis
517 667 739 708 interpretatio
769 673 830 696 est.
876 665 1028 696 Christus
1052 664 1136 694 enim
1159 663 1191 693 id

219 711 296 751 agit.
318 717 352 740 ut
377 710 527 739 ostendat
553 710 584 739 in
608 708 682 750 lege
701 709 820 748 requiri
839 707 1019 748 perfectam
1037 706 1191 736 obedien-

220 754 305 783 tiam.
351 752 460 786 Quare
485 762 556 781 cum
581 752 672 787 odiar.
701 751 1012 791 concupiscentiam,
1036 748 1191 788 cupidita-

220 803 283 825 tem
313 794 475 824 findit-me.
503 793 670 834 probibet,
700 803 764 823 non
791 791 898 823 adfert
922 791 1083 832 quaedam
1105 799 1192 820 nova

220 836 368 869 consilia,
393 836 452 865 sed
476 836 578 875 ipsam
602 835 708 875 legem
722 835 783 864 Dei
800 835 1030 875 interpretatur
1048 839 1078 862 et
1099 841 1192 872 prae-

220 886 313 919 cepta
337 879 444 907 tradit.
486 878 553 907 Lex
576 878 671 908 enim.
695 883 727 907 ut
741 875 864 907 Paulus
883 877 925 906 ait
951 874 1057 912 [Rom.
1071 874 1102 911 7,
1118 874 1192 911 144,

220 919 397 961 spiritualis
422 926 483 950 est.
506 920 676 950 continens
686 921 730 955 ⁴2)
753 926 860 949 motus
882 915 1082 959 spirituales.
1121 916 1192 946 Etsi

221 964 303 993 enim
341 972 406 991 non
441 971 616 1001 possumus
653 960 719 991 illis
760 966 901 996 praereptis
911 964 949 995 ⁴³)
987 957 1192 995 satisfacere,

221 1013 325 1035 tamen
351 1005 509 1044 cognosci
532 1015 570 1034 en
594 1011 742 1044 oportet,
767 1009 799 1033 ut
822 1003 966 1033 sciamus
989 1001 1085 1031 nobis
1109 1010 1192 1041 opus

221 1057 294 1078 esse
317 1047 558 1077 miseiicordia:
581 1047 668 1082 item,
693 1055 724 1075 111
748 1044 856 1085 aliqua
875 1054 915 1074 ex
932 1049 1026 1084 parte
1043 1043 1192 1083 proficia-

220 1099 301 1120 mus.
335 1088 445 1118 Verba
469 1087 592 1118 Christi
615 1087 704 1118 clare
727 1093 887 1118 testantur
909 1086 994 1116 haec
1017 1091 1192 1125 praecepta

221 1141 308 1167 esse,
332 1131 406 1171 quia
430 1131 550 1161 addunt
575 1140 713 1171 poenam
731 1136 898 1160 aeternam
922 1127 1050 1165 [Matth.
1063 1127 1095 1165 5,
1107 1127 1190 1165 224:

221 1173 282 1208 Qui
304 1173 457 1203 irascitur
479 1171 570 1203 fratri
593 1182 665 1209 suo,
694 1182 770 1203 reus
794 1172 852 1202 erit
876 1170 983 1201 iudicii
1006 1175 1068 1199 etc.
1113 1169 1193 1199 Item

221 1215 308 1252 libid.
332 1224 382 1244 vs·
405 1215 487 1252 284:
530 1215 644 1245 Omnis
674 1215 727 1255 qui
752 1215 838 1245 xidet
862 1211 1028 1243 mulierem
1051 1212 1093 1242 ad
1116 1221 1192 1241 con-

220 1257 451 1298 cupiscendam
475 1267 557 1294 enm,
580 1258 642 1287 iam
662 1255 853 1287 moechatus
876 1261 926 1286 est
949 1256 980 1285 in
1006 1254 1106 1284 corde
1129 1261 1192 1284 etc.
1215 1269 1217 1279 ι

305 1299 427 1330 Postea
455 1298 519 1330 loci
549 1299 589 1329 de
621 1299 763 1329 vindicta
786 1299 882 1328 etiam
905 1303 980 1328 sunt
1004 1302 1193 1336 praecepta,

220 1342 391 1385 prohibent
416 1342 500 1372 enim
522 1341 697 1372 vindictam
719 1342 895 1381 privatam,
924 1339 989 1369 hoc
1013 1343 1081 1376 est,
1105 1338 1193 1378 cupi-

221 1387 353 1417 ditatem
381 1384 555 1421 vindictae,
585 1389 615 1413 et
640 1393 711 1414 eam
733 1382 927 1419 vindictam,
957 1389 1042 1421 quae
1065 1379 1099 1410 fit
1122 1381 1193 1411 sine

220 1428 414 1459 auctoritate
437 1427 661 1468 magistratus.
706 1425 820 1465 Neque
842 1432 922 1454 vero
948 1421 1066 1453 tollunt
1090 1421 1193 1462 publi-

220 1481 292 1501 cam
320 1470 512 1506 vindictam,
546 1478 630 1509 quae
663 1474 834 1498 exercetur
866 1476 926 1507 per
954 1465 1190 1506 magistratum.

221 1513 304 1548 Quia
327 1512 411 1542 enim
433 1516 561 1541 constat
581 1509 763 1551 Evangelio
787 1519 851 1540 non
875 1507 1000 1539 abolem·
1021 1508 1192 1537 1113015113-

222 1564 284 1591 tus,
307 1554 364 1585 sed
388 1552 488 1584 multo
512 1553 615 1593 magis
640 1552 836 1588 confirmari,
859 1558 892 1582 ut
915 1555 1054 1581 testatur
1070 1531 1192 1579 ssaulus

220 1597 314 1628 Rom.
329 1596 379 1627 13.
394 1595 532 1634 [vs.1.];
545 1604 684 1625 11666556
697 1601 746 1625 est
760 1595 792 1624 in
805 1593 869 1624 illis
888 1592 1009 1623 Christi
1023 1592 1192 1622 sententiis
1214 1602 1215 1605 ¹

222 1646 343 1670 tantum
367 1638 530 1679 prohiberi
550 1637 725 1667 vindictam
742 1637 913 1677 privatam.
942 1634 1056 1674 ltaque
1072 1640 1192 1665 utrum—
1214 1650 1215 1657 .

222 1692 284 1722 que
316 1687 526 1722 praeceptum
560 1686 629 1710 est:
668 1678 874 1720 magistratui
908 1677 1124 1718 praecipitur,
1159 1682 1193 1706 ut

222 1730 372 1755 exerceat
398 1722 572 1753 vindictam
596 1722 684 1751 iux‘ta
707 1720 824 1762 legem.
858 1719 1003 1750 Econtra
1022 1729 1041 1748 a
1059 1719 1193 1758 privatis

222 1766 428 1809 prohibetur;
462 1774 503 1794 ne
536 1770 711 1794 exerceant
745 1763 931 1793 vindictam.
983 1761 1066 1791 Vide
1096 1761 1194 1802 igitur

222 1819 318 1851 quam
342 1807 518 1838 absurdum
536 1807 586 1843 sit,
611 1806 698 1846 quod
720 1806 841 1841 dicunt,
865 1802 1002 1835 consilia
1024 1813 1098 1833 esse
1121 1813 1194 1833 sen-

223 1851 339 1882 tentias
363 1850 403 1880 de
426 1849 578 1879 vindicta.
623 1847 706 1878 Nam
733 1849 761 1878 si
785 1846 955 1877 consilium
978 1851 1046 1882 est,
1075 1852 1109 1875 ut
1132 1845 1194 1885 ipsi
1215 1874 1216 1884 ἶ

224 1892 347 1930 volunt,
369 1891 479 1922 licebit
498 1891 648 1931 privatim
666 1900 756 1920 arma
775 1899 892 1929 capere
912 1894 941 1919 et
961 1887 1137 1918 vindictam
1146 1888 1192 1927 ⁴²⁴)
1215 1887 1217 1894 ’

843 113 953 144 PHIL.
977 112 1077 143 MEL.
1101 111 1286 144 SCRlPTA
1308 113 1581 145 DOGMATwA.

224 1944 389 1967 exercere.
439 1933 486 1964 lta
520 1933 626 1963 omnia
662 1938 754 1962 erunt
787 1931 883 1972 plena
916 1930 1128 1967 seditionum,
1163 1936 1194 1960 et

225 1977 300 2008 nihil
330 1986 414 2017 opus
453 1982 501 2005 est
540 1975 794 2015 magistratibus.
840 1974 1005 2009 Econtra‚
1037 1973 1064 2002 si
1095 1971 1216 2012 magi-t

225 2026 346 2051 stratus
369 2018 492 2059 putabit
517 2017 579 2047 sibi
603 2015 774 2047 consilium
792 2017 873 2053 dari,
896 2025 937 2046 116
956 2020 1108 2045 exerceat
1126 2015 1194 2044 vin-
1214 2021 1216 2057 ᾗ

224 2063 352 2097 dictam,
376 2070 440 2090 non
462 2060 572 2100 puniet
595 2066 719 2096 sontes,
742 2062 814 2091 6145)
843 2056 985 2099 negliget
1007 2067 1101 2088 suum
1124 2056 1194 2087 offi-
1214 2060 1215 2070 ¹

225 2105 318 2141 cium,
341 2109 394 2133 aut
419 2108 506 2132 certe
530 2112 595 2132 non
618 2100 713 2132 faciet
738 2102 825 2132 bona
852 2100 1066 2131 conscientia.
1111 2099 1216 2129 Nam-

226 2148 311 2177 bona
341 2154 441 2185 opera
471 2145 588 2174 debent
618 2143 740 2175 habere
770 2144 919 2174 mandata
942 2142 1023 2179 Dei,
1053 2148 1087 2173 ut
1112 2142 1194 2172 scia-

226 2285 270 2310 411)
298 2285 341 2306 aut
360 2281 476 2305 salutern.
496 2278 606 2303 addunt
627 2280 697 2304 Editt.
719 2280 742 2302 8.
765 2280 834 2301 11-
848 2278 885 2302 13.
905 2284 929 2303 et
948 2280 1007 2309 opp.

226 2335 270 2359 41)
298 2332 372 2356 etiam
394 2329 506 2354 addunt
525 2330 595 2354 Editt.
616 2330 637 2355 T.
657 2331 679 2353 8.
702 2330 820 2354 11—14.
838 2333 863 2354 et
881 2330 940 2360 Opp-

227 2384 271 2407 421
295 2380 436 2411 continens}
459 2380 529 2404 Editt.
550 2381 573 2403 8.
596 2380 713 2403 11—13.
733 2384 756 2404 et
776 2381 850 2410 Onu:
869 2380 1001 2411 requirens

228 2435 271 2458 4:31
298 2432 438 2461 praereptis
459 2429 569 2454 addunt
589 2429 661 2453 Editt.
683 2429 705 2451 2.
725 2428 807 2451 6-9,
831 2429 947 2451 11—14.
968 2432 993 2452 et
1011 2430 1069 2458 opp.

228 2485 272 2511 41)
296 2482 441 2511 vindictam]
460 2480 500 2505 Ed.
524 2482 560 2502 11,
579 2480 671 2509 typoth.
690 2485 790 2503 errore:
810 2479 915 2503 vindicta

228 2534 272 2559 45)
297 2537 321 2556 et
341 2530 452 2555 addunt
471 2531 541 2556 Editt.
562 2531 584 2552 ἵ.
606 2531 628 2552 8.
652 2531 678 2551 11
692 2530 768 2552 -14-
788 2534 813 2554 et
832 2530 888 2559 opp.

2143 118 2207 150 4⁰8

1210 207 1213 223 ἵ
1235 213 1306 235 111115
1329 214 1369 234 63
1391 204 1463 235 Deo
1487 204 1634 246 placere,
1663 212 1694 235 et
1725 206 1845 237 fiducia
1871 207 2014 237 mandati
2047 207 2145 239 divini
2167 219 2206 241 ea

1233 246 1459 286 suscipiamus.
1506 247 1614 287 Atque
1642 247 1686 277 ita
1716 247 1851 284 accidit,
1882 247 2002 279 multos
2025 249 2110 280 male
2133 260 2204 282 cru-

1234 288 1330 318 ciavit
1342 289 1543 319 conscientia
1555 290 1587 319 in
1599 289 1858 329 magistratibus,
1878 290 2076 328 dubitantes,
2099 298 2206 323 utrum

1233 328 1298 360 hoc
1320 331 1406 360 vitae
1434 340 1538 371 genus
1561 330 1635 360 Deo
1662 329 1817 370 placeret.
1861 330 2051 363 Reiicienda
2074 339 2126 363 est
2147 335 2206 374 igi·

1235 377 1285 402 tur
1316 371 1398 401 haec
1428 372 1573 402 absurda
1604 379 1635 402 et
1658 372 1815 403 seditiosa
1838 373 1965 412 opinio,
1995 384 2079 414 quae
2109 375 2205 406 docet

1234 412 1406 444 consilium
1429 424 1505 444 esse
1527 414 1568 444 de
1589 414 1742 451 vindicta,
1775 420 1807 444 et
1828 415 2005 454 prudenter
2033 417 2207 448 tenendum

1235 455 1408 486 discrimen
1436 455 1586 496 publicae
1615 463 1645 486 et
1676 456 1823 495 privatae
1850 457 2026 494 vindictae,
2048 464 2083 488 ut
2104 460 2206 499 magi-

1235 503 1357 527 stratus
1391 498 1513 535 sciant,
1542 507 1579 528 se
1600 499 1790 529 necessario
1814 496 1959 530 officium
1980 509 2075 530 suum
2096 498 2206 531 facere

1236 539 1375 575 debere;
1405 540 1480 570 item
1502 546 1538 570 ut
1560 542 1676 578 sciant,
1698 539 1772 570 Deo
1795 539 1928 580 placere
1950 540 2052 572 officii
2074 542 2206 574 admini-

1236 582 1445 613 strationem:
1479 582 1611 619 deinde,
1645 589 1676 613 ut
1709 583 1858 622 privatim
1887 593 2000 614 omnes
2031 585 2207 622 discamus,

1238 624 1357 665 requiri
1390 634 1409 654 a
1444 625 1551 661 nobis,
1584 631 1619 654 ut
1652 624 1830 654 toleremus
1848 627 1892 659 ⁴⁶)
1933 626 2085 660 inimias3
2114 625 2206 656 Deus

1237 667 1322 696 enim
1345 666 1445 706 inquit
1470 666 1576 703 1R01n.
1603 667 1652 704 12,
1678 667 1758 704 19.1;
1782 665 1860 696 Mihi
1883 667 2069 703 vindictam,
2093 672 2125 697 et
2143 676 2207 708 ego

1236 708 1423 738 retribuam.
1469 708 1559 738 Sicut
1581 709 1680 749 igitur
1702 709 1774 739 Deo
1797 707 1870 739 laus
1893 709 2090 748 sapientiae,
2117 709 2207 739 iusti-

1237 750 1318 787 tiae,
1353 748 1552 780 fortitudinis
1581 752 1714 791 proprie
1743 752 1913 790 competit,
1941 752 1986 781 ita
2015 750 2151 781 debetur
2178 751 2206 782 ei

1236 790 1309 822 laus
1339 792 1476 822 w’ndieis
1506 798 1660 832 tanquam
1687 793 1794 824 iudici.
1838 793 1890 823 Ac.
1919 792 2051 832 publica
2078 793 2208 834 quidem

1237 834 1381 864 vindicta
1414 839 1465 864 est
1499 834 1622 872 divina,
1656 842 1706 866 est
1734 836 1819 865 enim
1853 836 2002 866 ordinata
2037 835 2207 870 divinitus:

1238 876 1297 906 sed
1326 876 1476 916 privatim
1506 876 1671 908 discamus
1694 877 1767 908 Deo
1797 876 1927 908 laudem
1957 878 2076 909 cedere
2104 878 2208 909 vindi-

1238 919 1298 955 cis,
1322 924 1353 948 et
1375 917 1634 949 assuefaciamus
1661 929 1723 949 nos
1747 928 1874 949 summo
1898 919 2006 949 studio
2029 926 2062 949 et
2083 930 2209 950 summa

1238 961 1446 991 contentione
1469 961 1510 991 ad
1533 961 1731 1001 patientiam,
1754 961 1795 992 ad
1815 959 2066 991 dissimulandas
2085 966 2118 992 et
2135 969 2208 1001 per-

1237 1001 1391 1033 ferendas
1425 1003 1570 1033 iniurias.
1621 1003 1714 1034 Hanc
1748 1003 1897 1034 virtutem
1930 1003 2091 1042 privatam
2122 1006 2208 1034 oom-

1237 1045 1389 1075 mendant
1411 1051 1443 1075 et
1460 1046 1663 1086 praecipiunt
1673 1044 1757 1076 tales
1769 1044 1834 1075 loci
1847 1045 1887 1075 de
1904 1045 2064 1081 vindicta;
2083 1051 2115 1076 et
2131 1045 2208 1075 ima-

1238 1087 1344 1127 ginem
1372 1086 1470 1118 huius
1498 1088 1624 1118 virtutis
1660 1088 1808 1118 videmus
1838 1087 1870 1117 in
1901 1085 2044 1117 Christo.
2099 1086 2209 1121 Quare

1238 1129 1335 1159 nobis
1375 1134 1406 1159 et
1438 1135 1613 1169 praecepta
1636 1135 1771 1165 Christifl)
1789 1136 1821 1160 et
1854 1128 2004 1169 exempla
2035 1129 2210 1169 patientiae

1237 1172 1341 1211 ipsius
1364 1180 1605 1210 proponamus,
1629 1177 1658 1202 et
1682 1181 1808 1202 summa
1830 1171 1862 1201 vi
1884 1172 2098 1211 reprimamus
2121 1171 2209 1211 cupi-

1239 1214 1371 1243 ditatem
1394 1214 1558 1244 vindictae
1580 1214 1748 1244 ardentem
1770 1214 1802 1243 in
1825 1212 1888 1243 hac
1910 1212 2064 1245 imbecilli
2081 1218 2208 1244 natura.

1240 1255 1330 1285 Haec
1353 1256 1455 1286 virtus
1480 1262 1529 1286 est
1554 1254 1660 1286 cultus
1684 1255 1758 1286 Deo
1777 1256 2004 1295 gratissimuS,
2027 1261 2059 1286 et
2081 1261 2133 1286 est
2153 1264 2208 1286 ne*

1239 1297 1386 1328 cessaria
1414 1298 1456 1327 ad
1487 1298 1697 1328 concordiam
1726 1295 1896 1328 Ecclesiae
1918 1304 1949 1327 et
1973 1307 2080 1328 rerum
2103 1295 2210 1336 politi-

1239 1349 1350 1369 carum
1374 1340 1644 1371 conservandam.
1700 1339 1784 1369 Nam
1806 1345 1839 1370 et
1861 1339 1893 1369 in
1915 1338 2086 1376 Ecclesia,
2113 1344 2147 1369 et
2177 1339 2210 1368 in

1239 1382 1390 1412 omnibus
1419 1382 1561 1422 imperiis
1588 1382 1716 1412 maximi
1748 1379 1903 1411 tumultus
1929 1381 1990 1411 orti
2012 1386 2099 1418 sunt,
2121 1378 2210 1411 nulla

1238 1421 1302 1454 alia
1335 1432 1375 1453 ex
1410 1433 1526 1460 causa,
1569 1424 1630 1454 nisi
1659 1434 1697 1454 ex
1733 1423 1908 1463 cupiditate
1940 1423 2114 1453 vindictae.
2169 1421 2211 1452 Et

1238 1466 1347 1496 existit
1378 1464 1432 1496 hic
1465 1464 1556 1497 furor
1584 1467 1759 1506 praecipue
1787 1466 1820 1496 in
1848 1465 2029 1496 ambitiosis
2058 1464 2209 1506 ingenii&

1237 1508 1415 1538 Discamus
1438 1508 1534 1548 igitur
1563 1508 1720 1538 maximas
1749 1517 1804 1538 res
1831 1507 1993 1547 praecipi,
2021 1516 2095 1537 cum
2117 1504 2210 1537 Chri-

1237 1556 1309 1580 stus
1339 1550 1380 1580 de
1410 1551 1552 1580 vindicta
1575 1551 1800 1581 concionatur.
1845 1549 1919 1580 Non
1942 1548 2111 1580 eludamus
2134 1557 2209 1578 san-

1237 1592 1383 1623 ctissima
1405 1598 1583 1632 praecepta
1609 1591 1666 1623 illo
1691 1591 1808 1632 frigido
1833 1596 2016 1622 commento
2039 1590 2080 1621 de
2102 1590 2208 1621 consi-

1236 1633 1291 1665 lio.
1306 1635 1351 1668 4ὅ)
1396 1634 1448 1665 Ao
1468 1640 1583 1665 nostra
1605 1635 1768 1665 sententia
1791 1644 1864 1664 cum
1883 1633 1925 1664 ad
1944 1633 2042 1664 vitam
2059 1632 2209 1672 spiritua-

1236 1676 1319 1713 lem,
1354 1682 1420 1706 tum
1449 1677 1490 1707 ad
1520 1675 1645 1707 civilem
1674 1674 1761 1707 utilis
1789 1683 1856 1713 est,
1890 1676 1990 1706 munit
2018 1675 2102 1705 enim
2123 1680 2210 1705 tran-

1239 1717 1427 1759 quillitatem
1450 1729 1557 1749 rerum
1578 1717 1790 1758 publicarum.
1836 1718 1920 1749 Nam
1937 1724 1967 1748 et
1988 1716 2140 1748 Christus
2162 1721 2209 1746 to-

1215 1791 1217 1810 i
1238 1762 1299 1791 ties
1333 1761 1420 1791 idem
1437 1760 1578 1792 inculcat
1596 1759 1780 1801 ApostoliS,
1814 1769 1856 1791 ne
1878 1759 2054 1796 vindicent,
2074 1764 2111 1789 ut
2144 1757 2210 1788 exi-

1238 1808 1305 1833 mat
1339 1804 1385 1832 eis
1420 1802 1537 1833 falsam
1568 1803 1833 1843 persuasionem,
1863 1811 1959 1842 quani
1982 1800 2148 1831 habebant
2169 1799 2210 1830 de

1239 1854 1342 1886 regno
1367 1844 1499 1876 Christi.
1544 1845 1706 1876 Putabant
1734 1844 1819 1874 enim
1841 1854 1893 1880 se,
1923 1843 1955 1873 vi
1978 1843 2108 1873 domitis
2131 1851 2210 1883 gen-

1239 1888 1338 1924 tibus,
1362 1894 1582 1927 occupaturos
1605 1896 1681 1918 esse
1704 1896 1805 1927 regna
1832 1885 1952 1916 mundi.
1997 1884 2049 1915 Ab
2072 1883 2137 1915 1106
2160 1893 2209 1914 er-

1238 1939 1315 1960 rore
1351 1936 1486 1960 revocat
1519 1939 1577 1960 eos
1613 1928 1779 1965 Christus,
1822 1938 1894 1958 cum
1929 1927 2027 1967 ipsis,
2060 1925 2211 1957 videlicet

1238 1972 1389 2012 privatiS,
1425 1972 1477 2012 qui
1512 1981 1575 2001 non
1610 1972 1768 2012 gerebant
1801 1970 2025 2010 magistratuS,
2058 1967 2210 2009 prohibet

1237 2014 1422 2045 vindictam.

1325 2079 1472 2121 Vulgare
1495 2081 1615 2111 dictum
1638 2086 1704 2110 est:
1750 2079 1823 2110 Vim
1847 2079 1877 2109 vi
1901 2076 2060 2118 repellere
2081 2078 2132 2109 ius
2153 2087 2210 2108 na-

1238 2122 1344 2154 turale
1361 2124 1408 2163 49)
1440 2123 1600 2153 concedit.
1657 2121 1690 2152 ld
1721 2122 1841 2152 dictum
1865 2119 2013 2151 nonnulli
2034 2118 2210 2160 reprehen-

1216 2166 1334 2202 tdunt,
1368 2172 1521 2206 tanquam
1551 2171 1673 2206 pugnet
1705 2174 1778 2195 cum
1799 2161 1990 2205 Evangelio.
2035 2161 2107 2204 Ego
2130 2171 2209 2193 vero

1240 2310 1285 2341 46)
1305 2309 1455 2339 toleremus]
1488 2310 1523 2333 sic
1541 2309 1614 2334 Editt.
1633 2310 1656 2333 4.
1676 2308 1699 2331 6.
1720 2310 1743 2333 8.
1763 2309 1787 2333 9.
1810 2309 1837 2332 11
1859 2320 1890 2324 ——
1912 2308 1949 2331 14.
1970 2308 1995 2330 61
2013 2306 2087 2336 01111.;
2123 2305 2164 2330 Ed.
2185 2306 2208 2330 5.

1309 2344 1470 2373 tolleremus;
1507 2343 1578 2367 Editt.
1599 2343 1621 2366 2.
1643 2343 1666 2367 7.
1685 2342 1838 2371 toleramus;
1874 2340 1916 2364 Ed.
1939 2341 1959 2364 1.
1978 2340 2126 2364 tollet-amus

1241 2397 1285 2424 47)
1305 2395 1395 2419 Christi
1415 2392 1526 2417 addunt
1546 2393 1618 2418 Editt.
1638 2394 1661 2417 7.
1682 2393 1704 2417 8.
1728 2391 1833 2417 11-14.
1853 2393 1877 2415 et
1896 2391 1955 2420 Opp.

1240 2446 1286 2475 48)
1307 2444 1420 2475 consilio]
1443 2445 1514 2469 Editt.
1535 2445 1558 2469 7.
1579 2445 1602 2468 8.
1624 2444 1730 2468 11-14.
1749 2445 1775 2467 et
1793 2442 1868 2472 opu:
1887 2441 1996 2466 consiliis

1241 2494 1286 2521 49)
1306 2494 1433 2522 naturale]
1455 2495 1490 2519 sic
1508 2495 1580 2519 Editt.
1600 2495 1623 2518 2.
1643 2495 1657 2518 fi
1674 2494 1739 2517 -8,
1763 2494 1835 2517 11—
1857 2493 1896 2515 14.
1917 2496 1940 2515 et
1960 2492 2034 2521 opu:
2054 2490 2124 2515 Editt.
2149 2491 2165 2511 1.
2187 2490 2209 2511 5.

1310 2529 1415 2553 natura;
1436 2526 1508 2549 Editt.
1527 2529 1550 2549 4.
1569 2530 1592 2550 9.
1612 2530 1718 2552 naturae
