2358 2933
93 122 157 152 977

181 213 371 254 Cogitemus
394 219 514 251 autem,
539 224 635 254 quam
658 224 737 244 vere
758 215 912 244 miserum
936 214 989 251 sit,
1002 224 1068 244 non

95 265 198 295 posse
221 254 402 297 confugere
424 256 466 286 ad
488 255 608 293 Deum,
630 266 697 287 non
719 256 843 286 habere
864 255 973 286 Deum
994 266 1069 295 pro·

95 304 270 334 tectorem,
316 308 381 327 non
421 299 689 338 gubernatorem,
724 308 791 328 non
828 297 1068 337 opitulatorem,

94 350 196 380 posse
231 340 368 379 opprimi
401 350 421 370 a
443 339 605 376 Diabolo,
639 346 693 371 aut
721 340 872 370 humanis
902 340 1068 370 erroribus

97 383 312 412 dementatum
336 392 442 412 ruere.

96 423 135 454 lis
159 430 236 454 sunt
258 434 372 454 omnes
391 424 554 461 homines,
577 424 632 464 qui
656 434 728 454 cum
747 424 778 453 in
803 423 930 454 delictis
955 430 1069 454 contra

568 122 590 151 1.
620 122 719 152 LOCl
742 120 1015 152 THEOLOGICI:
1039 121 1080 152 D.
1099 121 1259 152 TERTIA
1283 120 1435 152 EORUM
1460 121 1615 152 AETAS.

1089 234 1092 292 l

1089 319 1092 373 l

96 466 330 496 conscientiam
369 471 602 506 perseverent,
636 476 702 495 non
737 472 878 505 possunt
913 467 1091 502 invocare}

2026 123 2089 153 978

1113 220 1166 245 tus
1190 221 1250 251 est,
1273 220 1307 244 ut
1325 215 1516 245 invocantes
1541 214 1687 255 cogitent
1710 213 1797 245 hunc
1822 224 1900 245 vere
1919 224 1994 245 esse
2023 215 2087 246 De-

1112 267 1177 293 um,
1213 257 1267 297 qui
1302 266 1340 287 se
1373 255 1527 297 patefecit
1559 257 1663 286 misso
1697 255 1761 286 hoc
1790 255 1858 286 filio
1882 257 2087 288 evidentibus

1113 299 1324 335 testimoniis,
1360 304 1390 329 ct
1413 304 1582 329 aeternum
1605 297 1736 329 Patrem
1759 299 1800 329 de
1822 298 1885 330 hoc
1909 298 1975 329 filio
1999 300 2087 330 testi-

1114 340 1265 371 ficantem
1297 340 1519 382 alloquantur.
1586 340 1739 371 Formam
1774 342 1870 382 igitur
1904 351 2002 381 supra
2040 352 2087 372 re-

488 382 523 412 ln
542 381 593 412 his
612 383 709 412 tantis
729 383 868 412 miseriis
893 388 923 412 et
942 383 1069 422 pericu·
1090 392 1091 414 t
1115 384 1237 413 censui.

1200 467 1227 496 Ο
1238 468 1342 508 mnip
1351 474 1415 498 ote
1424 477 1444 497 n
1454 477 1487 504 s,
1511 473 1644 497 aeterne
1667 474 1698 497 et
1722 469 1796 498 vive
1820 467 1913 499 Deus
1924 491 1932 505 ‚
1955 476 2088 499 aeterne

97 508 211 538 Deum.
256 508 444 539 Excitemus
478 509 575 550 igitur
609 518 671 537 nos
701 509 743 538 ad
776 509 1006 548 poenitentiam
1037 514 1068 539 et
1090 513 1091 544 ξ
1113 509 1212 539 Pater
1230 509 1361 540 Domini
1383 510 1487 539 nostri
1510 509 1583 539 lesu
1608 509 1739 545 Clu-isti,
1774 511 1826 550 qui
1850 516 1881 540 te
1904 510 2086 550 patefecisti

94 551 304 581 emendemus
349 561 470 581 mores,
538 549 689 580 Ceterum
734 556 765 580 et
804 549 869 580 hoc
913 552 1068 587 sciamus,

94 593 205 632 agenti
239 593 472 633 poenitentiam
501 593 618 622 remitti
653 591 780 632 culpam
811 594 913 634 gratis
937 600 1091 633 proptew

95 634 273 671 Christum,
297 642 330 665 ut
352 644 453 675 supra
471 644 571 675 saepe
594 635 715 665 dictum
738 641 798 666 est.

190 762 235 792 Et
257 771 306 792 ne
329 772 406 792 nos
425 762 600 793 inducas
621 763 659 792 in
682 764 970 793 tentationem.

180 846 216 876 ld
239 853 300 883 est,
323 856 364 876 ne
388 847 478 877 sinas
500 856 562 877 nos
586 846 728 886 pertrahi
752 858 771 878 a
788 846 930 877 Diabolo
949 847 991 876 ad
1015 847 1070 876 im-

95 890 248 930 pietatem
272 895 303 919 et
326 889 366 919 ad
391 887 455 919 alia
474 888 613 926 scelera,
633 889 773 920 defende
791 899 852 920 nos
866 895 982 919 contra
994 889 1070 920 Dia-

97 931 163 962 boli
186 931 335 967 insidias,
366 941 445 972 rege
468 941 529 961 nos
550 937 605 961 tua
628 930 717 969 luce,
742 933 805 962 tuis
837 931 1000 962 consiliis.
1030 941 1070 961 ne

95 974 185 1003 sinas
215 983 277 1003 nos
301 983 397 1003 ruere
421 974 577 1013 deceptos
601 974 724 1004 nostris
745 975 911 1004 erroribus
935 980 990 1004 aut
1014 975 1070 1004 im-

94 1014 211 1056 pulsos
244 1014 466 1045 imbecillitate
500 1017 619 1046 carnis.
664 1016 786 1057 Magna
820 1023 850 1047 et
881 1016 1072 1046 admiranda

95 1058 253 1097 sapientia
276 1062 308 1087 et
333 1059 435 1088 virtus
459 1056 517 1088 fuit
540 1057 697 1095 Davidisg
742 1059 830 1089 hunc
852 1064 959 1089 tamen
982 1058 1071 1088 vide-

95 1109 167 1129 mus
188 1098 363 1139 aliquoties
386 1099 559 1140 impulsum
583 1100 666 1131 alias
690 1112 709 1131 a
732 1100 886 1137 Diabolo‚
909 1100 991 1131 alias
1014 1099 1071 1130 hu-
1092 1128 1094 1136 ‚

95 1152 191 1172 mano
215 1151 339 1179 errore,
361 1148 398 1173 ut
421 1152 494 1172 cum
517 1143 605 1173 iubet
624 1144 787 1173 numerari
800 1143 966 1184 populum.
991 1142 1072 1173 Cum
1092 1145 1093 1173 ζ

96 1185 192 1224 igitur
214 1194 335 1225 magna
357 1185 399 1214 sit
421 1184 591 1215 infirmitas
616 1186 770 1222 omnium,
794 1192 829 1215 tu
841 1195 914 1223 nos,
938 1191 1071 1215 aeterne

95 1225 206 1263 Deus,
237 1225 335 1256 Pater
365 1226 494 1257 Domini
524 1228 627 1257 nostri
651 1227 726 1257 lesu
749 1227 891 1264 Christi,
926 1237 1006 1268 rege
1040 1233 1069 1256 et

95 1269 233 1299 ostende
267 1269 362 1298 nobis
397 1268 555 1298 salutaria
584 1268 722 1299 consilia
744 1270 775 1299 in
798 1270 935 1309 privatis
959 1275 989 1300 et
1013 1280 1071 1309 pu-

95 1310 190 1341 blicis
222 1310 375 1350 negotiiS,
410 1316 440 1339 et
476 1310 634 1341 confirma
669 1312 771 1341 corda
800 1318 916 1341 nostra
949 1312 1071 1351 Spiritu

95 1358 212 1382 sancto
246 1358 325 1389 tuo,
359 1358 395 1382 ut
427 1353 483 1382 tibi
519 1354 763 1393 obtemperent,
799 1360 834 1384 ut
868 1354 970 1384 simus
1004 1364 1069 1384 non

95 1404 222 1466 ofgana
240 1395 320 1431 irae,
339 1395 399 1425 sed
423 1405 549 1436 organa
573 1396 820 1426 misericordiae
843 1401 874 1426 et
897 1395 986 1427 utilia
1010 1396 1070 1426 Ec-

95 1447 113 1465 c
129 1446 226 1467 esiae.

370 1566 519 1596 Libera
541 1576 616 1597 nos
640 1577 660 1597 a
684 1566 798 1597 malo.

181 1651 297 1681 Petitio
333 1649 497 1692 generalis
532 1657 599 1688 est,
630 1661 714 1692 quae
741 1652 821 1691 petit
846 1649 1069 1681 liberationem

94 1694 136 1723 ab
171 1693 320 1724 omnibus
355 1694 494 1723 miseriis
519 1700 550 1724 et
583 1694 746 1723 aerumnis
781 1692 878 1723 huius
912 1694 1017 1730 vitae,
1051 1703 1070 1722 a

95 1736 251 1774 peccatis,
275 1746 295 1766 a
318 1735 490 1776 tyrannide
514 1735 658 1772 Diaboli,
683 1747 702 1766 a
726 1734 910 1773 scandalis,
941 1746 960 1765 a
983 1734 1070 1765 cala-

96 1778 260 1808 mitatibus
283 1777 424 1818 publicis
449 1784 479 1807 et
503 1778 650 1817 privatis,
674 1784 708 1808 ut
731 1776 883 1808 videlicet
906 1788 979 1808 cum
1002 1778 1070 1808 uni-

95 1829 193 1850 versa
216 1819 370 1850 Ecclesia
392 1825 508 1859 erepta
540 1831 580 1850 ex
602 1821 830 1860 praesentibus
849 1820 989 1850 miseriis
1014 1820 1070 1850 do-

95 1872 210 1892 nemur
239 1861 325 1899 luce,
359 1862 481 1892 iustitia
514 1869 545 1893 et
579 1864 646 1893 w'ta
680 1867 835 1898 aeterna,
870 1869 902 1892 et
925 1861 1070 1893 fruamur

95 1903 284 1934 dulcissima
309 1905 546 1935 consuetudine
569 1904 631 1935 Dei
655 1905 777 1935 aeterni
802 1910 833 1935 et
859 1904 991 1935 Domini
1014 1915 1071 1936 no-

95 1947 154 1977 stri
177 1946 250 1977 lesu
273 1946 409 1983 Christi3
432 1946 548 1977 Amen.

179 1989 284 2020 Vides
314 1990 413 2030 igitur
438 1998 491 2019 res
515 1989 674 2029 petendas
700 1991 820 2030 optimo
845 1990 958 2020 ordine
982 2000 1071 2020 com—

95 2030 225 2071 plexum
249 2041 325 2061 esse
348 2030 514 2062 Christum
537 2032 569 2062 in
591 2031 654 2062 hac
674 2030 790 2069 forma,
814 2042 912 2073 quam
934 2041 996 2062 nos
1021 2042 1071 2062 re-

95 2074 196 2104 citare
228 2074 334 2104 iussit.
378 2073 547 2114 Expresse
581 2075 665 2104 enim
687 2075 806 2115 inquit,
843 2074 898 2105 Sic
922 2075 1069 2105 dicentes

95 2116 287 2156 precamini,
320 2125 360 2145 ac
394 2116 538 2146 nominat
572 2126 626 2147 res
660 2123 830 2154 aeternaS,
870 2116 1068 2158 spirituales,

97 2157 301 2199 corporales,
324 2164 519 2198 praesentes
542 2164 573 2189 et
595 2157 733 2190 futuras.
778 2158 858 2190 Vult
880 2165 913 2190 te
937 2160 977 2190 de
1000 2165 1070 2190 tota

98 2201 163 2231 vita
186 2201 346 2242 cogitare,
379 2201 444 2231 imo
468 2201 508 2231 de
527 2206 595 2231 tota
619 2203 826 2240 aeternitate,
851 2203 891 2233 de
914 2212 1069 2242 praesen-

95 2243 181 2273 tibus
216 2248 248 2273 et
281 2241 399 2273 suturis
433 2242 602 2283 periculis,
636 2254 774 2284 quorum
798 2246 954 2285 cogitatio
980 2251 1068 2275 certe

97 2286 281 2316 exnscitare
305 2286 431 2316 animos
450 2286 491 2315 ad
516 2285 761 2317 invocationem
785 2288 892 2318 debet.

181 2327 278 2362 Quod
300 2338 379 2358 vero
399 2327 487 2358 initio
510 2329 630 2364 monui,
649 2330 856 2370 cogitandum
872 2340 958 2367 esse,
973 2340 1068 2371 quem

95 2369 202 2401 Deum
225 2370 372 2407 invoces,
395 2370 451 2401 ubi
475 2380 512 2400 se
535 2369 588 2401 hic
612 2370 704 2401 Deus
727 2371 937 2411 patefecerit,
971 2383 1012 2403 an
1037 2379 1067 2403 et

96 2423 155 2443 cur
173 2413 335 2450 exaudiat.
358 2413 391 2442 id
413 2418 536 2443 attente
560 2414 833 2445 considerandum
863 2422 924 2452 est,
947 2425 989 2445 ne
1012 2426 1068 2446 va-

95 2461 213 2495 gentur
236 2456 332 2485 animi
356 2456 386 2485 in
410 2455 633 2493 Invocatione,
657 2456 741 2486 sicut
764 2456 979 2488 Ethnicorum
1001 2458 1068 2488 ani-

95 2498 136 2528 mi
170 2503 342 2539 vagantur.
389 2497 465 2528 ldeo
490 2497 592 2528 Filius
615 2497 677 2529 Dei
711 2505 867 2530 aeternus
890 2501 1068 2540 assumpsit

94 2539 268 2571 humanam
291 2546 455 2577 naturam,
479 2550 518 2570 ac
541 2541 713 2571 nobiscum
733 2540 933 2573 familiariter
955 2553 1068 2573 versa·
1087 2544 1090 2581 Ι

247 2608 391 2626 MELANTH.
407 2608 486 2626 OPER.
511 2609 572 2627 VOL.
588 2608 640 2627 XX!.

1113 553 1271 582 immensa
1292 552 1436 582 bonitate
1460 557 1491 581 et
1515 550 1664 581 clamasti
1690 553 1730 582 de
1754 552 1834 582 Filio
1854 558 1921 589 tuo,
1945 552 2087 584 Domino

1112 600 1239 631 nostro,
1262 594 1335 624 Iesu
1355 593 1500 633 Christo5
1523 593 1617 623 Hunc
1641 595 1764 625 audite:
1810 594 1968 625 Conditor
1988 596 2088 626 omni-

1113 647 1165 667 um
1199 646 1307 666 rerum
1335 642 1365 666 et
1393 642 1610 666 conservator
1640 647 1679 666 ac
1708 636 1883 677 opitulator
1911 648 1983 667 cum
2006 636 2087 668 Filio

1114 685 1169 709 tuo
1193 684 1378 715 coaeterno,
1392 678 1533 708 Domino
1557 684 1682 715 nostro,
1695 678 1770 709 Iesu
1784 678 1916 709 Christo
1930 686 2088 720 regnante

1114 728 1222 751 tecum
1258 728 1287 751 et
1320 719 1486 761 patefacto
1520 721 1552 750 in
1586 720 1761 751 Ierusalem
1797 727 1828 751 et
1863 732 1934 751 cum
1966 722 2087 762 Spiritu

1091 787 1093 801 ἰ
1114 769 1230 794 sancto
1254 769 1310 794 tuo
1335 763 1440 794 effuso
1462 763 1495 793 in
1518 762 1712 803 Apostolos,
1736 764 1886 804 sapiens,
1912 765 2007 801 bone,
2032 765 2088 795 mi-

1115 806 1271 843 εει-ἱροῖς,
1295 806 1391 836 iudex
1415 811 1446 835 et
1469 804 1576 842 fortis,
1599 807 1653 845 qui
1678 806 1799 836 dixisti:
1824 805 1909 836 Vivo
1933 816 2008 848 ego,
2031 817 2088 837 no-

1114 847 1147 878 lo
1170 854 1308 879 mortem
1331 848 1529 889 peccatoris,
1565 848 1624 878 sed
1647 854 1680 878 ut
1704 854 1916 879 convertatur
1935 855 1966 879 et
1989 850 2087 880 vivat.

1115 890 1233 920 Dixisti
1256 892 1348 921 item:
1379 890 1501 920 invoca
1523 900 1575 920 me
1597 890 1629 920 in
1649 890 1700 920 die
1724 889 1953 929 tribulationis,
1977 898 2007 922 et
2027 893 2087 922 eri-

1114 934 1200 972 piam
1234 938 1276 963 te.
1327 932 1487 963 Miserere
1520 933 1582 962 mei
1611 939 1747 972 propter
1780 933 1886 964 lesum
1922 933 2087 964 Christum

1115 974 1216 1005 filium
1239 982 1338 1012 tuum,
1359 985 1454 1015 quem
1477 973 1609 1005 voluisti
1633 986 1693 1015 pro
1717 976 1813 1006 nobis
1837 985 1912 1006 esse
1924 977 2086 1007 victimam

1115 1020 1164 1047 καὶ
1187 1023 1306 1055 μεσίτην
1329 1020 1378 1046 καὶ
1401 1020 1508 1054 ἱκέτην,
1531 1022 1563 1047 et
1586 1018 1758 1048 sanctifica
1781 1028 1820 1048 ac
1842 1028 1922 1060 rege
1943 1029 1994 1049 me
2017 1018 2088 1058 Spi-

1114 1060 1177 1090 ritu
1200 1066 1315 1091 sancto
1334 1066 1401 1097 tuo,
1425 1069 1504 1100 rege
1529 1066 1560 1090 et
1583 1059 1720 1090 defende
1743 1059 1928 1091 Ecclesiam
1948 1067 2035 1092 tuam
2057 1067 2089 1091 et

1114 1101 1256 1142 politias,
1280 1112 1363 1143 quae
1387 1109 1461 1132 sunt
1484 1101 1659 1132 Ecclesiae
1681 1101 1832 1142 hospitia.

1200 1144 1258 1174 Pia
1282 1151 1333 1175 est
1358 1151 1388 1174 et
1411 1144 1495 1174 haec
1523 1143 1629 1174 forma
1652 1143 1824 1185 alloquens
1849 1144 2014 1176 Christum
2038 1146 2086 1177 Fi-

1114 1185 1189 1217 lium
1213 1186 1290 1216 Dei:
1337 1186 1382 1216 Te
1412 1187 1548 1223 invoco,
1583 1186 1657 1216 lesu
1681 1185 1829 1224 Christe,
1860 1186 1904 1217 fili
1928 1187 1988 1218 Dei
2013 1189 2088 1226 vivi,

1115 1228 1270 1259 crucifixe
1293 1239 1353 1268 pro
1377 1229 1473 1259 nobis
1497 1234 1529 1258 et
1552 1229 1757 1266 resuscitate,
1783 1230 1848 1268 λὸγε
1866 1232 1916 1259 καὶ
1939 1230 2025 1260 εἰκών
2044 1231 2088 1261 cit·-

1115 1270 1178 1300 δίου
1201 1271 1326 1312 πατρὸς,
1351 1272 1403 1311 qui
1429 1271 1554 1301 dixisti:
1600 1271 1718 1301 Venite
1742 1272 1782 1301 ad
1806 1281 1857 1301 me
1881 1282 2010 1309 omnes,
2034 1274 2086 1314 qui

1115 1312 1274 1344 laboratis
1305 1319 1335 1344 et
1359 1314 1485 1343 onerati
1506 1314 1595 1350 estis,
1619 1324 1681 1355 ego
1706 1314 1850 1344 reficiam
1873 1325 1945 1344 VOS.
1991 1314 2088 1346 Mise-

1116 1366 1188 1387 rere
1218 1357 1278 1386 mei
1314 1362 1343 1386 et
1379 1355 1546 1386 intercede
1568 1366 1628 1395 pro
1652 1366 1703 1386 me
1725 1356 1812 1396 apud
1835 1361 2003 1387 aeternum
2028 1357 2086 1388 Pa-

1115 1404 1197 1428 trem
1220 1404 1321 1436 tuum,
1341 1397 1514 1430 sanctifica
1537 1404 1567 1427 et
1588 1408 1666 1438 rege
1689 1408 1740 1428 me
1753 1398 1875 1438 Spiritu
1893 1406 2007 1429 sancto
2021 1407 2087 1437 tuo,

1114 1439 1253 1471 defende
1287 1451 1338 1471 me
1361 1441 1521 1471 adversus
1545 1440 1719 1478 Diabolos‚
1755 1442 1889 1481 spiritus
1912 1443 2087 1473 mendaces

1114 1489 1144 1513 et
1168 1482 1359 1520 homicidas,
1384 1482 1496 1512 hostes
1521 1488 1603 1513 tuos,

1200 1525 1290 1555 Haec
1311 1524 1518 1565 compellatio
1539 1524 1659 1555 Christi
1682 1524 1850 1556 confessio
1874 1533 1921 1557 est
1943 1528 2086 1568 omnipo-

1114 1569 1250 1603 tentiae3
1290 1568 1373 1597 Nam
1398 1568 1446 1597 sic
1469 1568 1628 1597 invocans
1664 1568 1760 1598 sentit
1786 1567 1951 1599 Christum
1978 1570 2089 1601 videre

1092 1623 1093 1627 ¹
1113 1616 1221 1640 motus
1247 1610 1391 1640 cordium
1416 1610 1557 1640 omnium
1580 1609 1744 1640 hominum
1768 1617 1798 1641 et
1819 1621 1895 1642 esse
1915 1611 2088 1652 opitulato-

1113 1662 1182 1682 rem
1206 1653 1471 1692 omnipotentem.
1494 1653 1624 1682 dantem
1644 1653 1797 1693 Spiritum
1822 1659 1970 1685 sanctum
1989 1661 2021 1684 et
2042 1656 2088 1686 iu-

1115 1700 1244 1725 vantem
1267 1704 1328 1725 nos
1352 1695 1384 1724 in
1408 1693 1561 1734 periculis
1586 1695 1735 1734 corporis
1759 1701 1790 1725 et
1812 1696 1948 1727 animae.
1994 1696 2088 1728 Com-

1114 1735 1268 1776 plectitur
1300 1742 1407 1767 autem
1442 1742 1473 1766 et
1506 1736 1589 1767 haec
1624 1736 1729 1767 sorma
1750 1743 1817 1767 tres
1841 1748 2015 1778 personas,
2038 1740 2088 1770 Fi-

1113 1779 1191 1809 lium
1219 1778 1396 1819 alloquitur
1428 1784 1459 1809 et
1481 1780 1625 1810 nominat
1649 1781 1901 1811 intercessorem
1926 1782 2012 1821 apud
2035 1792 2088 1813 ae-

1114 1827 1241 1852 ternum
1270 1821 1401 1851 Patrem
1432 1827 1463 1851 et
1498 1820 1618 1852 fatetur
1653 1823 1693 1852 ab
1728 1823 1799 1863 ipso
1834 1823 1903 1853 dari
1935 1823 2087 1864 Spiritum

1115 1870 1274 1894 sanctum.

1201 1906 1248 1936 lta
1278 1916 1440 1947 expressa
1454 1908 1496 1946 ¹⁵)
1532 1905 1736 1947 compellatio
1762 1906 1881 1937 Christi
1915 1907 2087 1949 aliquoties

1114 1949 1145 1978 in
1179 1949 1310 1989 scriptis
1334 1948 1538 1989 propheticis
1562 1955 1594 1979 et
1617 1948 1819 1989 Apostolicis
1837 1951 2007 1990 proposita
2026 1958 2086 1982 est.

1115 1990 1187 2021 Act.
1223 1991 1252 2020 7.
1284 1993 1346 2028 [vs.
1381 1991 1448 2029 584
1489 1991 1629 2022 Domine
1664 1992 1753 2029 lesu,
1788 1993 1919 2032 suscipe
1942 1993 2088 2033 spiritum

1114 2043 1232 2063 meum.
1280 2033 1307 2063 l.
1332 2033 1450 2065 Thess.
1474 2033 1504 2064 3.
1529 2036 1592 2072 [vs.
1619 2034 1681 2072 11.]
1728 2034 1802 2074 lpse
1824 2033 1916 2065 Deus
1940 2041 1971 2065 et
1990 2035 2088 2066 Pater

1114 2082 1238 2111 noster,
1263 2082 1295 2106 et
1317 2075 1479 2106 Dominus
1503 2082 1618 2106 noster
1635 2076 1727 2107 lesus
1752 2075 1903 2108 Christus
1927 2078 2087 2119 gubernet

1114 2120 1174 2149 iter
1203 2123 1353 2148 nostrum
1382 2119 1424 2149 ad
1451 2128 1524 2149 vos.
1570 2118 1641 2149 Nec
1671 2119 1804 2149 dubium
1833 2126 1881 2149 est
1909 2121 1940 2150 in
1966 2119 2084 2150 Genesi

1114 2171 1184 2201 cap.
1204 2160 1255 2191 48.
1281 2163 1346 2198 [vs.
1362 2160 1427 2199 16.]
1448 2161 1545 2192 lacob
1570 2162 1761 2192 concionari
1785 2162 1825 2192 de
1850 2161 1994 2200 Christo,
2014 2173 2085 2194 cum

1112 2203 1231 2244 inquit:
1268 2203 1449 2234 Benedicat
1477 2204 1588 2244 pueris
1618 2205 1690 2234 istis
1713 2203 1824 2241 Deus,
1860 2210 1889 2234 et
1924 2204 2086 2246 Angelus,

1113 2247 1166 2286 qui
1189 2246 1306 2285 eripuit
1327 2256 1380 2276 me
1403 2256 1444 2276 ex
1469 2246 1596 2276 cunctis
1618 2245 1722 2276 malis.
1768 2246 1808 2276 Et
1831 2245 1920 2277 Psal.
1945 2247 1996 2277 71.
2021 2250 2085 2286 [vs.

1116 2289 1178 2327 15.]
1204 2288 1244 2318 Et
1267 2288 1451 2318 adorabunt
1473 2289 1578 2328 ipsum
1602 2298 1741 2329 semper.

1198 2330 1323 2370 Estque
1341 2329 1423 2361 haec
1446 2329 1551 2361 forma
1573 2331 1792 2361 invocationis
1816 2332 2031 2362 testimonium
2051 2331 2085 2361 il-

1112 2373 1215 2404 lustre
1239 2374 1374 2410 docens,
1387 2372 1551 2403 Christum
1576 2383 1651 2403 esse
1675 2380 1791 2404 natura
1807 2373 1911 2404 Deum
1932 2380 1961 2404 et
1976 2375 2085 2404 (linui-

1118 2520 1158 2546 15]
1180 2519 1314 2549 expressa]
1334 2519 1405 2543 Editt.
1428 2519 1456 2541 15
1478 2532 1508 2535 —
1532 2520 1567 2543 18.
1587 2520 1618 2542 20
1639 2532 1670 2536 -
1690 2520 1728 2544 22.
1748 2520 1787 2544 24.
1807 2520 1846 2543 25.
1867 2521 1897 2544 28
1910 2522 1992 2546 -34..
2013 2521 2083 2550 t‘orp⁴

1176 2554 1254 2581 1-—8.²
1276 2553 1336 2583 opp.
1359 2554 1379 2575 1.
1401 2553 1424 2576 2.
1447 2559 1568 2583 expresse

1883 2605 1914 2628 62
