2358 2933
114 103 177 134 917

585 100 609 130 1.
637 99 739 131 LOCI
759 98 1034 131 THEOLOGICI:
1056 100 1099 131 D.
1117 98 1277 130 TERTIA
1298 96 1454 128 EORUM
1476 96 1633 128 AETAS.

2043 95 2109 126 918

115 201 162 226 tet
193 194 306 225 audire
338 193 475 224 verbum
495 192 577 230 Dei,
609 202 676 223 non
708 201 893 233 repugnare
915 191 988 221 Deo
1023 197 1086 222 tra·
1105 194 1109 237 i
1131 192 1250 222 dictum
1273 196 1340 227 est,
1371 189 1476 220 Deum
1507 187 1676 219 efficacem
1699 197 1775 218 esse
1796 197 1856 227 per
1877 186 2106 228 Evangelimn.

115 238 215 268 henti.

201 279 258 310 Sic
280 284 312 308 et
335 277 523 308 dulcissima
546 276 722 317 promissio
741 276 879 306 traditur
891 276 932 305 ad
944 274 1086 315 Philipp.

115 322 146 352 2.
161 324 223 358 [vs.
240 320 304 357 13.]
317 319 411 350 Deus
425 326 486 357 est,
499 321 554 359 qui
572 317 673 349 efficit
694 319 726 348 in
748 318 856 355 vobiS,
879 323 914 347 ut
935 316 1043 348 velitis
1057 324 1089 347 et

116 369 152 394 ut
172 362 362 403 perficiatis,
384 368 420 392 ut
440 362 503 401 ipsi
525 367 619 401 grata
641 360 731 390 fiant.
764 359 856 390 Deus
879 359 978 389 trahit
1001 370 1088 390 men-

116 412 180 443 tes,
214 410 249 435 ut
282 403 394 441 velint,
425 404 486 433 sed
518 403 670 433 assentiri
698 412 773 438 nos,
808 412 873 432 non
903 412 1088 442 repugnare

115 453 265 488 oportet,
299 452 331 476 et
363 446 519 486 promittit
541 455 579 475 se
601 444 774 474 affuturum
798 444 913 480 nobis,
936 450 971 474 ut
993 443 1088 484 perfi-

117 491 222 520 ciatur
255 488 408 518 inchoata
441 486 543 524 salus,
578 492 614 517 ut
646 484 757 526 aliqua
791 487 877 516 bona
905 485 982 516 fiant
1006 487 1090 516 inter

115 531 267 562 homines
289 531 351 570 ipsi
374 536 479 571 grata,
502 529 596 568 quasi
618 528 757 558 diceret:
781 527 816 558 In
839 529 960 558 mundo
982 527 1090 559 furen—

117 581 166 604 ter
188 579 284 603 ruunt
298 570 431 603 Diaboli
443 578 598 602 eteorum
618 579 754 609 organa,
772 576 808 600 ut
825 569 944 601 faciant
958 571 1090 611 ingrata

117 615 204 652 Deo,
239 615 431 645 confirment
451 613 633 653 Epicureos
656 612 798 649 furores,
820 611 920 650 idola,
955 623 1090 653 oppres-

118 659 243 688 sionem
256 655 437 696 Evangelii,
459 657 579 685 iniusta
602 653 700 691 bella,
723 654 905 694 flagitiosas
927 654 1091 692 libidines,

117 699 215 736 furta,
238 699 417 734 mendacia,
440 707 524 738 quae
545 698 627 727 iram
645 696 709 726 Dei
731 697 867 727 irritant.
912 697 958 727 At
979 708 1021 727 ne
1043 704 1092 728 to-

117 748 184 772 tum
217 751 321 781 genus
355 740 530 770 humanum
565 740 607 769 ad
640 739 818 779 perniciem
850 740 1015 770 conditum
1039 741 1092 777 sit,

119 789 250 824 oportet
277 782 387 823 aliqua
416 782 486 812 fieri
504 781 577 812 Deo
611 788 706 821 grata
729 787 760 811 et
781 780 956 821 placentia.
1001 782 1092 812 Haec

118 826 200 856 fiunt
222 836 241 855 a
263 826 325 865 piis
348 825 380 854 in
402 823 568 861 Ecclesia,
601 822 753 854 videlicet
776 834 855 854 vera
877 824 939 854 Dei
961 825 1093 855 invoca-

119 869 165 898 tio
200 868 320 902 fiducia
354 866 492 903 Christi,
537 866 715 906 gratiarum
749 867 853 903 actio,
897 867 1093 908 propagatio

119 909 303 950 Evangelii,
337 908 511 939 tolerantia
534 909 566 937 in
590 918 707 944 cruce,
741 909 860 939 iustitia
885 920 964 950 erga
984 910 1094 949 proxi-

120 961 204 989 mos,
227 961 318 981 amor
343 951 515 987 castitatiS,
538 951 696 987 veritatis,
719 951 810 990 pacis
835 958 864 980 et
889 950 973 982 aliae
996 952 1094 981 virtu-

120 1000 181 1023 tes.
226 993 268 1023 Et
300 992 383 1023 haec
415 993 500 1021 bona
528 991 607 1022 fiunt
637 1004 656 1022 a
679 994 882 1031 petentibus,
916 1001 950 1023 ut
975 995 1094 1024 dictum

121 1041 171 1066 est
195 1035 289 1073 [Luc.
317 1035 366 1070 ll,
387 1033 472 1071 lss-jz
507 1033 608 1064 Dabit
632 1034 787 1073 Spiritum
810 1042 961 1066 sanctum
984 1042 1094 1075 peten-

121 1078 220 1107 tibus.
265 1077 318 1106 Ad
341 1075 423 1115 Eph.
450 1077 478 1105 1.
504 1079 564 1112 [vs.
588 1077 631 1114 4.]
667 1077 798 1106 dicitur:
845 1076 953 1118 Elegit
978 1088 1039 1108 nos
1063 1079 1094 1108 in

121 1119 265 1156 Christo,
290 1125 322 1148 ut
347 1119 463 1148 doceat
486 1129 560 1155 nos,
585 1129 738 1149 caussam
758 1119 928 1149 electionis
942 1129 1095 1150 essenon

120 1168 269 1193 nostram
292 1161 495 1201 dignitatem,
520 1161 579 1190 sed
597 1160 776 1198 Christum,
800 1172 841 1192 ne
864 1168 990 1192 remoto
1005 1161 1095 1192 sfhri-

121 1210 174 1234 sto
198 1211 228 1234 et
253 1201 434 1243 Evangelio
459 1203 499 1232 de
523 1201 684 1233 electione
704 1205 898 1242 cogitemus,
922 1205 981 1234 sed
1001 1214 1095 1234 caus-

121 1256 192 1276 sam
227 1245 395 1276 electionis
429 1245 461 1273 111
493 1245 710 1283 promissione
734 1244 857 1275 Christi
889 1256 1095 1286 quaeramus.

120 1288 200 1318 Item
235 1287 331 1317 Rom.
355 1287 385 1317 8.
411 1289 474 1322 [vs.
498 1285 565 1323 30.]
607 1286 699 1320 Quos
723 1286 834 1327 elegit,
858 1288 919 1318 hos
943 1298 973 1318 et
997 1299 1096 1318 voca-

121 1330 178 1361 vit.
221 1327 374 1365 Dulcem,
409 1326 586 1358 salutarem
609 1333 641 1358 et
664 1327 874 1369 multiplicem
898 1329 1096 1361 consolatio-

122 1382 195 1402 nem
219 1371 364 1401 continet
384 1370 467 1400 haec
491 1371 664 1407 sententia,
689 1382 774 1411 quae
794 1379 901 1402 13111611
921 1372 1011 1403 velut
1031 1374 1097 1403 ina—

121 1415 172 1445 nis
197 1414 237 1443 ab
262 1414 376 1443 otiosis
399 1411 577 1442 lectoribus
600 1415 806 1452 praeteritur.

207 1455 317 1485 Prima
351 1453 534 1485 consolatio
558 1461 626 1489 est,
661 1456 750 1495 quod
771 1454 912 1486 affirmat
935 1466 1098 1497 nusquam

124 1508 200 1529 esse
225 1496 368 1533 electos,
392 1496 455 1526 nisi
476 1497 508 1526 111
533 1502 630 1527 coetu
652 1503 854 1528 vocatorum.
899 1498 1020 1529 Vocati
1043 1510 1098 1529 au-

124 1547 190 1571 tem
214 1545 287 1570 sunt
297 1541 328 1579 ⁸)
353 1538 416 1569 soli
439 1537 481 1575 hi,
505 1539 559 1578 qui
582 1539 726 1575 audiunt,
750 1541 880 1571 discunt
902 1547 932 1571 et
945 1541 1098 1579 profiten-

125 1590 177 1614 tur
201 1581 426 1622 Evangelium.
472 1580 533 1610 Hic
563 1580 700 1611 visibilis
725 1588 840 1613 coetus
863 1589 913 1613 est
936 1582 1097 1620 Ecclesia,

124 1626 158 1656 111
190 1635 252 1665 qua
284 1634 412 1663 semper
437 1632 574 1653 necesse
597 1629 646 1653 est
670 1622 798 1664 aliquos
824 1635 898 1655 esse
922 1624 1046 1656 electos
1067 1631 1097 1655 et

125 1667 286 1698 haeredes
320 1667 407 1696 vitae
430 1672 592 1696 aeternae.
639 1664 814 1696 Plurimum
838 1675 945 1698 autem
964 1668 1098 1707 prodest

125 1710 188 1750 piis
211 1710 308 1745 scire,
342 1707 526 1738 Ecclesiam
550 1707 730 1738 electorum
753 1709 785 1738 in
808 1708 872 1739 hac
895 1708 1014 1740 visibili
1037 1709 1099 1739 Ec-

127 1751 229 1782 clesia
262 1750 459 1782 collocatam
482 1760 574 1786 esse,
598 1756 631 1779 ut
661 1751 802 1781 sciamus
827 1762 889 1782 nos
915 1762 1028 1782 omnes
1059 1753 1099 1782 ad

127 1804 244 1825 vocem
267 1799 298 1824 et
322 1794 532 1823 ministerium
555 1791 727 1833 Evangelii
751 1792 905 1834 alligatos
931 1804 1016 1830 esse,
1040 1804 1100 1824 nec

127 1837 204 1867 alibi
237 1834 433 1867 electionem
467 1842 522 1865 aut
552 1834 735 1874 peculiares
759 1835 980 1867 revelationes
1003 1846 1100 1877 quae·

128 1879 248 1913 rendas
283 1888 370 1908 esse.
416 1876 629 1908 Commendat
653 1878 750 1916 igitur
773 1879 869 1909 nobis
892 1878 957 1909 hoc
981 1879 1099 1909 dictum

129 1931 240 1951 curam
264 1920 414 1950 audiendi
438 1926 467 1950 et
487 1920 631 1950 discendi
654 1919 837 1961 Evangelii,
860 1920 989 1951 colendi
1011 1921 1101 1951 mini-

129 1963 219 1994 sterii
253 1968 285 1993 et
314 1962 473 1993 amandae
503 1962 672 1992 societatis
695 1961 880 2001 Ecclesiae,
904 1969 935 1994 et
957 1961 1100 1993 affirmat

128 2007 162 2036 in
182 2005 248 2035 hoc
268 2011 363 2035 coetu
386 2003 505 2034 visibili
528 2002 650 2035 electos
674 2013 760 2034 esse.

216 2047 370 2078 Secunda
393 2046 577 2077 consolatio
602 2052 664 2083 est,
688 2048 776 2087 quod
799 2054 909 2078 monet
931 2046 1101 2078 113665611-

131 2090 231 2120 tentia
254 2099 319 2119 non
342 2089 574 2119 removendam
597 2098 673 2119 esse
695 2090 901 2120 vocationem
923 2100 943 2120 a
964 2088 1101 2120 consilio

132 2131 311 2162 electionis.
356 2129 462 2171 Elegit
484 2130 588 2168 Deus,
617 2131 692 2171 quia
725 2142 847 2162 vocare
881 2142 944 2163 nos
967 2132 1008 2162 ad
1030 2130 1101 2162 Filii

132 2175 327 2216 agnitionem
363 2174 517 2210 decrevit,
547 2178 579 2203 et
612 2172 681 2204 vult
713 2174 824 2214 generi
845 2173 986 2204 humano
1011 2184 1102 2204 suam

132 2216 330 2247 voluntatem
354 2222 385 2245 et
407 2225 466 2246 sua
489 2215 650 2246 beneficia
671 2216 887 2247 innotescere.
932 2216 1103 2257 Approbat

132 2260 229 2300 igitur
249 2269 287 2289 ac
311 2257 401 2299 eligit
423 2259 684 2298 obtemperantes
704 2260 879 2290 vocationi.
915 2258 1024 2293 Quare
1046 2270 1104 2289 vo-

134 2302 294 2332 cationem
312 2301 510 2337 intueamur,
544 2301 762 2331 assentiamur
783 2300 965 2342 Evangelio
985 2307 1016 2331 et
1039 2311 1104 2331 non

132 2353 353 2385 repugnemus
377 2345 422 2380 ei;
454 2343 519 2373 Per
536 2343 569 2372 id
592 2343 676 2373 enim
693 2343 790 2374 trahit
812 2343 918 2381 Deus,
941 2350 972 2374 et
991 2354 1104 2374 assen-

133 2387 252 2416 tientes
287 2392 378 2417 certo
412 2385 525 2425 recipit
560 2391 590 2415 et
614 2385 756 2416 adiuvat.
800 2386 911 2417 Toties
935 2386 1019 2416 enim
1041 2386 1104 2416 iam

153 2524 181 2553 8)
201 2525 286 2547 autem
305 2521 374 2553 sunt]
395 2521 468 2546 Editt.
487 2522 526 2546 22.
545 2521 584 2546 24.
603 2520 722 2550 28-34.,
741 2521 799 2551 Opp.
822 2522 844 2543 1.
865 2521 888 2545 2.
908 2523 968 2546 sunt
985 2523 1070 2546 autem

1130 233 1207 263 Ideo
1219 232 1438 273 Augustinus,
1461 230 1639 272 quamlibet
1661 231 1762 260 durus
1786 237 1837 260 est
1860 230 1892 259 in
1915 229 1979 259 hac
1999 230 2108 268 dispu-

1131 276 1264 312 tatione,
1288 282 1396 305 tamen
1418 275 1449 304 in
1473 273 1556 303 libro
1576 274 1617 303 de
1640 272 1946 303 praedestinatione
1970 278 2003 301 et
2027 270 2108 301 Gra-

1132 318 1177 347 tia
1200 318 1249 348 sic
1272 318 1421 357 scripsit:
1446 316 1524 353 Eos,
1549 317 1602 355 qui
1626 315 1811 345 vocationis
1829 323 1946 344 munus
1960 323 2109 354 congrua.

1132 360 1253 399 pietate
1276 364 1504 398 susceperunt,
1527 364 1570 395 et,
1593 363 1751 397 quantum
1773 357 1805 386 in
1827 355 1958 386 homine
1971 362 2032 393 est,
2046 355 2109 386 Dei

1133 402 1166 431 in
1189 412 1226 432 se
1249 402 1337 432 dona
1359 407 1533 431 servantes
1556 401 1698 430 adiuvat.

1219 443 1327 474 Tertia
1351 441 1534 473 consolatio
1559 449 1620 478 est,
1645 442 1733 481 quod
1754 446 1893 471 testatur
1915 440 1992 470 huic
2010 449 2110 470 voca-

1134 491 1167 516 to
1191 485 1311 516 visibili
1334 486 1441 515 coetui
1469 494 1546 514 vere
1569 484 1688 514 adesse
1711 482 1819 513 Deum
1841 488 1871 513 et
1894 483 1927 512 in
1951 481 2014 512 hoc
2038 491 2112 512 coe·

1135 534 1170 558 tu
1194 534 1311 558 vocato
1331 538 1371 558 ac
1394 525 1514 557 visibili
1538 524 1707 558 efficacem
1732 535 1817 555 esse.
1863 524 1897 554 ld
1922 525 2005 554 enim
2028 523 2112 553 haec

1135 571 1237 600 verba
1261 571 1460 600 convincunt
1484 568 1590 605 [Rom.
1613 568 1645 605 S,
1668 567 1751 604 30.]:
1797 567 1889 601 Quos
1912 572 2027 603 vocat,
2050 564 2112 596 hos

1136 618 1167 642 et
1185 612 1356 647 iustificat;
1379 611 1471 645 Quos·
1494 610 1663 647 iustificat,
1685 609 1747 639 hos
1772 616 1804 639 et
1827 608 2000 649 glorificat.
2047 607 2113 637 Ob-

1137 661 1248 685 servet
1281 655 1380 694 igitur
1409 652 1515 683 lector
1537 652 1591 683 hic
1614 652 1797 682 doctrinam
1821 652 1861 681 de
1885 649 2047 686 Ecclesia,
2072 649 2113 679 de

1136 697 1322 737 praesentia
1345 695 1407 726 Dei
1426 696 1458 725 in
1482 695 1547 725 hac
1568 693 1689 725 visibili
1700 692 1864 730 Ecclesia,
1888 694 1928 723 de
1951 691 2114 723 electione

1141 746 1172 769 et
1196 739 1370 770 vocatione
1393 738 1632 778 coniungenda.

1224 781 1335 815 Quare
1358 791 1423 810 non
1448 780 1663 810 deflectamus
1688 777 1804 808 oculos
1828 784 1926 818 atque
1949 777 2075 807 animos
2095 787 2114 807 a

1138 825 1356 864 promissione
1377 821 1568 859 universali,
1592 822 1652 852 sed
1675 822 1706 851 in
1730 821 1814 851 hanc
1839 820 2001 860 nosipsos
2014 817 2116 849 inclu-

1139 867 1253 897 damus
1287 872 1318 896 et
1351 866 1493 896 sciamus
1526 874 1603 894 vere
1637 865 1667 893 in
1692 874 1730 893 63
1754 862 1953 893 voluntatem
1976 861 2039 891 Dei
2062 871 2116 891 ex-

1138 918 1287 948 pressam
1311 918 1399 944 esse,
1422 908 1506 937 51601
1531 906 1654 936 Ρ301115
1678 906 1806 936 deducit
1830 916 1891 935 nos
1915 905 1957 934 ad
1980 905 2116 934 verbum

1136 952 1284 991 inquiens
1309 950 1415 987 [Rom.
1443 950 1493 986 10,
1516 949 1575 987 6.]:
1622 949 1671 978 Ne
1694 949 1835 984 dixeris,
1859 947 1933 987 quis
1957 946 2116 977 ascendet

1135 994 1167 1023 in
1190 992 1329 1029 60610111,
1364 1003 1404 1021 ne
1430 999 1588 1032 vagentur
1607 991 1703 1020 animi
1728 998 1925 1030 quaerentes
1949 991 2020 1020 sine
2043 1000 2117 1020 ver-

1137 1037 1179 1066 bo
1202 1035 1267 1065 Dei
1289 1034 1489 1065 voluntatem
1514 1035 1595 1070 eius,
1631 1034 1690 1063 sed
1720 1043 1823 1072 prope
1848 1039 1896 1062 est
1924 1033 2059 1062 verbum
2083 1033 2114 1062 111

1137 1088 1193 1108 ore
1216 1084 1272 1108 tuo
1293 1083 1323 1107 et
1343 1078 1375 1106 in
1399 1077 1499 1107 corde
1520 1083 1586 1106 tuo.
1631 1076 1702 1105 'Nec
1728 1081 1825 1114 caput
1850 1085 1972 1104 nonum
1996 1075 2038 1104 ad
2050 1074 2115 1104 Ro-

1142 1129 1256 1150 manos
1291 1120 1440 1149 dissentit
1475 1119 1516 1148 ab
1540 1118 1604 1147 1136
1627 1118 1799 1153 sententia,
1835 1126 1932 1156 quam
1956 1117 2117 1152 recensui,

1142 1163 1228 1202 quod
1264 1163 1377 1191 dextre
1410 1159 1608 1191 intellectum
1643 1159 1832 1190 dulcissima
1858 1157 2043 1188 consolatio
2068 1166 2116 1189 est

1141 1206 1201 1243 piis
1225 1204 1399 1234 mentibus.
1426 1203 1464 1232 Ut
1489 1203 1573 1232 enim
1597 1211 1673 1232 tunc
1698 1202 1820 1233 Iudaici
1845 1201 2019 1240 pontifices
2043 1211 2118 1240 pro-

1142 1253 1214 1285 pter
1237 1246 1433 1276 ordinariam
1457 1245 1704 1274 successionem
1734 1250 1765 1273 et
1788 1242 1896 1283 legem
1921 1243 2119 1273 damnabant

1141 1287 1343 1328 Apostolos3
1376 1288 1420 1317 ita
1438 1297 1525 1317 nunc
1548 1286 1720 1326 pontifices
1744 1292 1773 1316 et
1797 1286 1908 1323 ceteri,
1933 1286 1986 1325 qui
2010 1284 2119 1315 defen-

1143 1332 1223 1361 dunt
1246 1340 1359 1360 eorum
1389 1339 1521 1359 errores
1545 1336 1679 1369 propter
1702 1327 1828 1359 titulum
1851 1338 1910 1358 560
1934 1329 2119 1358 successio-

1142 1383 1216 1403 nem
1241 1373 1448 1408 ordinariam,
1472 1377 1505 1401 ut
1530 1377 1661 1408 vocant,
1685 1372 1830 1401 iactitant
1854 1381 1891 1400 se
1914 1380 1989 1401 esse
2008 1380 2119 1400 veram

1142 1414 1204 1445 Dei
1218 1413 1403 1445 Ecclesiam
1426 1421 1457 1444 et
1477 1415 1714 1452 promissiones
1739 1414 1780 1443 ad
1803 1422 1840 1443 se
1865 1411 2064 1443 transferunt
2088 1419 2120 1443 et

1144 1458 1255 1487 dicunt
1267 1455 1453 1487 Ecclesiam
1476 1466 1541 1486 non
1564 1466 1666 1496 posse
1689 1465 1812 1492 errare,
1835 1455 1988 1485 damnant
2012 1461 2043 1485 et
2066 1465 2119 1485 oc-

1144 1500 1253 1529 cidunt
1277 1498 1374 1535 alios,
1397 1499 1451 1538 qui
1475 1498 1646 1539 Evangelii
1669 1500 1841 1538 puritatem
1865 1496 2118 1538 amplectimtus,

1144 1548 1176 1572 et
1198 1547 1353 1581 tanquam
1384 1541 1559 1571 seditiosos
1583 1542 1694 1571 dicunt
1719 1539 1840 1571 bellum
1862 1539 1982 1570 inferre
2005 1538 2121 1570 Eccle-

1144 1585 1223 1613 siae.
1269 1583 1445 1613 Adversus
1479 1582 1565 1613 hanc
1597 1584 1742 1623 speciem
1766 1583 1806 1612 116
1828 1582 2045 1613 successione
2069 1592 2120 1611 01·-

1144 1626 1266 1656 dinaria
1290 1626 1482 1656 necessaria
1506 1632 1556 1655 est
1580 1626 1728 1656 doctrina
1752 1630 1783 1655 et
1806 1623 1989 1655 consolatio
2002 1624 2120 1654 tradita

1144 1669 1175 1698 in
1200 1678 1273 1707 cap.
1296 1667 1327 1697 9.
1352 1668 1392 1697 311
1415 1667 1595 1697 Romanos.

1229 1710 1281 1739 Ac
1315 1709 1435 1749 duplex
1472 1709 1655 1739 consolatio
1690 1710 1897 1749 proponitur:
1942 1708 2119 1746 Docemur,

1146 1762 1230 1791 quae
1254 1753 1295 1782 sit
1319 1762 1396 1782 vera
1422 1750 1586 1787 Ecclesia,
1611 1750 1761 1781 1111611661
1786 1758 1901 1781 coetus
1926 1751 2065 1781 credens
2088 1752 2120 1781 in

1146 1793 1246 1824 filium
1268 1793 1342 1830 Dei,
1367 1801 1394 1823 ei
1422 1804 1670 1833 praemonemur
1693 1793 1778 1823 hanc
1800 1792 1987 1825 Ecclesiam
2010 1803 2120 1823 veram

1146 1847 1211 1867 non
1243 1835 1410 1877 alligatam
1445 1846 1522 1866 6556
1551 1837 1593 1866 311
1627 1835 1753 1866 titulum
1787 1846 1847 1866 seu
1876 1836 2121 1867 successionem

1147 1879 1343 1909 ordinariam
1365 1878 1561 1908 Pontificum
1591 1884 1620 1908 et
1645 1877 1869 1919 collegiorum.
1913 1878 2042 1909 Deinde
2067 1879 2122 1908 do-

1147 1931 1260 1952 cenmr
1279 1931 1342 1951 nec
1365 1920 1472 1961 legem
1497 1931 1572 1950 esse
1597 1931 1750 1951 caussam
1770 1920 1953 1957 electionis,
1976 1921 2036 1951 sed
2046 1931 2121 1960 pro-

1146 1970 1218 2003 pter
1252 1962 1352 1993 filium
1375 1963 1436 1993 Dei
1472 1962 1580 1993 offerri
1613 1963 1868 1993 misericordiam
1892 1964 2043 1993 munibus
2066 1973 2121 2002 ap-

1146 2005 1433 2046 prehendentibus.
1477 2005 1517 2035 Et
1553 2006 1681 2046 quidem
1715 2012 1827 2045 aperte
1861 2006 1937 2035 (11611,
1967 2014 2122 2040 caussam

1146 2048 1385 2088 reprobationis
1404 2058 1480 2078 esse
1499 2048 1882 2087 pertinaciamadversus
1900 2046 2010 2078 filium.
2036 2047 2122 2081 Qua—

1148 2101 1182 2119 re
1216 2089 1319 2120 iarael
1343 2090 1501 2120 sectando
1525 2089 1633 2131 legem
1656 2091 1798 2120 iustitiae
1821 2100 1887 2120 non
1910 2091 2057 2130 pervenit
2080 2091 2121 2120 ad

1147 2131 1252 2173 legem
1276 2133 1437 2163 iustitiae?
1471 2132 1566 2170 Quia,
1589 2134 1701 2173 inquit,
1724 2142 1789 2162 non
1813 2142 1854 2162 ex
1877 2132 1953 2169 fide,
1972 2133 2031 2162 sed
2053 2138 2122 2162 tan-

1149 2185 1244 2215 quam
1275 2185 1315 2205 ex
1349 2176 1503 2214 operibus
1538 2175 1632 2215 legis,
1666 2176 1698 2204 id
1722 2182 1789 2211 est,
1826 2175 1898 2204 ideo
1921 2175 2122 2211 reiiciuntur,

1149 2217 1222 2257 quia
1257 2216 1371 2247 nolunt
1406 2217 1518 2247 audire
1550 2217 1648 2247 11111110
1671 2223 1701 2247 et
1725 2217 1879 2246 assentiri
1904 2217 2121 2256 promissioni,

1150 2266 1180 2289 et
1204 2265 1397 2298 praetexunt
1418 2269 1583 2296 caussam,
1606 2260 1679 2299 quia
1704 2258 1878 2289 defendant
1900 2260 2054 2289 iustitiam
2077 2257 2122 2288 le-

1149 2302 1212 2341 gis,
1236 2302 1322 2341 quod
1346 2302 1495 2331 videatur
1517 2300 1638 2331 laxatio
1663 2300 1854 2341 disciplinae
1878 2300 1958 2338 fieri,
1983 2312 2056 2331 cum
2069 2301 2121 2331 de-

1150 2342 1287 2373 trahitur
1310 2342 1417 2384 gloria
1442 2345 1607 2383 operibus.

1236 2384 1316 2415 Cum
1361 2386 1458 2426 igitur
1501 2384 1652 2416 fascinati
1686 2396 1799 2416 errore
1822 2397 1882 2417 suo
1905 2388 2122 2417 adversantur

1149 2427 1341 2468 Evangelio,
1377 2438 1498 2457 caussa
1521 2429 1761 2468 reprobationis
1784 2430 1816 2459 in
1839 2429 1918 2469 ipsis
1939 2435 2004 2467 est,
2037 2430 2123 2460 sicut

1150 2476 1180 2499 et
1204 2477 1321 2510 postea
1343 2471 1375 2499 in
1400 2480 1472 2510 cap.
1498 2470 1546 2500 10.
1572 2469 1661 2501 clare
1685 2471 1802 2501 dicitur
1827 2474 1890 2509 [vs.
1914 2472 1999 2509 21.]:
2040 2471 2119 2501 Tota

1126 2530 1128 2537 ι
1151 2512 1202 2542 die
1237 2512 1377 2552 expandi
1398 2522 1514 2542 manus
1538 2523 1629 2543 meas
1653 2513 1694 2543 ad
1717 2512 1873 2554 populum
1897 2514 2121 2544 contradicen-

1919 2572 1967 2595 58*
