2358 2933
119 129 181 161 681

121 221 225 254 credit
242 220 275 250 in
298 218 427 255 Filium,
450 223 560 248 manet
583 217 630 247 ira
651 217 715 248 Dei
726 218 770 253 ⁵⁷)
795 226 895 257 super
919 226 1004 247 eum.
1029 215 1099 247 Etsi

120 265 219 306 igitur
242 268 319 293 sunt
341 270 483 302 magnae
507 260 644 290 virtutes
668 259 841 296 Aristidis,
871 257 979 295 Fabii,
1004 258 1100 289 Pom-

121 306 210 348 ponii
232 305 334 335 Attici
363 308 395 334 et
422 302 590 337 similium,
624 307 733 332 tamen
761 302 905 332 sciamus
935 301 967 331 in
998 301 1045 333 eis
1069 307 1099 332 et

121 347 241 380 malum
275 344 434 387 originale
469 345 632 376 mansisse
667 349 699 374 et
733 343 835 374 corda
867 342 972 373 fuisse
1001 342 1100 383 plena

120 390 358 422 dubitationum
382 394 413 418 et
436 387 611 418 multorum
636 386 831 417 vitiosorum
855 385 1046 423 affectuum,
1071 392 1101 417 et

121 432 267 464 defuisse
290 431 489 472 agnitionem
501 429 634 466 Christi,
658 436 690 459 et
713 427 836 460 nullam
859 427 963 458 fuisse
987 438 1100 459 veram

121 474 363 507 invocationem
386 472 459 503 Dei.

207 516 336 547 Deinde
359 522 389 546 et
414 514 478 545 hoc
493 514 753 549 consideremus,
777 511 936 552 plurimos
956 522 1101 543 summos

124 560 223 596 virOS,
246 559 278 589 in
302 558 420 599 quibus
443 556 503 587 fuit
526 555 694 587 excellens
717 555 835 593 virtus,
865 561 972 586 tamen
996 553 1101 595 pollu-

123 609 175 633 tos
199 612 277 632 esse
299 601 484 642 insignibus
508 599 655 640 flagitiis,
679 608 745 638 qua
767 608 809 628 ex
832 607 869 628 re
885 596 1021 638 intelligi
1044 607 1101 637 po-

123 650 198 681 test,
223 643 328 675 fuisse
352 653 411 674 eos
434 643 467 672 in
486 646 652 681 potestate
667 639 809 677 Diaboli,
833 646 867 671 ut
891 646 1014 681 quanta
1037 646 1102 670 tur—

122 687 236 728 pitudo
255 685 315 717 fuit
337 687 369 716 in
392 685 539 715 moribus
563 681 725 720 Herculis,
748 682 994 719 Themistoclis,
1018 682 1102 713 Pau-

124 731 250 766 saniae,
273 727 455 758 Alexandri
477 732 507 756 61
532 724 706 756 multorum
730 724 878 762 aliorum,
913 736 987 756 cum
1012 726 1101 755 initio

123 771 263 803 fuissent
294 769 537 801 modestissimi.
584 768 674 799 Haec
705 766 852 808 exempla
883 766 1102 799 commonefa—

125 815 212 846 ciant
234 823 307 850 nos,
330 823 371 843 ne
391 818 603 842 extenuemus
627 810 750 841 Christi
773 810 989 852 agnitionem,
1019 811 1102 840 sicut

126 855 215 887 multi
237 855 372 891 faciunt,
397 856 453 895 qui
475 852 635 883 Ethnicos
659 854 690 883 in
716 851 844 883 coelum
866 852 1002 888 tollunt3
1036 852 1102 882 lmo

125 909 165 930 eo
194 899 300 940 magis
324 899 494 928 timeamus
524 897 605 926 iram
627 896 710 932 Dei,
747 906 819 926 cum
848 894 922 926 illos
953 895 1103 926 videmus

126 942 267 972 reiectos
293 950 369 971 esse
393 946 427 970 et
455 939 546 969 varie
569 949 608 969 36
630 937 830 969 horribiliter
853 938 1104 974 contaminatos,

126 994 201 1016 cum
229 989 337 1014 tamen
365 983 398 1012 in
422 983 470 1012 eis
493 980 612 1011 fuerint
634 979 755 1011 multae
779 979 981 1011 excellentes
1006 981 1104 1011 111111-

127 1033 186 1057 tes.
233 1025 305 1056 Nec
332 1031 580 1056 contemnamus
615 1022 715 1054 filium
737 1022 818 1059 Dei,
853 1033 914 1053 nec
944 1023 1105 1064 fingamus

127 1068 276 1099 homines
300 1068 370 1098 sine
393 1066 461 1097 filio
473 1065 536 1096 Dei
561 1065 708 1096 salvatos
734 1075 821 1102 esse,
846 1075 908 1096 1166
931 1064 1106 1096 conculce-

127 1121 199 1142 mus
223 1111 419 1152 sanguinem
443 1107 586 1139 filiiDei.
632 1108 722 1139 Haec
747 1109 787 1139 de
801 1118 866 1139 non
879 1109 1001 1138 renatis
1012 1117 1107 1148 prae-

127 1152 183 1184 fati
208 1163 335 1190 sumus,
357 1154 390 1183 in
415 1152 536 1193 quibus
561 1152 670 1181 omnia
694 1150 834 1181 actualia
865 1157 1002 1191 peccata
1031 1156 1105 1180 sunt

128 1194 290 1233 mortalia,
313 1195 400 1226 sicut
419 1192 592 1235 originale,

214 1238 282 1269 Sed
306 1248 379 1268 cum
404 1238 444 1268 de
456 1235 676 1267 reconciliatis
700 1236 828 1273 dicitur,
851 1241 968 1275 postea
985 1235 1108 1266 discer-

128 1287 248 1312 nuntur
272 1279 411 1310 venialia
433 1285 465 1309 et
488 1277 649 1315 mortalia,
672 1288 712 1308 ac
735 1278 878 1308 venialia
900 1284 1037 1318 peccata
1050 1288 1107 1308 vo-

127 1329 244 1354 cantur
265 1324 372 1362 ipsum
395 1321 514 1352 malum
539 1319 698 1362 originale
722 1327 752 1350 et
771 1319 914 1351 actualia
937 1318 1035 1351 multa
1062 1320 1106 1350 in-

129 1367 250 1396 teriora
275 1365 455 1406 pugnantia
474 1375 547 1395 cum
572 1363 664 1404 Lege
686 1362 761 1400 Dei,
785 1364 902 1404 quibus
926 1370 1034 1393 tamen
1057 1372 1107 1393 re-

128 1409 195 1439 nati
230 1413 430 1449 repugnant,
465 1412 496 1438 61
531 1405 632 1437 11111113
665 1412 804 1446 peccata
837 1407 1047 1447 ignorantiae
1075 1411 1107 1436 et

128 1451 328 1482 omissionis.
373 1450 444 1481 Nec
463 1455 677 1480 extenuemus
701 1448 783 1479 haer
807 1448 903 1486 mala,
921 1455 958 1480 ut
971 1448 1108 1479 Senten-

129 1494 213 1524 tiarii
236 1492 404 1524 finxerunt
427 1491 556 1522 veniale
574 1498 747 1531 peccatum
760 1501 836 1522 esse
849 1492 1003 1532 quiddam
1015 1501 1108 1532 prae-

129 1542 180 1567 ter
203 1535 327 1576 Legem
350 1534 425 1572 Dei,
448 1544 514 1565 non
539 1539 654 1565 contra
666 1534 792 1574 Legem
813 1533 888 1564 Dei.
933 1533 995 1564 Hic
1017 1543 1110 1564 error

130 1579 320 1609 necessario
344 1578 507 1608 taxandus
532 1583 594 1607 est.
640 1576 723 1607 Nam
746 1575 847 1613 11366,
876 1586 960 1617 quae
988 1586 1109 1607 vocan-

130 1627 182 1652 tur
204 1619 358 1656 venialia,
380 1626 457 1650 sunt
476 1620 621 1661 ingentia
644 1618 728 1650 mala
751 1620 928 1659 pugnantia
949 1629 1021 1649 611111
1034 1617 1109 1659 lege

130 1663 205 1694 Dei.
228 1673 313 1704 quae
336 1668 448 1693 essent
464 1673 524 1693 sua
538 1668 653 1692 natura
666 1660 826 1698 mortalia,
850 1662 881 1692 id
894 1667 956 1698 est,
976 1667 1110 1702 propter

130 1716 216 1747 quae
240 1706 450 1735 damnaretur
473 1704 571 1735 homo
591 1710 729 1734 aeterna
746 1704 804 1741 ira,
829 1705 892 1734 nisi
915 1710 1051 1744 propter
1074 1704 1109 1734 fi-

130 1748 205 1779 lium
235 1747 297 1778 Dei
329 1746 553 1778 reronciliatis
580 1747 766 1777 condonata
794 1754 918 1777 6556111.
963 1747 1110 1777 Necesse

130 1797 180 1822 cst
205 1797 313 1821 autem
337 1790 526 1820 discernere
560 1796 714 1830 peccata,
750 1799 834 1830 quae
865 1790 895 1820 in
926 1790 1049 1820 renatis
1078 1790 1109 1819 in

130 1833 194 1864 1136
217 1834 283 1863 vita
306 1839 454 1869 manent,
488 1833 529 1862 ab
565 1831 627 1862 illis
656 1833 823 1872 peccatis,
856 1838 992 1873 propter
1023 1842 1108 1873 quae

130 1877 321 1907 amittuntur
345 1877 467 1916 gratia,
498 1875 639 1915 Spiritus
674 1881 810 1905 sanctus
845 1881 876 1905 et
906 1874 999 1905 fides.
1050 1875 1108 1905 Est

131 1919 229 1960 igitur
263 1917 392 1949 actuale
426 1916 563 1948 mortale
598 1919 628 1947 in
656 1916 787 1948 labente
817 1923 893 1958 post
917 1917 1109 1948 reconcilia—

131 1962 251 1992 tionem
271 1961 357 1991 actio
382 1961 518 1990 interior
540 1958 594 1990 161
617 1961 760 1990 exterior
782 1971 936 2001 pugnans
949 1971 1023 1991 cum
1035 1959 1109 2001 lege

130 2003 211 2041 Dei,
248 2002 335 2034 facta
370 2008 486 2033 contra
515 2003 769 2039 conscientiam,
810 2002 884 2034 talis·
913 2004 997 2033 enim
1024 2004 1109 2033 actio

130 2045 207 2077 facit
231 2056 323 2078 reum
346 2053 500 2076 aeternae
521 2046 601 2075 irae.
648 2044 744 2080 Quod
768 2047 852 2077 enim
877 2044 975 2086 aliqui
999 2046 1110 2087 imagi—

131 2095 251 2120 nantur
280 2088 406 2119 electos
421 2089 466 2121 ⁵8)
491 2094 626 2119 ruentes
651 2094 763 2119 contra
787 2089 1021 2119 conscientiam
1044 2099 1109 2119 non

132 2131 299 2162 effundere
323 2130 480 2171 Spiritum
509 2136 677 2167 sanctum,
712 2130 907 2163 manifestus
937 2137 987 2162 est
1018 2142 1111 2162 error

132 2180 163 2205 et
186 2174 378 2204 necessario
403 2172 704 2213 reprehendendus.
749 2174 820 2204 Nec
844 2175 884 2205 de
902 2181 1042 2214 peccato
1065 2175 1110 2205 iu·

132 2217 281 2247 dicantes
305 2222 492 2246 scrutemur
515 2214 725 2253 electionem,
749 2218 808 2247 sed
833 2218 1016 2248 intueamur
1038 2227 1111 2248 ver-

133 2259 207 2289 bum
231 2258 294 2290 Dei
323 2259 421 2288 nohis
445 2258 615 2295 traditum,
644 2264 677 2288 ut
705 2257 908 2290 voluntatem
931 2259 994 2290 Dei
1022 2270 1111 2291 mon-

133 2307 231 2339 stret,
267 2307 297 2332 et
328 2310 589 2341 expavescamus
626 2309 849 2342 agnoscentes
873 2303 1024 2334 iudicium
1047 2302 1110 2333 Dei

132 2345 337 2384 propositum
361 2345 392 2374 in
418 2344 520 2374 verbo
545 2349 575 2373 et
599 2343 630 2372 in
655 2343 830 2384 exemplis,
854 2356 914 2375 nec
939 2345 1110 2376 confirme-

134 2396 204 2417 mus
229 2387 260 2417 in
285 2386 394 2417 stultis
418 2387 626 2416 securitatem
652 2392 682 2416 et
705 2387 905 2419 coecitatem

134 2565 179 2592 58)
199 2565 305 2597 electos]
327 2567 399 2597 Corp.
419 2568 441 2592 2.
461 2568 483 2591 4.
503 2569 552 2597 typ.
572 2573 671 2593 errore:
690 2567 787 2591 electus

601 124 622 156 1.
647 123 748 155 LOCI
770 122 1046 154 THEOLOGICI:
1070 124 1112 155 D.
1136 122 1297 154 TERTIA
1319 122 1474 154 EORUM
1499 122 1654 154 AETAS.

1133 2443 1135 2451 ¹
1157 2432 1286 2462 actione
1310 2432 1438 2462 vitiosis
1463 2430 1526 2462 illis
1549 2431 1690 2462 motibus
1716 2436 1748 2461 et
1770 2430 1921 2462 flammis.

134 2514 179 2543 5‘)
199 2515 242 2539 D*
278 2515 295 2540 b
328 2516 392 2540 tab
411 2515 473 2540 Ed‘tt
506 2517 536 2540 ¹⁰
566 2516 592 2540 Η
627 2516 656 2540 ¹3
693 2517 725 2541 3⁴
772 2518 788 2540 t
868 2518 875 2540 1
915 2517 930 2541 8
966 2517 982 2542 ⁰
1047 2518 1055 2539 1
1085 2518 1099 2542 2
1133 2473 1297 2518 {ligenter
1327 2474 1465 2504 docendi
1496 2480 1572 2504 511111
1601 2474 1749 2504 homines
1781 2475 1821 2505 de
1849 2473 1913 2505 hoc
1937 2474 2135 2510 discrimine,

154 2522 162 2538 t
220 2520 326 2540 erues
447 2523 482 2540 1.
538 2535 543 2540 .
599 2516 1134 2547 .*—.,*orp.—..np...¹

2065 120 2130 152 682

1230 216 1338 247 Adam
1368 222 1399 247 et
1422 216 1493 246 Eva
1521 222 1615 247 erant
1646 214 1759 251 electi,
1794 221 1824 245 et
1854 221 1962 245 tamen
1988 224 2024 244 re
2048 225 2127 245 vera

1143 259 1323 289 amiserunt
1346 258 1504 299 Spiritum
1528 264 1680 289 sanctum
1703 259 1734 288 in
1754 256 1851 298 lapsu
1875 258 1985 288 aversi
2009 267 2027 287 a
2041 256 2127 294 Deo,

1145 307 1177 331 et.
1202 300 1281 331 facti
1304 306 1380 331 sunt
1403 302 1449 331 rei
1472 307 1628 332 aeternae
1651 301 1727 331 irae.
1775 300 1868 331 Sicut
1880 299 2005 331 Paulus
2024 300 2125 340 inquit

1146 342 1251 381 [Rom.
1271 343 1302 380 5,
1324 343 1405 381 181:
1429 342 1494 373 Per
1518 344 1612 374 unius
1637 349 1806 384 peccatum
1828 343 1860 372 in
1885 352 2000 372 omnes
2024 341 2127 372 homi-

1144 395 1204 416 nes
1228 387 1374 425 pervenit
1400 386 1640 416 condemnatio.

1231 427 1273 458 Et
1295 427 1394 458 Deut.
1418 427 1449 458 9.
1487 432 1549 465 [vs.
1573 427 1641 466 20.]
1677 428 1851 458 Adversus
1880 426 1992 458 Aaron
2030 427 2128 458 valde

1144 471 1248 501 iratus
1272 476 1324 500 est
1336 469 1509 507 Dominus,
1532 476 1566 500 ut
1590 470 1716 501 deleret
1741 480 1826 506 eum,
1850 470 1909 500 sed
1932 480 1992 510 pro
2017 480 2057 500 eo
2073 471 2128 500 de·

1145 519 1300 553 precatus
1335 519 1386 542 est
1420 512 1568 554 Moyses.
1624 513 1697 542 Non
1732 511 1902 543 eludamus
1939 512 2128 543 tristissima

1146 556 1248 585 verba
1271 555 1413 595 Spiritus
1438 556 1555 592 sancti,
1579 565 1652 585 cum
1676 556 1734 587 ait,
1760 553 1865 584 Deum
1890 553 1987 585 valde
2008 555 2128 586 iratum

1145 596 1267 633 fuisse,
1300 607 1363 628 nec
1398 597 1561 639 fingamus
1592 596 1701 628 Deum
1735 606 1870 627 saxeum
1906 603 1938 627 et
1968 598 2126 628 Stoicum.

1146 639 1217 670 Etsi
1241 641 1325 670 enim
1348 638 1442 670 aliter
1465 640 1620 670 irascitur
1664 639 1776 676 Deus,
1808 639 1903 669 aliter
1925 639 2045 677 homo,
2081 646 2128 670 ta—

1147 691 1220 712 men
1261 692 1340 712 vere
1379 683 1558 712 sentiamus
1600 680 1706 713 fuisse
1738 683 1856 712 iratum
1892 682 2032 720 Aaroni,
2067 692 2128 712 1166

1147 724 1313 755 Aaronem
1336 723 1440 755 fuisse
1463 731 1542 755 tunc
1565 725 1596 754 in
1620 725 1742 765 gratia,
1772 725 1832 755 sed
1864 734 1955 755 reum
1978 732 2127 755 aeterna-

1147 777 1219 798 rum
1248 777 1439 807 poenarum.
1496 767 1689 798 Horrendus
1725 766 1841 807 lapsus
1872 773 1943 797 erat
1973 768 2128 803 Aaronis,

1148 810 1203 850 qui
1233 815 1321 840 metu
1353 815 1501 840 cesserat
1524 808 1670 847 furiosis,
1705 810 1758 850 qui
1782 809 1981 851 Aegyptium
2005 809 2128 840 cultum

1148 853 1371 882 instituebant.
1417 852 1489 883 Hoc
1513 852 1663 893 exemplo
1687 853 1799 882 moniti
1817 862 1882 883 non
1896 852 2128 883 confirmemus

1149 895 1370 932 securitatem,
1384 896 1443 925 sed
1455 905 1677 936 agnoscamus
1692 894 1817 925 electos
1835 901 1867 925 et
1879 901 2013 925 renatos
2028 905 2130 935 posse

1149 936 1349 968 horribiliter
1370 935 1447 975 labi,
1471 938 1530 968 sed
1553 936 1668 978 lapsos
1692 939 1772 968 iram
1796 937 1859 968 Dei
1883 938 2004 968 debere
2027 948 2129 978 agno-

1150 989 1246 1010 scere
1269 986 1299 1010 et
1324 990 1440 1010 rursus
1464 981 1506 1010 ad
1517 979 1626 1011 Deum
1639 980 1798 1018 converti,
1822 990 1883 1011 nec
1906 981 2130 1021 magnitudine

1150 1021 1301 1062 lapsuum
1316 1022 1550 1060 deterreamur,
1574 1033 1638 1063 quo
1652 1024 1757 1053 minus
1773 1023 1943 1054 redeamus
1959 1023 2000 1053 ad
2012 1021 2129 1053 Deum.

1150 1064 1234 1095 Nam
1257 1066 1364 1106 gratia
1389 1066 1546 1096 exuberat
1570 1076 1669 1106 supra
1693 1072 1876 1107 peccatum,
1910 1071 1944 1095 ut
1967 1076 2028 1096 suo
2052 1064 2128 1096 loco

1153 1108 1326 1138 dicendum
1356 1114 1416 1138 est.
1463 1107 1502 1137 Et
1531 1108 1614 1138 11366
1638 1108 1782 1138 Aaronis
1811 1107 1950 1138 historia
1981 1113 2131 1144 testatur,

1152 1150 1327 1191 agentibus
1357 1151 1587 1189 poenitentiam
1623 1161 1741 1191 magna
1776 1156 1805 1182 et
1836 1151 1960 1181 atrocia
1995 1156 2130 1191 peccata

1153 1193 1282 1222 remitti.
1340 1192 1395 1222 Sic
1425 1194 1464 1223 de
1495 1192 1651 1230 Davidis,
1686 1192 1875 1224 Salomonis
1904 1199 1934 1223 et
1966 1192 2131 1223 Manassis

1152 1234 1302 1275 lapsibus
1325 1236 1531 1265 sentiendum
1555 1242 1616 1265 est.

1239 1276 1279 1307 Et
1293 1277 1432 1308 loannes
1453 1276 1542 1308 clare
1564 1278 1669 1319 inquit
1693 1278 1736 1315 [l.
1750 1288 1800 1319 ep.
1815 1277 1918 1316 3,S.]:
1943 1277 2047 1308 Nemo
2072 1289 2132 1308 vos

1154 1319 1312 1360 decipiat;
1349 1321 1402 1361 qui
1433 1319 1512 1351 facit
1539 1321 1710 1358 iustitiam,
1742 1321 1847 1352 iustus
1871 1326 1940 1356 est3
1976 1321 2029 1361 qui
2053 1319 2131 1351 facit

1153 1369 1337 1403 peccatum,
1361 1373 1400 1393 ex
1424 1361 1567 1395 Diabolo
1587 1369 1649 1394 est.

1238 1404 1279 1435 Et
1303 1405 1386 1446 Eph.
1411 1405 1441 1436 5.
1467 1408 1531 1444 [vs.
1550 1405 1595 1446 6.]
1619 1405 1759 1446 Propter
1781 1405 1865 1437 haec
1888 1406 1976 1437 venit
2000 1407 2047 1436 ira
2071 1405 2132 1436 Dei

1155 1458 1254 1488 super
1277 1448 1513 1479 inobedientes.

1239 1489 1451 1521 Manifestum
1474 1497 1525 1522 est
1536 1492 1646 1533 igitur,
1669 1490 1796 1522 electos
1821 1498 1853 1522 et
1876 1498 2009 1522 renatos
2031 1501 2134 1532 posse

1155 1533 1304 1564 amittere
1328 1534 1478 1575 gratiam,
1502 1544 1542 1565 ac
1556 1535 1774 1565 discernenda
1786 1544 1862 1565 esse
1874 1541 2024 1575 peccata,
2049 1544 2133 1575 quae

1156 1582 1286 1606 manent
1320 1577 1354 1606 in
1385 1577 1536 1607 onmibus
1567 1577 1690 1608 renatis
1714 1578 1745 1607 in
1768 1576 1832 1608 1136
1856 1577 1921 1607 vita
1951 1587 2011 1608 nec
2036 1587 2134 1607 excu-

1155 1619 1238 1649 tiunt
1261 1618 1417 1660 Spiritum
1441 1626 1609 1657 sanctum,
1644 1621 1684 1651 ab
1704 1619 1776 1650 aliis
1800 1619 1965 1660 lapsibus,
1999 1625 2135 1660 propter

1156 1671 1240 1702 quos
1264 1662 1420 1692 amittitur
1439 1663 1554 1703 gratia.

1242 1704 1292 1734 Ac
1304 1704 1426 1735 Paulus
1440 1706 1615 1735 discrimen
1628 1705 1757 1735 tradidit
1771 1705 1862 1736 Rom.
1875 1704 1905 1736 S.
1920 1707 2003 1743 [κ’-55.
2017 1704 2056 1735 13
2069 1708 2132 1744 sq.l

1156 1746 1191 1776 Si
1214 1748 1395 1778 secundum
1419 1757 1551 1778 carnem
1575 1748 1737 1784 vixeritis,
1760 1748 1958 1783 morieminig
1993 1748 2020 1778 si
2054 1757 2133 1777 vero

1155 1790 1304 1820 actiones
1330 1791 1438 1820 carnis
1462 1791 1578 1830 spiritu
1602 1790 1851 1827 mortificabitis,
1875 1791 2005 1821 vivetis.
2041 1790 2134 1820 Fate-

1154 1838 1207 1862 tur
1232 1842 1308 1863 esse
1331 1833 1362 1862 iu
1387 1833 1510 1863 sanctis
1535 1833 1684 1864 actiones
1708 1834 1836 1871 carnis,
1859 1833 1892 1863 id
1916 1838 1982 1869 est,
2013 1831 2134 1863 multas

1154 1875 1292 1905 vitiosas
1310 1874 1549 1913 inclinatione-5,
1573 1876 1806 1913 dubitationes,
1830 1876 2050 1913 securitatem,
2076 1874 2134 1906 dif-

1155 1916 1317 1955 fidentias,
1342 1924 1491 1949 errantes
1504 1918 1733 1955 confidentias,
1750 1928 1874 1959 pravos
1885 1917 2035 1949 affectus.
2067 1917 2133 1948 Sed

1155 1960 1208 1990 his
1232 1962 1276 1991 ait
1299 1961 1548 2002 repugnandum
1573 1970 1648 1991 esse
1671 1961 1796 2001 spiritu,
1819 1962 1851 1991 id
1876 1967 1937 1998 est,
1961 1959 2134 2002 spirituali-

1157 2005 1217 2034 bus
1236 2004 1391 2041 motibus,
1414 2004 1623 2034 invocatione
1646 2002 1720 2041 Dei,
1743 2004 1870 2041 timore,
1894 2003 1969 2041 fide,
1992 2002 2134 2034 toleran-

1156 2047 1200 2076 tia
1218 2045 1377 2086 spirituali
1390 2047 1536 2077 intuente
1549 2046 1668 2083 Deum,
1692 2048 1844 2078 castitate
1857 2048 2002 2077 intuente
2014 2045 2134 2077 Deum.

1156 2088 1195 2118 Et
1218 2095 1351 2119 manent
1373 2090 1405 2119 in
1429 2090 1533 2131 gratia
1559 2090 1674 2126 renati,
1699 2090 1824 2119 etiamsi
1855 2095 1932 2120 sunt
1960 2090 1993 2119 in
2018 2090 2065 2119 eis
2089 2088 2134 2119 illi

1156 2132 1265 2162 vitiosi
1299 2131 1455 2169 affectus,
1489 2133 1517 2162 si
1548 2139 1655 2163 tamen
1679 2139 1862 2173 repugnant
1891 2138 1922 2163 et
1946 2131 2010 2162 fide
2033 2142 2135 2172 agno-

1158 2181 1253 2204 scunt
1290 2175 1564 2205 condonationem
1599 2181 1733 2215 propter
1768 2174 1946 2205 Christum.
2005 2174 2073 2205 Sed
2108 2175 2135 2204 si

1157 2227 1221 2247 11011
1246 2224 1442 2259 repugnant,
1465 2218 1508 2248 ait
1533 2218 1711 2248 morituros
1733 2227 1819 2248 esse.

1243 2259 1287 2290 Ut
1314 2267 1423 2291 autem
1452 2259 1586 2301 intelligi
1617 2261 1738 2300 possit,
1773 2261 1827 2300 qui
1860 2260 1924 2290 sint
1950 2270 2016 2290 non
2041 2269 2136 2299 repu-

1133 2334 1134 2341 Ὶ
1157 2308 1316 2344 gnantes.
1352 2303 1490 2344 gradum
1513 2304 1698 2340 constituit,
1732 2302 1885 2334 videlicet
1907 2302 2137 2344 delinquentes

1158 2352 1273 2377 contra
1296 2346 1548 2383 conscientiam,
1572 2345 1636 2376 hoc
1660 2352 1723 2382 est,
1748 2355 1823 2383 605,
1858 2347 1912 2387 qui
1936 2346 2081 2377 scientes
2105 2351 2138 2376 61,

1157 2388 1308 2419 volentes
1320 2387 1491 2430 indulgent
1503 2394 1557 2419 aut
1574 2389 1670 2419 etiam
1694 2389 1921 2429 obtemperant
1945 2389 1986 2465 i?2
2001 2394 2138 2459 exterilia

1990 2440 2069 2461 uare
2093 2443 2098 2459 t
2115 2441 2137 2459 1-

1156 2524 1190 2547 11*
1223 2523 1360 2547 caveant
1389 2516 1504 2557 lapsus
1533 2522 1645 2547 contra
1676 2517 1910 2547 conscientiam
1941 2523 1973 2547 et
1996 2522 2032 2547 ut
2053 2515 2137 2556 lapsi

1156 2569 1270 2590 rursus
1294 2559 1335 2590 ad
1359 2558 1465 2590 Deum
1488 2566 1731 2591 convertantur.
