2358 2933
103 139 163 170 421

105 231 234 272 quidem
265 235 295 260 et
324 228 467 259 illustrat
498 226 617 257 Christi
643 225 818 261 beneficia,
842 229 872 253 et
895 232 992 253 veros
1018 221 1081 251 Dei

108 272 214 304 cultus
239 275 400 302 monstrat
424 274 455 299 et
485 268 742 299 Christianorum
771 266 933 306 proprios.
985 263 1081 297 Quod

106 321 212 347 autem
242 313 404 343 theatrum
434 309 521 340 aliud
552 310 753 350 quaerimus,
793 308 854 337 nisi
887 306 1080 347 Ecclesiam,

106 359 170 388 hoc
193 361 253 392 est,
271 355 410 394 piorum,
434 353 606 383 doctorum
619 357 649 381 et
668 351 844 391 peritorum
862 348 1082 378 consensum?

109 400 168 430 Hic
193 398 219 427 si
242 397 339 427 nobis
362 395 613 436 suffragabitur,
636 403 702 423 non
725 390 821 422 valde
840 400 1003 420 moremur
1026 389 1082 418 ini-

109 452 173 482 qua
197 444 252 470 aut
274 439 369 469 etiam
397 436 598 467 calumniosa
621 435 825 465 indoctorum
844 438 900 463 aut
923 430 1082 461 malorum

107 483 237 514 iudicia.

193 523 235 554 Et
259 529 292 553 ut
322 521 498 562 aliquando
528 521 569 551 ad
592 529 726 549 causam
756 517 924 548 accedam.
976 515 1083 544 Evan-

109 566 246 610 gelium,
270 571 303 595 ut
331 565 412 601 dixi,
442 565 538 594 (locet
561 563 592 592 in
616 571 741 591 summa
766 560 806 589 de
830 558 1029 599 poenitentia
1054 561 1083 586 et

108 609 301 640 remissione
322 611 532 647 peccatorum
550 609 682 643 propter
695 601 872 632 Christum.
909 600 963 630 Sic
986 599 1084 640 igitur

110 650 351 691 simplicissime
375 649 415 677 de
431 646 662 677 lustificatione
675 646 758 675 dico.
796 641 1012 685 Evangelium
1036 651 1085 670 ar-

111 694 179 734 guit
208 695 346 732 peccata
369 696 400 720 et
423 690 536 725 docet,
562 688 657 717 nobis
688 697 771 727 opus
801 695 876 715 esse
905 684 1085 714 mediatore

110 735 253 769 Christo,
276 737 411 772 propter
425 741 520 772 quem
535 730 696 760 donentur
712 729 861 759 remissio
874 732 1084 767 peccatorum

110 783 141 808 et
164 773 399 806 reconciliatio.
438 773 547 807 Quare
570 782 711 802 necesse
731 777 791 808 est,
812 781 884 801 cum
908 770 948 799 de
967 767 1085 799 lustifi-

110 819 238 851 catione
256 817 431 858 loquimur,
456 815 651 845 mentionem
664 813 775 845 facere
793 812 996 843 remissionis
1009 820 1085 850 pec-

111 867 267 893 catorum.
314 859 364 889 Ac
387 857 483 899 plane
506 857 634 888 ridiculi
649 863 725 887 sunt
742 854 902 891 nonnulli,
926 854 992 894 qui,
1012 862 1086 883 cum

111 914 230 946 magna
249 901 413 935 volumina
440 901 480 930 de
509 899 741 930 iustificatione
770 898 940 934 ediderint,
965 894 1087 926 nullam

109 947 237 976 interim
255 945 451 974 mentionem
470 941 621 972 fecerunt
641 940 842 971 remissionis
861 944 1089 978 peccat0mm3

111 987 204 1028 quasi
228 985 311 1016 haec
334 983 414 1015 nihil
433 984 474 1014 ad
494 993 562 1013 rem
586 983 759 1023 pertineat.
796 981 902 1011 Porro
922 980 1087 1021 quomodo

111 1030 204 1060 Deus
234 1033 365 1058 moveat
393 1025 562 1056 infantium
585 1031 721 1065 pectora
750 1029 782 1054 et
811 1023 993 1053 sanctificet
1017 1031 1087 1057 eos,

112 1081 185 1103 cum
204 1081 262 1111 per
280 1069 477 1109 baptismum
497 1068 525 1097 ei
544 1067 735 1103 offeruntur,
755 1076 816 1096 suo
836 1064 910 1095 loco
931 1065 1087 1095 dicemus.

196 1113 291 1143 Nunc
314 1112 354 1142 de
377 1110 496 1141 adultis
520 1108 693 1150 loquimur,
712 1109 765 1149 qui
791 1108 930 1139 docendi
949 1112 1025 1137 sunt
1049 1116 1088 1136 ex

111 1153 313 1196 Evangelio,
347 1159 379 1184 et
408 1153 461 1194 qui
485 1163 524 1183 ex
549 1153 651 1182 verbo
676 1152 716 1182 de
740 1149 910 1182 voluntate
933 1150 996 1180 Dei
1021 1155 1088 1179 sta-

112 1203 204 1228 tuere
235 1197 364 1227 debent.
409 1195 503 1226 Mens
521 1193 759 1234 perterrefacta
782 1193 949 1235 agnitione
972 1201 1089 1232 pecca-

112 1245 220 1270 torum
239 1243 383 1269 statuere
403 1238 513 1273 debet,
532 1237 649 1267 remitti
670 1237 732 1267 sibi
745 1242 884 1276 peccata
897 1235 1001 1277 gratis
1015 1243 1089 1274 pro-

111 1288 184 1322 pter
205 1280 369 1311 Christum
387 1290 446 1320 per
458 1279 729 1316 misericordiam,
747 1288 813 1308 non
832 1283 967 1318 propter
986 1277 1089 1318 digni-

111 1329 210 1354 tatem
239 1322 461 1359 contritionis,
496 1320 680 1352 dilectionis
705 1327 761 1351 aut
786 1320 924 1350 aliorum
944 1329 1089 1359 operum.

113 1364 195 1396 Cum
212 1364 278 1395 hoc
296 1365 394 1394 modo
413 1364 477 1394 fide
495 1374 532 1393 se
549 1374 642 1394 mens
662 1364 769 1405 erigit,
792 1363 956 1393 donantur
978 1362 1090 1392 remis-

113 1409 162 1438 sio
185 1412 396 1447 peccatorum
427 1412 458 1437 et
487 1405 722 1436 reconciliatio.
768 1405 802 1436 Si
833 1405 917 1435 enim
946 1404 1091 1434 iudican-

115 1450 190 1479 dum
209 1454 394 1485 essetftum
414 1449 543 1480 demum
560 1458 621 1478 nos
642 1449 813 1479 habituros
833 1456 908 1477 esse
926 1447 1092 1477 remissio-

113 1501 188 1521 nem
217 1495 443 1531 peccatorum,
473 1501 546 1521 cum
577 1491 727 1521 contritio
756 1495 810 1520 aut
840 1487 971 1519 dilectio
1001 1487 1092 1519 suffi-

116 1534 208 1563 ciens
238 1538 346 1570 esset,
376 1533 566 1573 adigeretur
590 1533 717 1563 animus
741 1532 783 1562 ad
814 1532 1093 1571 desperationem:

115 1584 217 1615 quare
244 1580 280 1604 ut
302 1574 425 1604 habeat
454 1579 576 1604 certam
611 1580 643 1604 et
665 1574 792 1604 firmam
822 1572 1093 1609 consolationem,

114 1617 235 1657 pendet
258 1625 312 1646 res
331 1625 397 1646 non
417 1626 456 1646 ex
476 1617 661 1646 conditione
681 1616 849 1657 dignitatis
869 1621 1015 1653 nostrae,
1034 1615 1094 1645 sed

115 1668 155 1688 ex
189 1656 263 1688 sola
300 1658 525 1688 misericordia
554 1659 719 1697 promissa
754 1663 889 1697 propter
918 1657 1093 1688 Christum.

116 1700 207 1730 Haec
226 1705 316 1730 certe
339 1698 419 1729 nihil
444 1699 566 1730 habent
586 1700 736 1736 absurdi,
766 1699 845 1729 nihil
870 1699 1034 1740 perplexi,
1065 1700 1092 1729 si

116 1743 310 1782 scripturas,
334 1742 361 1771 si
380 1740 551 1771 Ecclesiae
571 1742 727 1772 exercitia
750 1742 963 1772 considerare
983 1740 1095 1772 volue-

114 1784 224 1814 rimus.
276 1783 386 1823 Atque
414 1784 459 1813 ita
488 1782 670 1814 detrahitur
697 1784 845 1814 meritum
876 1785 1032 1823 operibus
1063 1785 1095 1814 in

115 1826 309 1856 remissione
332 1831 560 1865 peccatoru1n;
579 1836 645 1856 non
665 1827 740 1866 quia
764 1836 826 1856 nos
845 1825 925 1855 nihil
944 1836 1094 1867 agamuS,

115 1868 175 1899 sed
193 1868 270 1908 quia
292 1867 441 1897 remissio
468 1872 519 1897 est
538 1868 688 1904 donatio,
711 1873 747 1898 ut
771 1869 813 1898 sit
833 1873 933 1897 certa.
979 1868 1096 1898 Restat

115 1910 232 1951 igitur,
262 1916 297 1940 ut
328 1907 523 1951 colligamus
554 1910 742 1940 testimonia
769 1909 866 1940 huius
898 1911 1093 1947 sententiae,

116 1952 204 1992 quod
229 1952 332 1993 gratis
361 1957 496 1992 propter
515 1951 680 1982 Christum
704 1951 781 1991 fide,
806 1963 872 1982 non
891 1959 1025 1992 propter
1049 1953 1095 1982 di-

117 1995 274 2035 gnitatem
292 1999 479 2024 nostrorum
498 2004 643 2034 operum,
663 2004 906 2034 consequamur
929 1996 1095 2025 remissio-

115 2046 191 2066 nem
213 2041 426 2076 peccatorum
445 2042 475 2066 et
496 2036 806 2067 reconciliationem.
854 2036 921 2067 Sed
936 2037 1027 2077 prius
1041 2038 1095 2068 de·

117 2076 316 2108 clarabimus
338 2077 464 2119 figuras
484 2079 659 2109 verborum
678 2079 710 2109 in
733 2078 796 2109 hac
818 2089 928 2109 causa.

202 2119 391 2149 lustificatio
422 2120 587 2161 significat
623 2121 850 2151 remissionem
880 2127 1093 2162 peccatomm

119 2167 150 2192 et
164 2160 463 2192 reconciliationem
476 2171 535 2193 seu
543 2164 804 2203 acceptationem
815 2174 980 2203 personae
993 2164 1035 2194 ad
1048 2164 1094 2195 vi-

116 2210 182 2234 tam
200 2210 377 2234 aeternam.
412 2203 494 2234 Nam
513 2204 671 2235 Hebraeis
691 2205 870 2236 iustificare
890 2211 940 2236 est
958 2205 1093 2237 forense

116 2247 270 2281 verbum3
292 2252 326 2276 ut
352 2246 378 2275 si
401 2246 521 2283 dicam,
549 2247 691 2288 populus
715 2247 884 2279 Romanus
903 2248 1094 2279 iustificavit

117 2289 302 2328 Scipionem
328 2294 520 2318 accusatum
551 2300 569 2319 a
598 2290 758 2327 tribunis,
789 2292 820 2321 id
851 2297 919 2328 est,
948 2290 1093 2322 absolvit

117 2340 176 2360 seu
209 2331 330 2361 iustum
360 2331 594 2369 pronuntiavit.
655 2332 800 2372 Sumpsit
833 2334 933 2374 igitur
968 2333 1092 2365 Paulus

117 2373 252 2402 verbum
272 2372 469 2402 iustificandi
489 2383 529 2403 ex
549 2375 785 2405 consuetudine
798 2375 949 2405 Hebraici
969 2385 1093 2406 sermo-

117 2414 167 2443 nis
191 2424 250 2453 pro
270 2415 514 2453 acceptatione,
542 2416 572 2445 id
593 2421 658 2453 est,
683 2426 743 2456 pro
764 2416 1031 2448 reconciliatione
1061 2424 1091 2448 et

119 2456 311 2485 remissione
333 2462 553 2495 peccatorum.
585 2458 733 2498 Cumque
752 2458 844 2489 Deus
864 2460 997 2490 remittit
1016 2471 1091 2500 pec-

119 2503 201 2545 cata,
220 2497 315 2527 simul
339 2498 437 2528 donat
456 2500 552 2529 nobis
572 2501 719 2540 spiritum
739 2507 899 2538 sanctum,
919 2503 973 2540 qui
986 2510 1090 2531 novas

118 2543 252 2568 virtutes
271 2540 302 2568 in
316 2540 377 2578 piis
397 2539 506 2570 efficit.
552 2541 591 2572 Et
610 2541 751 2572 libenter
770 2548 799 2570 et
818 2542 908 2572 clara
920 2551 1003 2572 voce
1016 2552 1091 2582 pro-

554 134 575 164 1.
600 132 701 163 LOCI
723 130 1003 163 THEOLOGICI:
1024 129 1061 159 C.
1087 126 1295 159 SECUNDA
1318 123 1472 156 EORUM
1497 121 1652 154 AETAS.

2035 119 2096 149 4⁶³0

2058 138 2097 149 —a

1126 220 1238 252 fiteor,
1263 224 1417 259 oportere
1444 217 1475 246 in
1502 216 1564 255 piis
1584 215 1726 244 existere
1756 223 1821 243 non
1841 218 1963 242 tantum
1992 212 2098 247 fidem,

1126 263 1185 291 sed
1210 262 1303 290 etiam
1323 259 1407 290 alios
1424 258 1551 289 fructus
1571 257 1722 297 Spiritus,
1745 262 1777 286 ut
1802 260 1918 294 postea
1943 254 2098 284 dicemus.

1124 304 1240 343 Neque
1270 309 1377 332 tamen
1407 306 1582 341 propterea
1610 299 1817 329 iudicandum
1852 302 1920 333 est,
1955 302 2100 326 nostram

1126 345 1315 385 dignitatem
1345 348 1399 373 aut
1429 343 1615 372 munditiem
1640 351 1773 371 causam
1796 339 1998 369 remissionis
2025 347 2100 378 pec-

1127 393 1274 417 catorum
1298 395 1384 416 esse.

1214 440 1311 470 Fides
1335 438 1500 480 significat
1522 438 1609 467 haud
1634 437 1730 467 dubie
1753 437 1784 466 in
1807 435 1870 465 hac
1895 445 1997 466 causa
2016 435 2102 474 apud

1127 481 1263 513 Paulum
1293 481 1445 512 fiduciam
1476 479 1722 510 misericordiae
1757 478 1940 517 promissae
1968 483 2104 517 propter

1128 524 1304 555 Christtun.
1348 523 1420 553 Etsi
1449 528 1557 552 autem
1579 521 1701 551 indocti
1724 521 1854 560 quidam
1878 519 2104 560 sycophantae

1128 568 1262 597 rabiose
1294 564 1472 595 reclamant
1501 570 1532 594 et
1561 568 1682 603 negant
1718 563 1782 592 fide
1811 563 1990 602 significari
2024 561 2105 591 fidn-

1129 610 1212 639 ciam
1240 607 1503 643 misericordiae,
1533 611 1640 636 tamen
1671 604 1750 634 nihil
1781 605 1891 634 dubito
1922 614 2105 644 provocare

1129 652 1171 682 ad
1194 660 1307 680 omnes
1332 650 1448 679 doctos
1469 654 1498 678 et
1518 649 1623 678 bonos
1642 648 1742 677 viros.
1778 645 1984 686 Campensis,
2007 646 2105 676 homo

1129 699 1256 729 acutus,
1281 693 1342 722 etsi
1366 691 1526 732 quaedam
1549 691 1580 719 in
1604 689 1667 719 hac
1686 694 1801 719 nostra
1820 689 2039 728 disputatione
2057 698 2106 718 re-

1129 735 1319 776 prehendit,
1353 740 1461 763 tamen
1494 733 1559 763 hoc
1595 732 1772 771 prudenter
1807 731 1910 768 videt,
1944 732 1974 761 in
2004 729 2107 761 Paulo

1129 778 1227 808 fidem
1245 775 1491 817 intelligendam
1511 785 1587 805 esse
1606 774 1758 804 fiduciam
1777 774 2033 803 misericordiae.
2068 772 2108 802 Et

1130 820 1215 850 hanc
1243 830 1346 850 meam
1376 819 1678 857 interpretationem
1701 816 1840 847 candide
1863 817 1992 856 probat.
2037 815 2109 845 Nec

1130 873 1210 894 vero
1236 861 1443 892 excludimus
1472 861 1617 890 notitiam
1644 858 1803 888 historiae
1828 859 1868 888 de
1892 857 2044 895 Christo,
2074 865 2107 887 ut

1132 905 1262 946 quidam
1286 903 1535 934 caltunniantur.
1582 901 1663 932 Cum
1688 902 1771 931 enim
1795 901 1931 931 dicimus
1955 901 2108 931 fiduciam

1132 947 1378 978 misericordiae
1412 946 1596 985 promissae
1630 949 1764 984 propter
1800 942 1983 979 Christum,
2021 948 2110 972 certe

1133 999 1245 1020 omnes
1269 987 1426 1018 articulos
1451 987 1525 1017 fidei
1550 985 1806 1027 complectimur,
1830 991 1860 1015 et
1880 985 2052 1015 historiam
2070 985 2110 1015 de

1133 1032 1265 1062 Christo
1284 1029 1454 1060 referimus
1473 1030 1515 1060 ad
1532 1029 1624 1060 illum
1641 1028 1828 1065 articulum,
1846 1028 1900 1068 qui
1919 1027 2110 1058 beneficium

1133 1073 1255 1105 Christi
1269 1078 1513 1109 connnemorat‚
1526 1072 1754 1102 remissionem
1768 1076 1990 1110 peccatorum.
2015 1069 2110 1100 Com-

1133 1115 1285 1157 plectitur
1321 1125 1401 1156 ergo
1436 1115 1555 1145 fiducia
1584 1113 1636 1144 illa
1666 1118 1698 1142 et
1726 1113 1872 1143 notitiam
1906 1113 1946 1142 de
1978 1111 2110 1142 Christo

1134 1158 1200 1189 tilio
1225 1158 1306 1193 Dei,
1337 1163 1368 1187 et
1396 1156 1575 1187 voluntatis
1604 1166 1663 1186 scu
1686 1155 1832 1186 habitum
1856 1165 1915 1185 seu
1937 1155 2110 1189 actionem,

1134 1212 1198 1242 qua
1221 1198 1290 1231 vult
1313 1206 1341 1230 et
1367 1199 1485 1239 accipit
1508 1200 1760 1240 promissionem
1785 1197 1923 1234 Christi,
1947 1204 2045 1237 atque
2067 1196 2110 1226 ita

1133 1243 1315 1284 acquiescit
1338 1243 1369 1272 in
1389 1241 1534 1272 Christo.
1582 1241 1648 1271 Sed
1672 1240 1731 1270 has
1752 1242 1938 1279 τεχνολογίας
1961 1240 2084 1269 omitto.

1220 1302 1317 1337 Quod
1340 1307 1447 1332 autem
1472 1301 1553 1332 fides
1574 1300 1735 1341 significet
1759 1300 1910 1329 fiduciam
1928 1298 2112 1328 misericor-

1134 1346 1224 1382 diae,
1255 1355 1328 1375 cum
1352 1343 1503 1384 exempla
1532 1349 1709 1380 testantur,
1740 1343 1771 1372 in
1795 1343 1913 1382 quibus
1936 1340 1970 1371 fit
1993 1340 2112 1371 mentio

1134 1388 1227 1424 fidei,
1272 1393 1340 1417 tuni
1385 1388 1456 1426 ipsa
1497 1385 1588 1417 Pauli
1629 1386 1823 1425 disputatio3
1867 1382 1990 1414 Paulus
2030 1383 2114 1412 enim

1136 1429 1264 1461 confert
1294 1430 1545 1469 promissionem
1575 1430 1699 1471 gratiae
1727 1433 1759 1457 et
1782 1427 1894 1463 fidem,
1925 1432 1956 1456 et
1980 1425 2114 1465 requirit

1135 1472 1251 1510 fidem,
1298 1483 1381 1513 quae
1426 1471 1642 1513 apprehendit
1683 1470 1946 1510 promissionem.
2009 1467 2114 1498 Porro

1136 1515 1219 1545 haec
1253 1515 1334 1545 fides
1366 1520 1416 1545 est
1447 1514 1566 1546 fiducia
1598 1513 1854 1544 misericordiae.
1899 1510 1942 1541 Et
1980 1511 2011 1540 in
2046 1515 2115 1539 tota

1137 1558 1357 1597 disputatione
1381 1558 1533 1588 fiduciam
1562 1556 1715 1597 propriae
1728 1557 1773 1589 ⁸²)
1805 1555 1974 1596 dignitatis
1997 1555 2115 1595 impro-

1139 1601 1209 1635 bat;
1244 1606 1276 1630 et
1310 1606 1447 1630 econtra
1476 1601 1609 1640 requirit
1639 1598 1790 1629 fiduciam
1824 1598 1921 1628 alieni
1955 1596 2115 1634 beneficii,

1139 1641 1264 1672 scilicet
1298 1642 1431 1673 Christi.
1477 1643 1543 1673 lam
1579 1643 1606 1672 si
1641 1641 1779 1672 sentiret
1808 1640 1932 1671 Paulus
1967 1639 2115 1670 homines

1138 1690 1257 1721 lustos,
1281 1685 1311 1714 id
1335 1690 1397 1722 est,
1420 1690 1578 1725 acceptos
1592 1685 1677 1722 Deo,
1701 1694 1761 1715 seu
1784 1681 2016 1714 reconciliatos
2040 1691 2116 1712 esse

1137 1733 1272 1767 propter
1295 1728 1460 1768 propriam
1483 1729 1671 1758 munditiem
1689 1737 1749 1757 seu
1768 1726 1958 1767 dignitatem
1981 1724 2118 1766 qualita-

1138 1776 1204 1800 tum
1223 1775 1278 1799 aut
1298 1780 1444 1809 operum„
1472 1776 1561 1801 certe
1583 1771 1717 1802 doceret
1734 1769 1883 1799 fiduciam
1909 1768 2062 1808 propriae
2071 1769 2118 1805 62)

1139 1812 1317 1852 dignitatis.
1363 1812 1429 1843 Sed
1459 1819 1589 1843 constat
1619 1823 1691 1843 eum
1722 1813 1832 1843 dicere
1866 1810 1972 1848 [Rom.
1997 1810 2028 1847 3,
2051 1810 2116 1846 274

1137 1853 1284 1884 Exclusa
1307 1860 1356 1884 est
1382 1854 1547 1896 gloriatio.
1584 1855 1663 1886 Item
1687 1856 1766 1885 citat
1781 1853 1949 1884 Psalmum
1973 1853 2040 1890 [3l‚
2058 1852 2117 1890 l.]:

1138 1896 1231 1926 Beati
1255 1906 1394 1936 quorum
1418 1898 1577 1929 remissae
1601 1904 1677 1928 sunt
1701 1898 1900 1938 iniquitates
1930 1894 1972 1925 Et
1986 1900 2118 1926 conten-

1139 1939 1184 1969 dit
1210 1939 1255 1969 ita
1283 1940 1486 1978 pronuntiari
1514 1951 1576 1970 nos
1606 1941 1730 1978 iustos,
1765 1940 1793 1971 si
1822 1939 1995 1971 credamus
2025 1937 2121 1967 nobis.

1138 1982 1255 2011 remitti
1286 1988 1435 2021 peccata.
1482 1983 1547 2013 lam
1577 1982 1660 2015 haec
1685 1984 1783 2024 fides,
1813 1995 1897 2029 quae
1926 1990 2039 2024 statuit
2068 2003 2119 2026 re-

1138 2024 1218 2053 mitti
1252 2029 1408 2064 peccata,
1443 2031 1493 2055 est
1529 2025 1646 2057 fiducia
1682 2027 1753 2066 illa,
1796 2031 1836 2061 de
1870 2043 1932 2073 qua
1970 2036 2116 2067 dicimus,

1138 2066 1234 2103 Item,
1268 2076 1340 2096 cum
1370 2068 1413 2097 ait
1445 2067 1552 2105 [Rom.
1575 2069 1607 2107 5,
1633 2070 1689 2108 l.J:
1719 2072 1887 2104 lustificati
1916 2076 1980 2107 fide
2002 2089 2117 2118 pacem

1138 2107 1315 2158 habemus,
1347 2109 1493 2141 declarat
1522 2121 1559 2142 se
1587 2123 1652 2142 non
1677 2114 1717 2144 de
1742 2116 1849 2146 otiosa
1871 2116 1980 2158 aliqua
2003 2122 2116 2152 notitia

1137 2150 1237 2191 loqui.
1256 2152 1314 2200 sed
1334 2152 1374 2181 de
1394 2153 1469 2189 fide,
1489 2164 1572 2194 quae
1591 2156 1685 2197 erigit
1703 2163 1734 2186 et
1753 2158 1947 2190 consolatur
1963 2162 2114 2194 animum.

1138 2194 1281 2233 Opponlt
1310 2195 1392 2224 enim
1422 2194 1507 2225 hanc
1536 2199 1730 2229 sententiam
1758 2198 1843 2241 legi,
1873 2202 1913 2232 de
1945 2213 2007 2244 qua
2038 2206 2115 2236 dicit

1137 2235 1242 2273 [Rom.
1267 2237 1302 2284 4,
1325 2236 1405 2276 15.]:
1436 2237 1505 2268 Lex
1534 2240 1615 2270 iram
1638 2240 1758 2280 efficit,
1781 2243 1812 2273 id
1836 2250 1898 2281 est,
1923 2254 2058 2278 accusat
2083 2254 2114 2279 et

1135 2278 1363 2319 perterrefacit
1386 2281 1630 2313 conscientiam.

1161 2376 1168 2383 ”
1222 2333 1416 2375 Quanquam
1441 2337 1516 2376 quid
1541 2347 1623 2377 opus
1644 2345 1693 2368 est
1717 2343 1919 2382 argumentis
1943 2343 1975 2373 in
1994 2354 2029 2373 re
2046 2355 2111 2375 ma-

1137 2375 1274 2426 msesta3
1298 2383 1427 2408 constat
1453 2380 1535 2409 enim
1561 2380 1624 2411 fide
1647 2381 1825 2423 significari
1842 2383 1992 2415 fiduciam
2016 2386 2110 2417 mise-

1137 2419 1298 2449 ricordiae
1321 2422 1505 2458 promissae
1528 2429 1662 2460 propter
1685 2423 1862 2455 Christum.
1906 2426 2003 2457 Certe
2026 2430 2110 2459 enim

1135 2553 1180 2580 82)
1207 2553 1333 2583 propriae]
1356 2554 1395 2578 Ed.
1418 2555 1453 2578 Η.
1474 2557 1578 2585 utroque
1599 2557 1668 2581 loco:
1688 2559 1786 2588 proprie

1901 2610 1952 2633 27·
