2358 2933
227 112 290 144 899
852 112 962 143 pull..
984 110 1087 143 MEL.
1109 109 1294 144 SCRIPTA
1316 110 1589 145 DOGMATICA.
2151 114 2215 147 900

228 215 306 236 vero
329 203 443 236 dolore
467 205 589 235 clamo:
614 203 684 234 Tibi
707 211 833 234 tantum
855 214 928 234 sum
950 210 1122 245 peccator,
1146 215 1200 235 co-

228 258 295 278 ram
329 254 359 277 te
393 247 554 279 maleseci.
589 254 621 277 ut
657 246 842 276 iustificeris
876 253 938 277 etc.
984 246 1073 277 Vere
1103 245 1199 277 doleo

229 290 333 321 Deum
367 299 385 319 a
421 300 471 320 me
495 289 652 319 oti'ensum
676 297 768 324 esse,
792 295 821 318 et
846 287 931 318 laedi
954 298 994 319 ac
1012 287 1113 328 pollui
1138 288 1200 319 Ec-

226 331 358 363 clesiam
382 340 410 361 et
438 331 598 372 reliquum
618 340 723 371 genus
737 330 925 367 humanum,
939 336 969 360 et
989 329 1145 371 confugio
1157 331 1199 361 ad

229 374 340 406 Filium
366 374 426 403 Dei
451 373 624 403 Dominum
648 379 796 402 nostrum
820 372 924 402 lesum
938 371 1102 403 Flu-istum
1125 382 1200 411 pro-

226 419 417 457 pitiatorem,
440 422 575 456 propter
598 415 684 445 hunc
709 425 779 451 oro,
803 421 837 445 ut
861 413 951 445 Deus
974 421 1126 445 aeternus
1139 414 1199 445 Pa-

226 468 274 490 ter
297 458 426 489 Domini
452 458 554 487 nostri
574 457 648 487 lesu
672 456 809 490 Christi,
844 457 962 493 bonus,
986 458 1131 497 sapiens.
1154 457 1200 487 iu-

226 503 288 532 dex
309 509 338 531 ct
364 499 470 530 sortis.
494 501 572 529 iram
587 508 774 529 suamame
786 506 909 529 avertat
931 507 960 529 et
974 499 1049 529 mihi
1062 505 1199 538 peccata

226 544 362 575 remittat
394 550 526 583 propter
550 540 664 571 Filium
689 548 718 571 ct
743 551 793 571 me
817 550 876 571 sua
900 541 1057 571 immensa
1077 542 1200 571 miseri-

227 587 336 617 cordia
363 585 508 625 recipiat.
543 585 627 614 sicut
647 584 726 613 dixit
748 582 882 621 [Ezech.
907 583 959 620 33,
989 584 1069 621 ll.]:
1117 583 1200 613 Vivo

227 639 300 671 ego,
333 626 411 658 nolo
447 633 584 657 mortem
618 625 814 665 peccatoris,
849 626 908 656 sed
932 632 965 656 ut
990 631 1201 656 convertatur

227 680 257 703 et
280 671 380 701 vivat.
426 669 476 699 Ac
498 667 659 708 polliceor
677 677 728 698 me
751 674 1008 707 repugnaturum
1031 677 1107 698 esse
1124 677 1201 707 pec-

228 720 302 745 cato
338 718 368 743 et
402 710 480 742 nihil
504 709 665 741 facturum
689 717 804 741 contra
827 711 1064 740 conscientiam
1088 716 1119 740 et
1143 720 1201 739 oro

228 756 346 791 Deum,
367 760 402 785 ut
425 762 476 783 me
499 759 590 792 regat
615 752 738 792 Spiritu
761 758 878 782 sancto
903 762 976 789 suc,
1010 758 1041 782 et
1063 762 1083 782 a
1106 752 1201 782 vobis

229 807 381 833 «anquam
404 795 550 825 ministro
571 794 693 825 Christi
716 801 807 834 peto,
837 800 870 824 ut
892 804 1008 825 vocem
1031 793 1201 835 Evangelii

227 835 302 866 mihi
337 838 553 873 annuntietis,
589 838 639 867 cui
673 837 789 873 credo,
835 843 865 867 et
900 835 995 867 simul
1029 836 1202 866 Ecclesiae

227 879 378 917 promitto
402 889 452 909 ine
482 888 591 909 mores
615 879 858 909 emendaturum
892 888 967 909 esse
990 884 1021 909 et
1044 877 1202 909 scandala

228 921 411 951 vitaturum.

313 963 364 992 Ad
388 962 484 993 talem
514 961 655 1003 aliquam
679 962 816 993 formam
840 961 1027 1003 generalem
1050 963 1200 993 rudiores

226 1004 467 1036 assuefaciendi
491 1012 577 1042 sunt,
601 1011 633 1035 ut
655 1006 807 1045 cogitent,
831 1006 907 1046 quid
926 1011 1037 1046 agant,
1061 1015 1201 1044 cumpe-

226 1054 295 1078 tunt
319 1046 571 1078 ahsolutionem.
597 1057 697 1088 seque
720 1048 782 1087 ipsi
796 1053 992 1084 scrutentur,
1016 1053 1199 1088 agnoscant

227 1100 263 1119 se
286 1099 425 1130 magnos
445 1097 475 1120 et
500 1088 695 1129 multiplices
718 1088 833 1129 lapsus
856 1089 989 1127 habere,
1025 1096 1055 1120 et
1079 1090 1200 1130 gradus

228 1132 447 1169 considerent,
482 1132 608 1162 discant
632 1142 672 1162 ex
694 1133 768 1172 ipsa
791 1131 954 1173 Decalogi
977 1132 1062 1162 serie
1084 1130 1201 1162 intelli—

227 1184 304 1215 gere
325 1173 463 1204 latentes
486 1175 632 1211 morbos,
655 1180 690 1205 ut
713 1184 897 1215 repugnare
922 1175 991 1205 suis
1015 1174 1101 1204 vitiis
1120 1181 1201 1205 etse

227 1217 388 1247 moderari
410 1217 575 1257 incipiant.

314 1258 464 1299 Denique
498 1259 662 1299 quomodo
686 1260 828 1289 existere
851 1257 947 1289 dolor
969 1259 1001 1289 in
1020 1260 1126 1289 animo
1145 1268 1202 1298 po-

227 1308 293 1331 test
315 1302 386 1332 sine
410 1300 518 1341 aliqua
543 1301 741 1341 cogitatione
764 1308 900 1331 nostrae
922 1301 1093 1331 miseriae?
1127 1300 1200 1331 Non

226 1342 349 1374 frustra
373 1344 449 1374 dixit
469 1342 620 1374 Christus
646 1343 728 1381 [loh.
752 1343 801 1380 16,
813 1342 877 1381 S.]:
901 1342 1042 1383 Spiritus
1066 1349 1201 1374 sanctus

227 1388 398 1427 arguet0‘3)
421 1392 603 1426 peccatum.
650 1385 684 1415 ld
704 1392 812 1416 autem
831 1385 867 1415 fit
891 1386 1087 1427 cogitatione
1109 1386 1201 1416 verbi

229 1435 259 1458 et
282 1428 349 1459 irae
373 1427 434 1459 Dei
458 1435 487 1458 et
512 1433 647 1458 nostrae
669 1428 899 1458 immunditiae.
945 1427 987 1457 Ut
1011 1428 1108 1468 igitur
1131 1428 1201 1468 Spi-

227 1472 309 1501 ritus
333 1477 468 1501 sanctus
492 1476 607 1510 arguat
633 1476 664 1500 te
688 1476 719 1500 et
743 1471 800 1500 tibi
824 1479 923 1500 veros
946 1475 1090 1500 terrores
1114 1470 1201 1500 incu-

228 1514 283 1543 tiat
309 1523 347 1543 ac
372 1514 516 1554 corrigat
541 1513 751 1543 securitatem
775 1518 806 1542 et
831 1512 1028 1552 superbiam,
1052 1518 1085 1542 ut
1105 1522 1201 1552 expa-

228 1565 347 1586 vescas
379 1563 408 1585 et
443 1562 474 1585 te
498 1554 570 1585 Deo
595 1555 750 1585 subiicias
775 1560 807 1585 et
829 1555 964 1584 abiicias
987 1560 1020 1585 te
1043 1552 1127 1584 infra
1151 1564 1202 1584 ce-

229 1607 318 1628 teros
342 1597 500 1634 homines,
523 1597 637 1637 aspice
649 1603 833 1637 utrumque,
846 1595 972 1628 scilicet
991 1597 1128 1627 verbum
1139 1596 1201 1626 Dei

230 1648 259 1670 vt
285 1647 359 1671 tuos
383 1639 530 1676 furores,
567 1649 608 1669 ne
642 1640 784 1670 accedas
808 1640 850 1670 ad
873 1639 1045 1679 petendam
1069 1637 1202 1669 absolu-

228 1684 346 1713 tionem
377 1692 515 1712 securus
550 1688 580 1711 et
616 1682 687 1712 sine
718 1682 850 1723 gemitu,
886 1682 971 1712 sicut
1004 1680 1202 1711 Pharisaeus

230 1725 307 1756 Luc.
335 1725 382 1755 18.
407 1728 471 1763 [vs.
495 1724 556 1761 114
581 1725 635 1764 qui
659 1725 776 1764 inquit:
802 1724 874 1754 Non
899 1733 971 1754 sum
994 1724 1077 1754 sicut
1104 1724 1203 1754 ceteri

231 1768 387 1798 homines.
434 1766 474 1797 Et
506 1764 586 1796 utile
620 1773 708 1797 esset
730 1765 829 1797 talem
852 1765 995 1806 aliquam
1018 1764 1204 1807 generalem

231 1808 472 1843 confessionem
506 1818 607 1848 saepe
640 1809 671 1838 in
706 1809 919 1840 concionibus
953 1814 1008 1839 aut
1039 1807 1204 1839 catechesi

231 1862 424 1893 proponere.

317 1894 411 1924 Nunc
434 1894 532 1924 redeo
556 1894 597 1924 ad
621 1894 873 1934 disputationem
897 1894 937 1924 de
961 1893 1203 1923 enumeratione

233 1936 448 1977 singulorum,
482 1947 580 1977 quam
604 1935 653 1966 his
674 1937 801 1966 duobus
826 1936 1049 1976 praetextibus
1074 1935 1203 1976 quidam

233 1980 455 2009 necessariam
479 1988 555 2009 esse
579 1978 789 2008 contendunt.

385 2021 460 2051 Non
483 2026 592 2061 potest
615 2020 685 2050 fieri
708 2019 871 2050 absolutio
895 2020 964 2050 sine
988 2019 1187 2061 cognitione,

384 2063 445 2093 Hic
467 2063 607 2103 petenda
631 2069 680 2093 est
704 2061 880 2099 absolutio,

384 2105 474 2146 Ergo
499 2105 641 2147 cognitio
665 2111 715 2135 est
738 2105 938 2135 necessaria.

318 2147 515 2187 Responde-0
539 2148 580 2178 ad
603 2148 768 2178 maiorem.
814 2146 976 2177 Differunt
999 2146 1151 2177 iudicium
1173 2151 1205 2175 et

234 2191 443 2220 ministerium
462 2189 645 2231 Evangelii.
697 2189 732 2219 In
762 2189 879 2219 iudicio
898 2198 1039 2219 necesse
1062 2194 1112 2219 est
1135 2187 1204 2218 fieri

235 2233 472 2274 ‹eognitionenu
506 2232 549 2261 At
578 2232 790 2262 ministerium
812 2230 982 2271 Evangelii
1005 2237 1056 2261 est
1074 2230 1204 2260 manda-

235 2283 299 2305 tum
334 2281 457 2305 certum
486 2274 687 2314 impertiendi
724 2273 887 2310 beneficii,
922 2272 1047 2304 scilicet
1081 2282 1204 2303 annun-

235 2317 361 2347 tiandae
384 2317 584 2346 remissionis
602 2322 823 2356 peccatorum,
847 2317 916 2346 sive
941 2321 1018 2346 nota
1047 2315 1112 2345 sint
1134 2315 1205 2344 sive

235 2361 357 2400 ignota.
404 2357 546 2388 Plurima
580 2359 663 2388 enim
693 2360 913 2394 remittuntur,
949 2368 1032 2398 quae
1057 2367 1117 2387 nec
1139 2366 1204 2387 me-

235 2403 323 2432 minit
347 2411 408 2432 nec
431 2399 579 2441 intelligit
609 2399 662 2430 ille
685 2401 767 2441 ipse.
791 2402 844 2441 qui
867 2399 1060 2436 absolvitur,
1085 2405 1117 2430 et
1139 2398 1204 2429 fide

238 2536 281 2565 εἶ’.)
301 2536 400 2567 arguet]
423 2537 495 2562 Editt.
518 2538 539 2558 1.
560 2537 581 2560 3,
600 2539 681 2565 arguit

1244 215 1309 236 vox
1332 204 1550 236 absolutionis
1573 205 1765 245 accipienda
1784 212 1844 236 est.
1881 205 1955 237 Non
1978 205 2030 237 hic
2050 206 2215 247 disputan·

1244 247 1319 278 dum
1339 254 1401 284 est,
1424 257 1465 278 an
1481 246 1585 278 forma
1597 248 1704 278 iudicii
1718 248 1798 278 satis
1811 255 1944 279 servata
1956 248 2008 285 sit,
2022 257 2082 279 nec
2094 250 2216 281 nitatur

1244 289 1325 320 fides
1349 289 1404 320 illo
1425 299 1524 330 opere
1543 289 1751 327 Sacerdotis,
1774 290 1832 320 sed
1857 291 2019 321 intueatur
2049 289 2216 323 Christum

1243 332 1498 372 propitiatorem.
1518 337 1651 371 propter
1674 331 1760 362 hunc
1784 333 1867 363 sciat
1889 332 1970 362 iram
1994 332 2055 363 Dei
2079 343 2098 363 a
2122 334 2215 364 nobis

1243 375 1357 411 averti,
1392 381 1423 404 et
1446 373 1531 403 hunc
1550 373 1751 404 voluntatem
1774 373 1836 404 Dei
1855 374 1937 404 sciat
1962 375 1992 404 in
2017 385 2099 406 voce
2110 375 2215 406 Evan—

1244 415 1318 457 gelii
1341 417 1435 447 nobis
1453 416 1601 456 patefieri
1624 423 1655 446 et
1678 416 1872 448 annuntiari.

1330 457 1437 489 David
1461 468 1584 498 pavore
1607 464 1637 487 et
1660 468 1810 489 moerore
1833 459 1997 489 extinctus
2022 465 2119 495 esset,
2144 470 2216 490 cum

1245 501 1476 541 obiurgaretur
1498 510 1517 530 a
1529 499 1670 537 Nathan,
1695 500 1756 530 nisi
1779 507 1896 540 postea
1919 501 2014 530 ctiam
2037 500 2215 532 absolutio-

1246 552 1320 572 nem
1343 543 1523 573 audivisset
1550 543 1591 579 12.
1616 543 1701 573 Sam.
1720 542 1768 579 12,
1794 542 1875 581 13.]:
1899 541 2059 573 Dominus
2083 542 2215 574 abstulit

1245 590 1417 625 peccatum
1444 590 1542 615 tuum.
1588 584 1657 615 Hac
1693 594 1774 615 voce
1809 586 1918 615 divina
1952 585 2078 622 audita,
2101 594 2216 616 rursus

1246 627 1468 667 acquiescere,
1503 627 1702 657 reviviscere
1732 634 1762 657 et
1783 627 1888 658 Deum
1919 627 2075 657 invocare
2098 628 2215 668 coepit.

1246 668 1302 699 Sic
1320 675 1428 699 autem
1452 668 1591 709 quisque
1614 679 1701 699 nunc
1723 670 1863 710 cogitat:
1904 670 1931 699 si
1956 668 2115 710 singulari
2134 679 2217 700 voce

1246 709 1303 740 tali
1326 710 1417 741 Deus
1447 711 1647 751 signiticaret
1671 721 1708 740 se
1738 711 1812 742 mihi
1836 713 2020 752 ignoscere,
2045 713 2128 742 bene
2151 721 2217 742 me-

1247 763 1320 783 cum
1355 758 1518 793 ageretur.
1586 752 1676 782 Haec
1709 753 1893 793 imaginatio
1929 754 2123 794 corrigenda
2156 760 2216 790 est,

1248 795 1455 825 considerata
1477 805 1559 825 voce
1582 794 1751 834 Evangelii
1781 805 1840 825 seu
1863 795 2090 826 absolutionis.
2145 795 2216 827 Hoc

1247 838 1352 876 ipsum
1387 838 1441 867 tibi
1478 842 1510 867 et
1542 836 1731 867 unicuilibet
1763 844 1912 868 nostrum
1952 838 2119 868 annvuitiat
2153 848 2217 868 vox

1246 878 1419 919 Evangelii
1443 889 1502 910 seu
1524 878 1759 916 absolutionis,
1787 880 1874 920 quod
1898 879 2017 910 Davidi
2041 880 2081 910 de
2105 880 2216 910 remis—

1246 923 1339 952 sione
1363 922 1480 952 dictum
1505 928 1574 957 est;
1598 921 1667 952 Nec
1690 922 1795 952 minus
1806 921 1990 963 Evangelio
2009 922 2138 952 sonanti
2159 931 2218 962 per

1246 964 1411 994 ministros
1442 964 1530 995 credi
1560 969 1699 1004 oportet,
1734 974 1830 1005 quam
1864 970 1941 995 tunc
1964 963 2126 995 Davidem
2149 973 2217 995 cre-

1248 1007 1326 1037 dere
1349 1007 1531 1046 oportebat.

1332 1047 1422 1079 Haec
1445 1054 1494 1079 est
1517 1048 1615 1089 igitur
1637 1058 1717 1079 vera
1740 1054 1770 1079 et
1793 1047 1884 1079 firma
1908 1049 2080 1089 responsio
2103 1049 2145 1079 ad
2167 1058 2219 1079 ar·

1247 1096 1453 1132 gumentumz
1478 1090 1653 1121 Absolutio
1676 1101 1741 1121 non
1764 1090 1797 1121 fit
1812 1091 1882 1121 sine
1895 1091 2092 1132 cognitione,
2104 1101 2217 1121 verum

1247 1138 1298 1163 est
1329 1134 1361 1163 in
1384 1133 1515 1170 iudicio,
1550 1134 1609 1163 sed
1633 1144 1696 1164 non
1721 1134 1752 1163 in
1776 1133 1839 1164 hac
1861 1132 2028 1163 functione
2050 1133 2218 1163 ministerii

1246 1173 1447 1215 Evangelici,
1467 1185 1531 1216 quo
1555 1176 1706 1206 tribuitur
1728 1176 1823 1206 nobis
1847 1175 2050 1206 heneficium.
2083 1175 2124 1205 Et
2146 1174 2216 1205 illu-

1247 1222 1370 1247 stratur
1402 1218 1452 1247 vis
1475 1218 1653 1254 ministerii,
1675 1228 1747 1249 cum
1771 1217 1919 1248 homines
1942 1218 2156 1248 admonentur
2179 1218 2218 1247 de

1247 1259 1433 1290 discrimine
1467 1259 1574 1289 iudicii
1601 1265 1632 1289 et
1664 1260 1842 1290 ministerii.
1892 1259 1975 1289 Nam
2008 1259 2217 1290 ministerium

1248 1303 1290 1333 ad
1324 1302 1558 1332 conscientiam
1590 1302 1728 1341 pertinet
1762 1307 1792 1332 et
1827 1306 1878 1331 est
1899 1302 2117 1331 testimonium
2140 1301 2218 1332 divi-

1247 1353 1309 1375 nae
1337 1342 1564 1374 absolutionis.
1610 1342 1677 1374 Sed
1706 1344 1857 1374 iudicium
1885 1341 1948 1373 alia
1971 1352 2025 1373 res
2050 1348 2100 1373 est
2123 1349 2154 1374 et
2176 1343 2218 1373 ad

1248 1384 1420 1417 manifesta
1454 1385 1588 1416 crimina
1610 1386 1759 1425 pertinet.
1813 1385 1916 1415 Nemo
1941 1386 2012 1415 sine
2034 1385 2217 1425 cognitione

1248 1427 1578 1459 excommunicandus
1612 1433 1666 1458 aut
1700 1427 1906 1467 recipiendus
1940 1432 2001 1464 est,
2035 1427 2094 1457 sed
2116 1427 2160 1458 ibi
2182 1426 2218 1458 fit

1249 1470 1393 1512 cognitio
1416 1479 1482 1500 non
1506 1469 1545 1499 de
1570 1469 1782 1507 conscientia,
1812 1469 1872 1500 sed
1894 1469 1935 1500 de
1959 1469 2100 1500 externis
2124 1469 2218 1499 mori-

1248 1514 1310 1543 bus
1345 1519 1375 1542 et
1401 1522 1440 1542 ea
1462 1510 1626 1542 absolutio
1651 1521 1761 1542 coram
1783 1510 1935 1542 Ecclesia
1957 1510 2063 1547 valet,
2092 1511 2216 1542 etiamsi

1248 1556 1287 1592 is,
1311 1555 1364 1595 qui
1386 1553 1580 1591 absolvitur,
1603 1552 1734 1584 simulat
1755 1559 1881 1584 tantum
1902 1553 2142 1593 poenitentiam.

1335 1596 1431 1631 Quod
1453 1601 1559 1627 autem
1577 1595 1793 1637 Evangelium
1815 1595 1946 1636 publice
1968 1593 2077 1626 multis
2101 1601 2132 1626 et
2155 1596 2217 1636 pri-

1249 1640 1348 1670 vatim
1371 1637 1508 1680 singulis
1532 1637 1692 1678 applicari
1715 1639 1838 1678 possit,
1871 1644 2011 1669 testatur
2039 1636 2122 1668 haec
2145 1647 2217 1668 sen-

1248 1683 1350 1712 tentia
1380 1681 1459 1718 [Ioh.
1483 1680 1543 1718 20,
1573 1680 1656 1718 23.]:
1691 1680 1836 1715 Quorum
1859 1680 2048 1710 remiseritis
2070 1686 2217 1720 peccata,

1249 1724 1452 1754 remittentur
1475 1724 1533 1754 eis.
1578 1722 1655 1753 Item
1680 1722 1806 1759 [Matth.
1833 1722 1882 1760 18,
1904 1722 1990 1760 21.]:
2026 1721 2162 1756 Quoties
2185 1723 2217 1752 in

1249 1777 1300 1797 me
1333 1765 1538 1807 peccabitffl)
1572 1764 1685 1802 frater,
1720 1771 1752 1795 et
1784 1765 1943 1795 remittam
1978 1764 2027 1795 ei?
2061 1763 2217 1804 Loquitur

1250 1809 1335 1839 enim
1358 1809 1399 1838 de
1421 1807 1637 1844 Remissione,
1660 1817 1757 1848 quam
1779 1806 1871 1838 Deus
1894 1807 2064 1847 approbat.

1336 1850 1431 1885 Quod
1454 1860 1534 1880 vero
1554 1849 1651 1890 aliqui
1674 1850 1839 1886 obiiciunt,
1853 1849 2007 1879 Homines
2029 1858 2095 1878 non
2118 1858 2218 1888 posse

1246 1893 1410 1923 remittere
1428 1898 1575 1932 peccata,
1595 1892 1626 1922 id
1645 1901 1757 1922 verum
1782 1896 1842 1929 est,
1866 1891 1924 1921 sed
1947 1891 2135 1921 annuntiare
2147 1900 2217 1920 ver-

1246 1936 1321 1966 bum
1344 1934 1406 1966 Dei
1426 1941 1456 1965 et
1476 1939 1617 1974 possunt
1640 1939 1669 1964 et
1694 1934 1828 1969 debent,
1862 1942 1927 1973 quo
1950 1932 2040 1963 Deus
2077 1937 2215 1963 testatus

1247 1983 1297 2008 est
1332 1987 1407 2007 sese
1440 1977 1615 2007 remittere.
1661 1975 1806 2006 Remittit
1830 1976 1913 2005 enim
1935 1973 2028 2005 Deus
2047 1984 2106 2014 per
2127 1975 2216 2004 mini-

1247 2020 1380 2050 sterium
1402 2017 1573 2060 Evangelii
1591 2023 1622 2048 et
1645 2016 1940 2048 Sacramentorum.
1985 2016 2035 2046 Ac
2058 2017 2140 2046 satis
2163 2027 2218 2056 ap-

1250 2068 1343 2102 paret
1362 2071 1419 2092 eos
1443 2071 1508 2091 non
1531 2059 1710 2096 attendere,
1735 2060 1810 2100 quid
1830 2060 1871 2090 sit
1893 2068 1958 2089 vox
1970 2057 2140 2099 Evangelii
2163 2064 2217 2089 aut

1250 2104 1473 2140 ministerium,
1493 2103 1547 2143 qui
1564 2112 1629 2132 non
1639 2103 1686 2142 ⁵⁵)
1721 2100 1835 2132 volunt
1858 2110 2014 2141 expresse
2036 2101 2217 2131 annuntiari

1251 2147 1487 2176 remissionem.
1532 2145 1608 2175 Ideo
1643 2150 1750 2175 autem
1783 2144 1867 2174 misit
1900 2143 1991 2173 Deus
2025 2141 2156 2179 Filium,
2183 2148 2218 2173 ut

1250 2189 1335 2219 hanc
1370 2197 1523 2219 arcanam
1556 2185 1755 2217 voluntatem
1789 2187 1829 2216 de
1851 2185 2043 2216 remissione
2064 2191 2217 2225 peccato-

1251 2241 1319 2261 rum
1350 2241 1390 2261 ex
1419 2230 1491 2260 sinu
1514 2228 1619 2260 Patris
1642 2227 1801 2269 prolatam
1823 2226 2023 2268 patefaceret
2042 2232 2073 2257 et
2095 2236 2217 2257 annun-

1250 2274 1323 2303 tiari
1352 2283 1423 2303 eam
1445 2273 1477 2302 in
1496 2270 1647 2301 Ecclesia
1669 2272 1804 2302 iuberet.
1847 2269 1886 2300 Et
1911 2269 2124 2300 Sacramenta
2142 2275 2216 2299 sunt

1249 2314 1487 2355 applicationes
1520 2314 1733 2350 remissionis,
1767 2313 1799 2343 id
1829 2318 1890 2349 est,
1915 2317 2073 2342 testantur
2096 2310 2216 2342 benefl-

1250 2358 1333 2387 cium
1356 2355 1525 2397 Evangelii
1549 2356 1589 2386 ad
1612 2354 1760 2396 singulos
1784 2355 1953 2395 pertinere.
1992 2352 2063 2394 Ego
2086 2353 2216 2392 baptizo

1251 2484 1295 2514 84)
1314 2484 1339 2508 in
1357 2489 1398 2508 me
1416 2483 1541 2514 peccabit]
1559 2483 1631 2508 Editt.
1654 2484 1674 2505 1.
1694 2483 1716 2505 3.
1736 2482 1848 2512 peccabit
1866 2482 1890 2506 in
1909 2487 1949 2506 me

1226 2555 1227 2559 ,
1252 2534 1295 2563 85)
1315 2534 1357 2565 qui
1375 2534 1436 2564 non]
1455 2534 1526 2559 Editt.
1548 2534 1587 2556 2-2,
1608 2534 1648 2558 24.
1666 2538 1716 2557 non
1735 2533 1776 2563 qui
