2358 2933
245 138 304 169 507

246 228 531 269 persequebantur.
578 226 689 266 ltaque
717 226 898 256 sententiae
928 225 1104 257 dissimiles
1128 224 1211 257 rese-

245 278 356 301 rantur
377 270 419 300 ad
441 267 614 300 dissimiles
637 266 815 298 Ecclesias.
850 266 972 298 Paulus
994 268 1039 299 ait
1062 269 1106 306 [l.
1129 268 1210 299 Tim.

245 312 276 347 3,
303 312 381 348 15.1:
426 310 576 341 Ecclesia
606 316 657 341 est
686 309 837 340 columna
865 316 896 340 et
927 310 1023 340 sedes
1054 311 1210 341 veritatis.

246 354 285 383 Et
318 353 417 393 vulgo
452 353 587 383 dicitur:
621 351 774 382 Ecclesia
806 362 871 382 11011
899 357 995 382 011111.
1045 352 1117 383 1100
1145 362 1212 383 11011

246 402 351 435 potest
379 393 513 435 intelligi
542 394 583 424 de
612 395 777 429 omnibuS,
811 394 963 434 quisunt
986 394 1018 424 in
1040 392 1211 431 Ecclesia,

245 437 319 477 quia
340 442 451 466 extant
473 443 503 467 et
527 437 706 467 contrariae
728 436 921 472 sententiae,
945 445 1028 476 quae
1050 435 1212 467 affirmant

244 477 415 509 horribiles
461 488 591 508 errores
637 479 668 508 in
709 477 861 508 Ecclesia
900 478 1084 508 exorituros
1124 488 1211 509 esse.

245 521 333 551 Sicut
359 519 507 550 Christus
530 521 573 550 ait
598 520 714 558 [Marc.
740 519 790 557 13,
813 520 894 557 22.]:
924 519 1093 560 Exul-gent
1114 531 1212 560 pseu-

244 562 400 592 dochristi
433 569 463 592 et
498 561 814 602 pseudoprophetae,
839 569 869 592 et
893 561 1015 592 dabunt
1034 562 1128 602 signa
1145 572 1211 592 mu-

244 614 326 644 gna,
355 604 396 634 itu
424 610 458 635 ut
488 605 519 634 in
549 614 694 635 errorem
718 605 927 640 inducantur,
950 604 978 633 si
1001 604 1071 634 lieri
1094 604 1210 644 possit,

244 645 346 676 electi.
404 645 492 676 Haec
522 656 602 676 sane
631 645 794 677 horribilis
824 646 1028 676 comminatio
1059 652 1119 676 est.
1171 645 1213 675 Et

244 685 364 718 Paulus
387 689 487 728 inquit
512 688 553 725 12.
576 688 692 718 Thess.
716 690 747 724 2,
771 688 815 725 4.]
840 686 1078 718 Α11110111-15111111
1096 698 1212 728 regna-

244 737 348 759 turum
382 740 456 760 esse
490 730 520 760 in
556 729 677 771 templo
701 730 774 761 Dei.
819 728 913 760 Multi
948 730 1045 770 igitur
1078 729 1212 760 admixti

244 770 412 803 Ecclesiae
434 773 599 804 errabunt.

328 815 368 845 Et
396 821 521 853 oportet
554 814 626 853 pios
655 821 768 844 tenere
792 813 855 843 hoc
879 813 1053 843 discrimen
1076 813 1212 843 duorum

245 867 417 897 corpomm
447 856 634 893 Ecclesiae,
658 866 698 886 ne
727 856 902 886 autoritate
931 853 1013 885 tituli
1042 853 1212 885 Ecclesiae

245 900 453 939 decipientiu.
499 898 582 928 Nam
605 908 726 938 corpus
750 896 829 927 illud
851 896 1074 938 hypocriticae
1098 895 1211 926 Eccle-

244 942 311 972 siae
340 940 438 971 habet
461 950 610 980 magnam
635 946 666 970 et
688 938 890 980 probabilem
912 939 1078 978 specie1n3
1111 948 1212 978 saepe

244 985 327 1016 enim
349 982 447 1013 habet
465 979 661 1012 ordinariam
680 987 885 1021 potestatem,
909 982 1003 1011 cuius
1023 990 1140 1021 magna
1159 980 1213 1010 de-

245 1029 296 1058 bet
321 1036 395 1057 esse
418 1025 591 1061 autoritas,
622 1023 721 1054 habet
743 1022 893 1062 exempla
914 1022 1057 1053 Patrum.
1103 1022 1212 1056 Quare

244 1070 315 1110 pios
342 1069 439 1100 etiam
468 1073 589 1098 certam
612 1073 722 1097 notam
744 1065 866 1096 habere
888 1071 1035 1104 oportet,
1065 1073 1148 1104 quae
1172 1063 1214 1093 sit

245 1121 321 1142 vera
343 1109 503 1141 Ecclesia.
546 1108 606 1139 Est
634 1114 740 1139 autem
763 1114 840 1138 nota
865 1108 1045 1137 certissima
1068 1113 1099 1136 et
1121 1115 1214 1145 prae-

245 1154 349 1193 cipua,
373 1163 453 1191 pura
475 1151 624 1182 doctrina
635 1149 823 1191 Evangelii3
843 1150 930 1180 iuxta
953 1147 1031 1179 illud
1055 1147 1137 1186 [loh.
1164 1146 1213 1183 10,

245 1195 326 1233 16.]:
361 1195 450 1225 Oves
472 1203 563 1224 meae
586 1202 701 1224 vocem
724 1202 828 1222 meam
851 1192 995 1222 audiunt.
1041 1190 1134 1220 llanc
1157 1199 1213 1219 no-

245 1245 309 1267 tam
332 1237 486 1267 debemus
509 1244 675 1275 opponere
698 1235 847 1265 omnibus
870 1232 972 1263 titulis
995 1231 1136 1269 illorum,
1160 1231 1213 1271 qui

244 1277 456 1320 Evangelium
491 1282 731 1318 persequuntur
759 1282 791 1306 et
818 1277 987 1309 dmnnant;
1015 1275 1104 1304 iuxta
1134 1272 1212 1303 illud

246 1320 332 1359 [Gal.
360 1321 387 1357 l,
409 1320 470 1357 9.J:
505 1320 539 1349 Si
564 1320 636 1359 quis
659 1317 745 1348 aliud
769 1316 984 1357 Evangelium
1005 1316 1213 1356 praedicave-

246 1365 296 1402 rit,
330 1362 501 1394 anathema
534 1362 586 1391 sit.
631 1360 672 1390 Et
706 1360 747 1390 de
779 1359 843 1390 hac
864 1358 1026 1394 Ecclesia,
1051 1357 1213 1398 1111001111-

247 1408 298 1437 bet
339 1416 452 1446 purum
487 1401 720 1444 Evangelium,
767 1401 910 1441 loquitur
949 1401 1110 1431 sententia
1145 1398 1212 1435 illa,

247 1449 288 1485 11.
326 1447 405 1478 Τ1111.
447 1447 484 1483 3,
523 1445 584 1483 15]
629 1443 781 1474 Ecclesia
822 1449 873 1473 est
913 1442 1063 1473 columna
1096 1442 1213 1471 verita-

246 1491 297 1521 tis.
364 1489 465 1519 Huius
504 1493 611 1518 autem
650 1496 747 1516 verae
781 1484 950 1515 Ecclesiae
989 1484 1134 1514 membra
1168 1482 1213 1512 di-

246 1541 362 1573 spersa
391 1536 466 1562 sunt
493 1530 623 1569 passim.
669 1527 710 1557 Et
737 1533 965 1567 praeterquam
987 1526 1074 1566 quod
1097 1525 1213 1565 ingens

246 1573 414 1605 multitudo
444 1572 612 1612 impiorum
639 1571 781 1600 admixta
810 1575 878 1606 est,
907 1574 942 1599 ut
970 1578 1050 1599 vera
1068 1567 1214 1597 membra

247 1615 367 1646 lateant
402 1620 432 1645 et
466 1615 518 1644 vix
553 1612 698 1652 conspici
732 1612 876 1652 possint,
909 1610 1032 1641 habent
1065 1614 1098 1639 et
1129 1608 1213 1638 haee

247 1667 324 1689 vera
356 1657 499 1687 membra
518 1657 560 1693 ⁶⁴)
595 1664 686 1685 suam
719 1651 985 1689 imbecillitatem,
1018 1661 1148 1682 errores
1182 1656 1214 1680 et

246 1707 392 1742 peccata.
439 1698 513 1728 Ideo
549 1698 631 1727 enim
664 1703 736 1726 orat
771 1705 849 1726 vera
877 1693 1045 1725 Ecclesia:
1080 1693 1213 1724 Dimitte

248 1743 342 1773 nobis
366 1742 473 1771 debita
496 1746 618 1770 nostra.
654 1738 709 1769 Sic
732 1737 876 1778 depingit
898 1747 1010 1767 veram
1032 1734 1213 1765 Ecclesiam

249 1783 369 1816 Paulus
395 1783 421 1812 l.
442 1781 518 1812 Cor.
541 1781 571 1812 3.
596 1783 658 1819 [vs.
684 1780 748 1818 ll.]
772 1779 1030 1810 Fundamentum
1053 1776 1140 1808 aliud
1158 1786 1213 1806 ne-

248 1839 299 1860 mo
328 1833 435 1868 1101051
463 1834 584 1866 ponere
614 1829 674 1854 etc.
705 1822 769 1853 hoc
793 1827 859 1857 est,
882 1821 937 1851 ubi
960 1819 1213 1854 fundamentum,

249 1871 312 1900 hoc
335 1876 396 1906 est,
419 1878 498 1899 vera
516 1867 628 1898 notitia
647 1865 687 1895 de
707 1864 838 1895 Christo
856 1867 976 1898 manet,
995 1868 1102 1892 tamen
1121 1865 1216 1891 erunt
1237 1890 1239 1903 ἱ
1993 1898 2000 1904 ⁶

1259 1897 1307 1928 les
1326 1899 1563 1939 Anabaptistae
1581 1897 1764 1929 Ecclesiam
1787 1897 1883 1928 talem
1896 1903 2095 1928 constituere
2108 1907 2229 1928 conan-

250 1913 433 1943 discrimina
467 1909 658 1940 docentium.
710 1905 804 1937 Alius
838 1915 936 1945 super
967 1904 997 1934 id
1028 1902 1215 1933 fundamen-

250 1964 315 1986 tum
349 1958 476 1983 extruet
509 1961 638 1986 aurum,
671 1954 856 1989 argentum,
889 1947 920 1977 id
943 1952 1004 1983 est,
1039 1946 1214 1985 pretiosam

252 1996 447 2031 doctrinam,
470 2003 568 2033 opera
592 1997 624 2022 et
646 1990 753 2021 cultus
776 2000 796 2020 a
820 1990 891 2020 Deo
914 1988 1096 2018 mandatos.
1120 1985 1215 2017 Alius

251 2039 356 2079 ligna,
379 2036 518 2072 foenum,
542 2032 677 2074 stipulas
702 2038 838 2068 extruet,
858 2030 921 2061 1100
945 2036 1005 2067 est,
1029 2028 1159 2060 inutiles
1183 2034 1215 2058 et

251 2081 411 2120 perituras
435 2078 602 2118 opiniones
627 2082 658 2105 et
680 2073 756 2105 vilia
779 2084 888 2114 opera.
923 2072 1014 2103 Sicut
1036 2072 1067 2101 in
1091 2071 1214 2101 sanctis

252 2122 403 2151 Patribus
444 2119 594 2159 leguntur
631 2117 788 2147 interdum
822 2116 980 2155 quaedam
1013 2112 1216 2143 incommode

254 2165 337 2193 dicta
361 2163 399 2191 de
423 2160 614 2191 ceremoniis
638 2165 669 2189 et
692 2157 762 2189 aliis
785 2159 894 2187 rebus.

254 2206 302 2235 sia
340 2210 426 2234 tecta
454 2213 517 2232 11011
549 2200 654 2232 solum
683 2210 786 2241 regno
817 2206 844 2229 et
870 2198 1073 2229 multitudine
1106 2197 1216 2236 impio-

256 2257 334 2277 rum.
364 2245 421 2274 scd
453 2245 545 2274 etiam
574 2243 681 2274 stultis
705 2242 865 2282 aliquibus
889 2247 943 2271 aut
967 2239 1093 2270 frivolis
1118 2244 1149 2268 et
1172 2239 1218 2268 in-

255 2286 386 2318 utilibus
410 2286 674 2325 persuasionibus
698 2285 832 2324 piorum.
879 2283 963 2317 Quid
987 2287 1037 2312 est
1059 2281 1142 2311 enim
1160 2280 1218 2310 ho-

256 2329 327 2359 mini
337 2335 400 2358 tam
414 2329 587 2367 proprium,
599 2337 695 2367 quam
708 2325 785 2362 labi,
798 2325 914 2363 decipi,
928 2331 958 2354 et
971 2333 1080 2354 errare
1094 2321 1218 2362 posse?

340 2369 357 2399 'l
367 2369 425 2398 alir«
449 2368 600 2399 Ecclesia
623 2369 804 2407 depingitur
827 2368 922 2396 nobis
944 2367 974 2395 in
999 2365 1143 2395 historiis
1162 2374 1219 2403 po-

257 2411 321 2451 puli
344 2410 454 2439 lsi-aei.
502 2411 581 2439 Nam
605 2411 633 2439 in
659 2420 696 2438 eo
721 2408 842 2448 populo
867 2414 935 2437 erat
959 2418 1038 2437 vera
1056 2405 1218 2441 Ecclesia,

257 2461 285 2483 et
311 2461 416 2482 tamen
441 2452 576 2481 maxima
604 2457 669 2480 erat
694 2451 835 2480 admixta
857 2448 1026 2479 multitudo
1049 2447 1219 2486 impiorum

257 2546 301 2575 64)
322 2543 445 2574 membra]
468 2543 508 2567 Ed
532 2544 550 2566 1.
569 2543 660 2571 typoth.
679 2547 779 2566 errore:
797 2542 897 2565 memba

874 133 984 165 PfflL.
1007 133 1110 165 MEL.
1131 133 1314 166 SCRIPTA
1337 133 1607 166 DOGMATICA.

1237 2076 1368 2096 ’1110105
1412 2067 1631 2097 ministrorum
1665 2065 1741 2096 mali
1775 2067 1849 2096 sint.

940 2157 987 2186 lta
1008 2155 1088 2186 latet
1105 2152 1217 2185 Eccle-
1238 2185 1240 2196 ζ

2163 138 2226 170 508

1253 225 1418 257 11011111111111
1455 232 1485 257 01
1513 225 1894 267 pseudoprophetarum;
1928 233 1960 258 et
1990 227 2153 260 habebant
2180 231 2224 270 pii

1254 268 1411 308 quaedam
1435 274 1544 298 errata
1566 274 1598 299 et
1620 268 1757 299 vitiosos
1777 267 1894 300 cultus.
1939 268 2061 300 Verum
2084 268 2165 301 alias
2188 271 2224 302 il—

1253 309 1389 341 lustrior
1417 315 1448 340 et
1477 310 1589 350 purior
1619 315 1690 340 erat
1712 316 1744 341 et
1767 311 1870 342 maior
1892 321 1973 342 vera
1995 311 2165 350 Ecclesia,
2194 314 2225 343 si

1254 352 1384 392 quando
1404 350 1591 391 Prophetae
1614 358 1870 392 repurgaverant
1898 353 2089 384 doctrinam.
2118 354 2225 396 Signi-

1255 395 1354 424 ficant
1377 399 1408 424 et
1431 393 1595 430 Christus,
1618 392 1740 424 Paulus
1764 399 1796 425 et
1818 393 1938 425 Daniel
1959 394 2112 433 futurum,
2137 403 2170 426 ut
2192 397 2225 428 in

1254 434 1404 466 Ecclesia
1440 435 1644 466 dominentur
1677 435 1763 475 impii
1797 441 1829 466 et
1861 437 2022 468 seducant
2054 437 2225 478 plurimos.

1254 476 1338 507 111110
1361 475 1457 507 facile
1480 477 1616 508 iudicari
1628 483 1749 518 potest,
1772 479 1934 518 quomodo
1953 485 2137 520 pugnantes
2150 489 2226 511 sen·

1254 519 1374 549 tentiae
1402 519 1442 549 de
1470 518 1623 550 Ecclesia
1657 520 1882 550 diiudicandae
1903 522 1948 560 ⁶⁵)
1982 522 2057 551 sint.
2101 520 2158 552 llla
2181 522 2225 559 [l.

1254 559 1333 590 Tim.
1357 560 1388 597 3,
1414 560 1497 599 15.]‚
1527 570 1611 601 quae
1634 561 1710 591 dicit
1732 560 1917 592 Ecclesiam
1941 571 2017 593 esse
2041 562 2225 594 columnam

1254 603 1418 640 veritatis,
1446 602 1590 643 loquitur
1618 613 1685 633 11011
1708 603 1748 633 de
1772 604 1850 633 certi
1874 602 1939 634 loci
1961 603 2146 636 hominibus
2169 611 2227 636 aut.

1254 643 1395 674 humana
1421 643 1531 684 aliqua
1554 643 1683 684 politia,
1713 646 1773 675 sed
1796 645 1836 676 de
1859 644 2017 685 spirituali
2039 652 2136 677 coetu
2180 647 2226 678 io-

1254 696 1342 722 rum,
1376 687 1430 725 qui
1459 687 1581 725 passim
1612 687 1644 716 in
1673 687 1792 717 mundo
1823 687 1963 727 dispersi
1993 694 2079 718 sunt.
2176 689 2226 720 iae

1254 728 1436 758 sententiae
1458 734 1591 758 monent
1613 728 1742 768 singula
1764 730 1908 759 membra
1927 739 2039 760 errare
2056 738 2172 769 posse,
2194 735 2226 761 et

1254 778 1406 810 magnam
1446 779 1521 800 esse
1561 769 1794 800 multitudinem
1833 771 2007 802 admixtam
2040 781 2118 802 vere
2151 772 2226 811 piis,

1255 821 1339 851 quae
1372 812 1565 850 perniciosis
1596 812 1763 842 erroribus
1790 813 2008 844 contaminata
2030 819 2090 844 est.
2134 812 2226 845 Haec

1255 853 1391 883 recitavi
1418 863 1485 883 non
1516 854 1734 884 contentionis
1768 854 1894 891 studio,
1923 855 1982 885 sed
2016 860 2050 885 ut
2083 855 2144 895 ipsi
2168 865 2227 885 no·

1254 900 1344 924 stros
1387 895 1513 925 animos
1547 896 1745 932 muniamus,
1780 905 1852 925 cum
1885 902 1975 926 recte
2008 897 2225 928 sentientibus

1255 936 1342 977 impii
1364 942 1530 976 opponunt
1547 936 1719 968 Ecclesiae
1742 935 1867 967 titulum
1891 942 1988 978 atque
2006 938 2224 970 autoritatem.

1254 977 1338 1008 Nam
1359 984 1394 1008 ut
1416 988 1483 1008 11011
1506 983 1628 1009 10111010
1652 979 1827 1009 dissentire
1851 980 2007 1010 debemus
2030 981 2072 1010 ab
2096 980 2227 1010 ordina-

1256 1020 1304 1050 ria
1326 1025 1507 1060 potestate,
1536 1030 1619 1060 quae
1642 1021 1792 1060 possidet
1814 1020 1984 1052 Ecclesiae
2007 1020 2150 1058 titulum,
2179 1021 2226 1053 ita

1256 1062 1425 1092 sciendum
1447 1068 1510 1099 est,
1543 1063 1679 1093 verbum
1707 1062 1769 1093 Dei
1803 1062 2008 1094 manifestum
2040 1062 2226 1094 anteferen-

1257 1103 1332 1134 dum
1365 1113 1441 1134 esse
1474 1103 1566 1134 titulo
1594 1103 1765 1135 Ecclesiae
1799 1111 1829 1135 ct
1863 1105 2036 1136 universae
2065 1104 2226 1136 humanae

1256 1145 1437 1181 autoritati3
1471 1146 1560 1176 iuxta
1592 1144 1670 1176 illud
1698 1145 1789 1183 [Gal.
1816 1147 1844 1184 l,
1866 1147 1930 1184 9.]:
1965 1146 2001 1177 Si
2031 1147 2104 1187 quis
2137 1146 2226 1178 aliud

1257 1186 1471 1228 Evangelium
1493 1188 1741 1227 praedicaverit,
1763 1187 1937 1219 anathema
1960 1189 2011 1218 sit.
2057 1188 2227 1219 Honestis-

1256 1229 1338 1259 sima
1370 1239 1435 1259 vox
1468 1235 1520 1259 est
1552 1229 1728 1270 Augustini
1761 1231 1802 1260 ad
1836 1229 2033 1261 ianuarium:
2074 1228 2227 1262 Ecclesia

1256 1270 1336 1308 Dei,
1364 1271 1447 1301 inter
1469 1269 1599 1301 multam
1621 1270 1748 1311 paleam
1771 1270 1936 1311 multaque
1957 1272 2084 1302 zizania
2106 1271 2226 1302 consti-

1256 1318 1335 1349 tuta,
1368 1311 1469 1343 multa
1502 1312 1637 1350 tolerat,
1671 1319 1702 1343 et
1736 1319 1860 1350 tamen,
1895 1323 1979 1353 quae
2012 1319 2088 1343 sunt
2111 1319 2227 1344 contra

1256 1355 1353 1384 iidem
1382 1353 1435 1385 vel
1459 1355 1577 1385 bonam
1601 1355 1714 1392 vitam,
1744 1365 1811 1385 non
1833 1355 2010 1395 approbat,
2039 1364 2102 1385 nec
2124 1360 2227 1392 tacet,

1256 1406 1317 1426 nec
1347 1395 1434 1426 facit.
1479 1396 1570 1427 llaec
1601 1397 1682 1426 satis
1712 1397 1755 1426 sit
1784 1397 1950 1426 monuisse
1981 1397 2021 1426 de
2043 1395 2106 1427 hac
2129 1406 2226 1436 quae-

1256 1438 1379 1468 stione:
1425 1438 1478 1468 An
1506 1437 1661 1469 Ecclesia
1687 1440 1791 1477 possit
1821 1437 1952 1469 errare?
1996 1437 2049 1468 Ac
2076 1437 2227 1477 profecto

1255 1480 1369 1510 mirum
1407 1486 1475 1516 est,
1513 1486 1578 1509 tam
1607 1479 1780 1510 horrendis
1809 1480 1968 1510 vaticiniis
1998 1478 2120 1510 Christi
2149 1478 2228 1510 nihil

1256 1520 1345 1552 affici
1374 1531 1480 1562 neque
1502 1521 1680 1552 Pontifices
1710 1531 1816 1562 neque
1839 1522 2012 1558 doctoreS‚
2043 1522 2097 1562 qui
2119 1522 2227 1552 securi

1257 1562 1419 1594 somniant
1441 1562 1520 1593 nihil
1543 1564 1575 1593 in
1597 1562 1748 1593 Ecclesia
1770 1563 1838 1593 vitii
1860 1573 1945 1593 esse.

1342 1605 1437 1635 Nunc
1459 1604 1573 1646 reliqui
1597 1611 1672 1635 sunt
1695 1605 1758 1635 duo
1782 1604 1859 1641 loci,
1882 1605 1970 1645 quod
1992 1605 2226 1635 administratio

1258 1647 1544 1678 Sacramentomm
1566 1657 1632 1677 11011
1656 1648 1697 1677 sit
1720 1648 1827 1684 irrita,
1856 1647 1982 1677 etiamsi
2005 1656 2114 1677 mores
2136 1647 2227 1678 mini-

1257 1695 1400 1719 strorum
1429 1690 1493 1720 sint
1522 1689 1640 1719 vitiosi.
1685 1689 1775 1720 Haec
1805 1689 1978 1729 disputatio
2001 1687 2172 1729 aliquoties
2193 1689 2227 1719 in

1256 1730 1407 1761 Ecclesia
1452 1741 1590 1772 magnos
1630 1729 1786 1761 tumultus
1827 1737 1859 1761 et
1899 1731 2034 1761 dissidia
2063 1731 2227 1761 excitavit.

1256 1774 1339 1803 Nam
1363 1780 1394 1803 et
1417 1783 1533 1803 recens
1556 1771 1691 1803 Vuiclef
1709 1779 1741 1804 et
1765 1771 1840 1804 olim
1862 1772 2056 1803 Donatistae
2079 1772 2228 1803 detraxe—

1258 1821 1333 1845 runt
1356 1815 1578 1846 §aeramentis
1608 1816 1812 1846 autoritatem
1834 1821 1968 1855 propter
1991 1812 2094 1843 malos
2118 1823 2227 1844 mores

1259 1857 1489 1887 ministrorum.
1534 1857 1576 1887 Et
1604 1856 1668 1887 hoc
1697 1863 1843 1897 tempore
1866 1855 2114 1886 Donatistarum
2142 1856 2229 1887 simi-

1260 1948 1329 1977 tur,
1359 1941 1390 1970 in
1424 1951 1488 1981 qua
1522 1939 1599 1971 nulli
1632 1941 1697 1971 sint
1731 1941 1848 1971 vitiosi.
1894 1939 2004 1974 Quare
2033 1939 2229 1970 admonendi

1237 1988 1336 2012 vsunt
1369 1982 1430 2022 pii,
1464 1989 1498 2013 ut
1531 1983 1636 2012 sciant
1669 1992 1764 2012 usum
1797 1982 2083 2013 Sacramentorum
2116 1979 2229 2012 valere

1260 2030 1395 2065 propter
1416 2025 1601 2055 mandatum
1624 2030 1655 2054 et
1674 2024 1908 2054 ordinationem
1928 2024 2079 2059 divinam,
2103 2023 2228 2054 etiamsi

1911 2065 2090 2105 Loquimur
2121 2069 2229 2095 autem

1261 2110 1301 2138 de
1323 2107 1414 2138 malis
1438 2109 1468 2138 in
1488 2107 1649 2145 Ecclesia,
1672 2118 1738 2137 non
1762 2109 1802 2138 de
1825 2113 1938 2146 aperte
1961 2105 2172 2146 blasphemis,
2194 2111 2230 2136 ut

1260 2150 1386 2180 Iudaeis
1410 2156 1464 2180 aut
1486 2150 1614 2186 Tui-cis,
1637 2151 1754 2190 quibus
1772 2148 1924 2180 Ecclesia
1946 2147 2068 2179 nullum
2090 2148 2229 2178 ministe-

1260 2193 1342 2223 rimn
1371 2193 1545 2222 mandavit.
1592 2192 1625 2221 Si
1650 2192 1734 2221 enim
1757 2201 1796 2221 ex
1820 2192 1976 2232 dignitate
1999 2190 2229 2227 ministrorum,

1261 2234 1431 2275 Evangelii
1454 2240 1508 2264 aut
1528 2234 1812 2264 Sacramentorum
1835 2234 1885 2263 vis
1908 2232 2078 2272 penderet,
2100 2240 2229 2271 semper

1262 2282 1373 2306 essent
1396 2277 1539 2306 incertae
1563 2276 1785 2306 conscientiae
1809 2276 1848 2304 dc
1873 2274 2045 2314 baptismo,
2069 2273 2110 2303 de
2132 2273 2228 2303 abso-

1261 2317 1383 2348 lutione
1413 2324 1474 2348 etc.
1527 2318 1630 2348 Porro
1660 2318 1795 2347 verbum
1823 2322 1854 2347 et
1884 2315 2096 2346 Sacramenta
2124 2314 2230 2354 requi-

1263 2366 1336 2390 runt
1370 2360 1483 2395 iidem3
1518 2369 1599 2400 ergo
1629 2369 1694 2389 non
1721 2364 1860 2399 possunt
1889 2368 1929 2388 ex
1957 2357 2113 2398 dignitate
2140 2355 2230 2386 mini—

1262 2408 1404 2432 strorum
1432 2402 1585 2442 pendere.
1638 2401 1709 2431 11οο
1738 2405 1962 2442 argumentum
1990 2399 2070 2429 satis
2099 2396 2229 2438 planum

1265 2537 1310 2566 65)
1330 2535 1516 2565 diiudicandae]
1538 2535 1608 2560 Editt.
1629 2535 1667 2557 12.
1690 2533 1727 2557 13.
1747 2539 1834 2558 errore
1854 2535 1963 2563 typogr.:
1983 2530 2134 2557 diiudicandi
