2358 2933
243 113 307 145 815

247 205 486 245 Prophetarum
522 211 552 234 et
577 202 813 243 Apostolorum
844 204 884 234 de
907 210 1055 243 peccato.
1079 205 1120 235 de
1143 204 1223 235 libc-

248 249 373 278 ratione
396 257 455 286 per
479 245 659 278 (ln-istum.
689 246 729 275 dc
753 246 816 275 rita
841 253 990 282 aeterna,
1020 246 1160 287 denique
1182 247 1223 277 de

250 300 328 320 vera
353 289 519 330 agnitione
542 287 602 317 Dei
627 294 656 317 et
683 297 762 316 vcro
788 286 877 318 vultu
900 287 979 321 Dei;
1013 287 1051 317 Et
1077 295 1144 318 tota
1168 287 1223 318 illa

248 342 367 372 pompa
392 330 627 359 sacrificiorum
648 337 792 359 veterum
816 329 979 369 significat
1004 340 1102 360 unum
1121 331 1222 360 sacri-

248 373 354 403 ficium
380 372 434 402 lilii
459 370 531 402 Dei,
556 372 609 411 qui
634 382 692 410 pro
718 372 811 401 nobis
835 372 963 402 victima
995 370 1101 402 sactus
1125 373 1222 403 susti-

248 416 313 445 nuit
335 416 413 444 iram
426 412 488 443 Dei
501 413 635 443 etl‘nsam
650 414 679 442 in
693 423 746 447 se,
765 414 858 483 ‹luasi
875 414 947 453 ipse
959 420 1097 461 peccata
1109 420 1223 444 nostra

247 457 443 486 admisisset.
491 455 592 486 Huius
627 456 706 486 irae.
732 456 773 485 do
789 456 868 491 oris,
893 456 1108 486 contusionis.
1132 457 1222 497 igno-

248 500 374 533 miniae,
394 496 583 527 humilitatis
608 498 860 537 magnitudinem
884 496 962 527 nulli
987 497 1119 537 Angeli,
1143 496 1220 528 nulli

247 540 394 570 homines
435 537 543 579 eloqui
584 546 740 579 possunt,
781 539 841 569 sed
879 545 986 569 tamen
1028 540 1221 570 excitandae

246 590 371 612 mentes
395 589 468 611 sunt
493 581 533 611 ad
560 588 668 611 tantae
692 581 737 611 roi
762 581 1004 621 cogitationem.
1031 582 1082 612 Ac
1106 592 1220 612 rursus

246 625 419 654 minionem
446 623 477 653 hi
501 622 665 654 cherubin
690 634 755 653 non
779 633 854 653 esst·
867 621 1063 660 Ecclesiam,
1086 624 1141 653 ubi
1153 634 1218 654 non

246 674 294 696 est
330 666 499 696 doctrinae
522 664 742 705 l'ropheti‹·ae
775 671 807 695 ct
830 664 1044 705 Apostolicae
1079 666 1219 696 ministe—

245 709 336 738 rium.
371 707 495 738 vectes
521 714 550 737 et
577 706 684 737 baculi
708 707 892 748 significant
918 708 1014 738 etiam
1039 708 1219 744 ministros,

245 750 399 780 doctores
423 757 451 779 et
477 748 711 780 scholasticos,
758 749 827 778 Etsi
851 754 958 779 autem
984 749 1047 779 boc
1070 755 1219 779 nostrum

246 802 364 822 munus
389 791 556 822 sordidum
591 797 640 820 est
666 798 695 821 et
720 790 818 832 longe
841 790 926 820 infra
950 791 1156 830 imperiorum
1172 792 1217 829 63)

244 835 514 875 gubernationem
555 832 769 864 collocatum.
812 840 919 863 tamen
959 833 1103 863 sciamus
1144 832 1216 863 Deo

243 883 371 913 gratum
407 885 482 905 esse
515 885 554 905 ac
587 876 810 905 necessarium
834 874 944 914 generi
969 873 1121 911 bumanO,
1145 880 1176 904 et
1198 885 1216 904 a

242 909 316 948 Deo
350 915 539 947 mirabiliter
566 918 649 947 inter
673 917 822 956 ingentes
846 914 1009 955 procellas
1033 915 1162 946 defendi
1186 922 1217 946 et

242 961 377 990 servari.
425 958 558 989 Plenum
580 965 630 989 est
655 959 753 998 igitur
776 968 872 988 verae
895 959 1072 999 dignitatis,
1097 969 1136 988 ac
1155 968 1216 988 nos

242 1003 303 1041 ipsi
337 1002 478 1032 muneris
513 1001 767 1041 magnitudinem
798 1001 982 1039 cogitantes
1005 1010 1122 1030 ornare
1144 999 1216 1030 sun-

242 1045 382 1075 ctionem
418 1050 531 1073 nostra
555 1043 739 1083 diligentia,
772 1043 944 1082 patientia,
967 1042 1127 1073 modestia
1149 1049 1215 1072 stu-

242 1087 390 1121 deamus,
414 1093 443 1115 et
468 1087 628 1115 adversus
652 1082 795 1124 pem'cnla
813 1091 1035 1115 sustentemus
1060 1094 1122 1114 nos
1140 1094 1215 1124 pro·

241 1128 452 1158 missionibus
470 1127 595 1163 [Matth.
609 1127 660 1164 28,
674 1127 756 1164 204:
782 1126 869 1156 Ecce
883 1136 946 1167 ego
959 1127 1130 1157 vobiscum
1142 1136 1215 1156 sum

240 1179 347 1210 usque
359 1170 399 1199 ad
413 1171 723 1200 consummationem
736 1167 849 1198 seculi.
874 1168 952 1198 Item
965 1169 1055 1206 [ibid.
1072 1168 1122 1205 16,
1137 1168 1214 1206 lS.]:

241 1212 349 1252 Supra
373 1211 458 1241 hanc
481 1219 605 1251 petram
630 1211 812 1242 aedificabo
835 1209 1017 1241 Ecclesiam
1040 1220 1161 1247 meam,
1185 1216 1215 1240 et

242 1261 356 1285 contra
381 1263 451 1284 eam
475 1264 539 1284 non
563 1252 799 1293 praevalebunt
825 1259 939 1292 portae
961 1250 1148 1282 inferorum.

327 1295 397 1326 Etsi
423 1304 531 1326 autem
553 1306 684 1332 sumus,
718 1301 750 1325 nt
775 1293 897 1325 Paulus
916 1295 1032 1334 inquit,
1066 1304 1148 1324 vasa
1171 1301 1216 1324 te-

240 1344 343 1369 stacei
356 1360 365 1375 ,
389 1337 537 1369 homines
560 1338 680 1374 miseri,
699 1337 829 1373 infirmi,
849 1338 955 1377 egeni,
974 1346 1039 1366 non
1059 1335 1215 1366 florentes

240 1381 375 1420 opibus,
406 1388 514 1410 tamen
539 1378 703 1420 fungimur
724 1378 890 1409 leo-atione
913 1389 973 1418 pro
997 1377 1147 1415 Clu-isto,
1181 1384 1215 1408 ut

239 1423 340 1463 inquit
361 1421 501 1452 Paulus:
531 1432 628 1461 quam
652 1429 740 1451 certe
759 1404 854 1451 bens
874 1420 1045 1457 desendet,
1078 1421 1162 1450 sicut
1183 1420 1215 1450 in

238 1466 309 1505 ipsa
331 1463 505 1494 multorum
519 1463 755 1504 Prophetarum
779 1470 809 1493 et
822 1461 1057 1502 Apostolorum
1071 1461 1215 1492 vocatio-

237 1517 279 1537 ne
303 1506 495 1541 declaraw't,
519 1506 583 1536 hoc
606 1515 723 1535 munus
747 1505 809 1535 sibi
833 1514 932 1534 curae
955 1514 1041 1534 esse.
1077 1503 1214 1538 Quantis

238 1548 404 1579 miraculis
453 1549 581 1578 vocavit
621 1547 778 1584 Iesaianr.
824 1546 1009 1583 Ieremiam,
1059 1545 1214 1576 loannem

238 1591 438 1631 Baptistam.
463 1589 614 1620 Paulum!
660 1589 750 1619 Haec
779 1599 845 1619 non
868 1595 989 1619 temere
1014 1588 1212 1626 acciderunt,

238 1643 301 1664 nec
324 1640 457 1672 propter
475 1631 550 1663 illos
574 1638 709 1668 tantum,
733 1631 792 1661 sed
816 1631 1001 1661 testimonia
1025 1636 1100 1661 sunt
1123 1629 1213 1660 utilia

238 1676 295 1706 toti
319 1674 501 1710 Ecclesiae,
526 1684 609 1715 quae
633 1674 808 1704 ostendunt
827 1671 1042 1713 Evangelium
1066 1682 1143 1702 vere
1165 1682 1213 1701 es-

239 1728 276 1748 se
299 1727 416 1747 vocem
440 1716 515 1753 Dei,
550 1723 579 1746 et
604 1715 677 1746 Deo
711 1725 810 1745 curae
834 1725 910 1745 esse
934 1724 1012 1744 suos
1035 1715 1212 1744 ministros.

241 1759 329 1789 llaec
364 1760 444 1789 satis
470 1760 509 1788 sit
534 1759 746 1789 admonuisse
769 1758 809 1788 de
829 1757 1022 1788 ceremoniis
1047 1756 1213 1793 Leviticis,

240 1809 271 1831 nt
298 1802 437 1831 studiosi
466 1801 607 1841 cogitent
633 1808 731 1841 typos
756 1798 859 1830 fuisse
881 1809 988 1829 rerum
1011 1809 1213 1839 magnarum,

240 1850 271 1874 et
309 1844 351 1873 ad
391 1844 538 1873 dextram
571 1843 873 1882 interpretationem
907 1852 989 1881 opus
1023 1850 1100 1871 esse
1133 1850 1210 1870 vera

238 1884 410 1926 Evangelii
435 1886 632 1925 cognitione.

325 1927 516 1958 Postremo:
556 1928 616 1957 etsi
651 1926 744 1967 leges
778 1924 930 1956 forenses
966 1923 1043 1955 nihil
1077 1924 1117 1954 ad
1151 1933 1213 1954 nos

239 1971 412 2009 pertinent,
447 1976 554 1999 tamen
584 1970 615 1998 in
640 1979 761 2009 genere
784 1969 957 1998 admonent
982 1967 1056 1996 Deo
1080 1965 1214 2006 placere

240 2012 338 2042 vitam
361 2011 538 2052 politicam,
564 2017 766 2047 contractus,
791 2011 937 2040 ordinem
950 2010 1211 2049 magistratuum,

239 2054 368 2091 iudicia,
391 2063 517 2093 poenas
540 2052 790 2089 sceleratorum,
813 2063 853 2082 ac
877 2052 1053 2082 ostendunt
1073 2051 1146 2091 pios
1159 2050 1213 2080 de-

240 2097 320 2126 bere
354 2097 385 2126 in
419 2095 540 2126 talibus
575 2094 693 2126 officiis
719 2104 873 2125 exercere
897 2094 1004 2129 fidem,
1031 2092 1212 2123 confessio-

238 2147 324 2174 nem,
348 2138 546 2178 patientiam,
570 2136 794 2172 dilectionem3
838 2136 932 2173 Nam,
956 2142 988 2165 ut
1013 2145 1111 2175 supra
1135 2135 1213 2164 ‹lixi-

239 2190 324 2216 mus,
358 2186 432 2210 ante
455 2179 540 2210 haec
565 2190 666 2219 opera
688 2179 820 2220 politica
843 2177 1087 2208 fundamentum
1111 2177 1213 2207 teneri

239 2231 380 2252 necesse
404 2228 465 2258 est,
488 2221 638 2252 videlicet
662 2222 806 2251 notitiam
826 2220 1052 2259 promissionis
1066 2229 1105 2249 ac
1115 2219 1213 2249 fidem

239 2270 270 2294 et
294 2264 478 2294 inchoatam
501 2265 719 2294 obedientiam
743 2262 917 2303 Decalogi.

325 2306 364 2336 Et
399 2306 474 2345 quia
508 2306 621 2345 politia
642 2305 790 2336 Mosaica
812 2306 933 2345 optima
956 2304 1029 2334 idea
1053 2309 1083 2333 et
1107 2301 1212 2333 forma

240 2354 291 2379 est
326 2347 460 2388 politiae
494 2348 526 2378 in
550 2348 613 2378 hoc
638 2347 996 2386 naturaedepravatae
1018 2351 1116 2383 statu,
1137 2355 1212 2385 pru-

238 2491 283 2521 63)
303 2490 477 2529 {tanet-iorum]
509 2490 582 2515 Editt.
602 2490 707 2514 16-18.
726 2489 852 2519 20—34.,
871 2490 943 2519 corp.
966 2489 1047 2518 1—8.,
1065 2489 1125 2519 opp.
1147 2489 1168 2511 1.
1189 2488 1212 2510 ·2.

306 2530 439 2555 impiorum

880 111 991 143 PHIL.
1014 112 1117 144 MEL.
1139 111 1325 145 SCRIPTA
1346 113 1617 150 DOGMATIGA.

2172 118 2235 149 816

1265 206 1416 237 dentibus
1439 207 1717 246 gubernatoribus
1737 205 1821 238 utilev
1838 213 1889 237 est¹
1912 206 1996 238 hanc
2008 206 2144 241 sormam
2157 219 2234 240 con-

1264 249 1420 279 siderare.
1465 248 1573 289 Leges
1596 247 1759 279 Ethnicae
1777 249 1809 279 in
1824 249 1960 280 vduabus
1983 250 2082 280 rebus
2105 249 2233 282 fuerunt

1265 289 1543 331 negligentiores,
1560 291 1590 320 in
1615 290 1786 330 puniendis
1810 289 2021 330 blasphemiis
2036 293 2081 330 ⁶⁴)
2106 298 2138 322 et
2160 303 2234 332 pro-

1265 331 1416 362 hibendis
1444 333 1539 372 vagis
1567 331 1764 362 libidinibus.
1808 332 1853 361 At
1874 331 1926 363 lex
1950 333 2057 365 diviua
2081 334 2235 374 gravissi-

1265 384 1335 403 mas
1368 384 1492 414 poenas
1527 374 1693 404 constituit
1729 374 1760 404 in
1785 373 1928 405 cultores
1950 374 2123 412 idolorum,
2148 374 2235 406 blas—

1265 415 1421 454 phemos,
1457 417 1571 455 impios
1596 416 1765 452 doctores,
1801 416 1894 452 item,
1918 417 1949 446 in
1973 416 2116 455 pollutos
2139 418 2234 459 vagis

1266 457 1463 488 libidinibus.
1510 457 1670 488 Voluntas
1706 458 1801 497 igitur
1823 457 1886 487 Dei
1916 458 1956 488 de
1979 457 2030 488 his
2053 457 2179 491 delictis
2202 460 2234 490 in

1266 499 1356 540 Lege
1379 500 1488 530 divina
1510 510 1529 529 a
1558 500 1759 540 sapientibus
1788 500 2060 540 gubernatoribus
2086 501 2235 532 conside-

1265 543 1367 572 randa
1391 547 1451 572 est.

1705 666 1787 704 [XL]

1307 749 1366 779 DE
1402 748 1658 780 DISCRlMlNE
1680 749 1866 780 PECGATI
1889 749 2113 781 MORTALlS
2134 734 2196 785 ET*

1642 823 1857 854 VENIALIS.

1348 917 1388 947 Ut
1413 914 1537 947 Paulus
1560 917 1662 956 inquit
1686 915 1795 953 [Rom-
1815 915 1937 954 7‚=9.]:
1961 916 2036 956 Ego,
2056 915 2232 957 aliquando

1261 959 1331 989 sine
1354 958 1429 999 lege
1452 959 1615 994 vivebam,
1639 958 1670 987 id
1694 964 1754 995 est,
1777 968 1845 988 non
1868 959 2050 988 sentiebam
2072 968 2124 994 me
2147 968 2166 989 a
2188 956 2233 994 le-

1261 1012 1303 1041 ge
1327 1001 1490 1036 accusari,
1513 1010 1580 1031 non
1599 1000 1870 1040 expavescebant.
1886 1010 1950 1030 non
1963 1001 2141 1032 sentiebam
2153 1001 2232 1032 iram

1259 1043 1320 1074 Dei
1343 1043 1504 1074 adversus
1527 1048 1708 1081 peccatum,
1730 1052 1795 1071 non
1815 1042 2011 1082 cogitabam,
2034 1048 2157 1082 quanta
2176 1053 2232 1074 res

1260 1087 1301 1116 sit
1333 1090 1504 1124 peccatum
1526 1089 1581 1114 aut
1604 1085 1652 1114 ira
1674 1083 1754 1119 Dei3
1800 1083 1847 1114 lta
1870 1084 2009 1114 maxima
2030 1094 2110 1124 pars
2131 1084 2233 1121 homi·

1260 1138 1335 1157 num
1359 1136 1476 1157 secma
1499 1132 1548 1156 est
1567 1136 1606 1156 ac
1630 1135 1671 1155 ne
1694 1124 1809 1155 leviter
1821 1126 1952 1166 quidem
1965 1127 2099 1166 cogitat,
2112 1132 2233 1167 quanta

1260 1179 1313 1199 res
1338 1170 1379 1199 sit
1400 1174 1583 1208 peccatum,
1607 1173 1730 1207 quanta
1752 1177 1805 1197 res
1829 1169 1871 1200 sit
1896 1168 1947 1198 ira
1968 1167 2049 1203 Dei;
2082 1167 2163 1205 Cum
2186 1174 2233 1199 ta-

1260 1222 1333 1242 men
1366 1220 1473 1251 poena
1494 1211 1587 1250 primi
1609 1208 1723 1249 lapsus
1746 1215 1778 1239 et
1801 1220 1874 1240 cum
1897 1216 2009 1240 tantae
2032 1207 2234 1242 calamitates

1261 1254 1360 1284 totius
1390 1254 1522 1293 generis
1554 1252 1685 1282 humani
1720 1261 1782 1281 nos
1806 1252 1950 1291 quotidie
1974 1252 2170 1282 admoneant
2193 1252 2233 1283 de

1260 1295 1481 1336 magnitudine
1504 1295 1572 1324 irae
1595 1293 1675 1329 Dei3
1715 1292 1872 1333 Denique,
1896 1303 1969 1323 cnm
1992 1292 2114 1324 Christi
2136 1294 2233 1329 inter—

1261 1338 1369 1367 cessio
1393 1343 1425 1366 et
1447 1345 1536 1366 mors
1559 1337 1602 1366 sit
1624 1335 1854 1372 testimonium,
1877 1336 1963 1365 serio
1981 1341 2015 1365 et
2032 1345 2110 1366 vere
2125 1335 2233 1372 Deum

1260 1380 1357 1410 irasci
1380 1384 1529 1418 peccato.
1574 1377 1634 1407 His
1663 1377 1856 1407 testimoniis
1878 1375 2079 1417 aliquantum
2100 1387 2233 1416 moven-

1262 1427 1311 1451 tur
1329 1421 1432 1457 corda
1454 1420 1592 1459 piorum,
1618 1419 1672 1459 qui
1694 1419 1762 1448 irae
1784 1419 2039 1458 magnitudinem
2061 1417 2171 1460 aliqua
2193 1429 2234 1450 ex

1260 1469 1354 1502 parte
1381 1462 1560 1492 sentientes
1594 1466 1708 1500 petunt
1730 1461 1965 1501 mitigationem
1987 1470 2177 1500 poenarum,
2199 1467 2233 1492 ut

1261 1503 1394 1542 [Psalm.
1418 1503 1450 1540 6,
1473 1503 1536 1541 2.]:
1578 1503 1739 1540 Domine,
1770 1512 1812 1532 ne
1839 1503 1873 1532 in
1898 1501 2010 1533 furore
2032 1508 2088 1533 tuo
2111 1513 2232 1544 arguas

1259 1556 1320 1576 me.
1332 1548 1375 1579 ⁶⁵)
1420 1545 1499 1576 Item
1524 1545 1662 1575 Abacuc
1685 1544 1735 1582 [3,
1759 1544 1821 1582 2.]:
1867 1543 1949 1574 Cum
1970 1545 2136 1584 irasceris,
2157 1544 2233 1580 *Do*-

1258 1589 1354 1625 mine,
1379 1587 1623 1618 misericordiae
1646 1593 1722 1617 tuae
1744 1586 1984 1626 recordaberis.
2029 1586 2110 1627 Item
2119 1586 2232 1618 Ierem.

1261 1631 1310 1661 10.
1336 1633 1399 1668 [vs.
1422 1630 1490 1667 24]
1525 1629 1663 1669 Corripe
1684 1638 1753 1665 me,
1775 1628 1934 1666 Domine,
1955 1634 2179 1665 verumtamen
2201 1630 2233 1665 in

1258 1673 1389 1709 iudicio,
1420 1682 1487 1702 non
1521 1672 1553 1702 in
1576 1670 1687 1701 sumre
1710 1676 1782 1708 tuo,
1815 1680 1857 1700 ne
1880 1671 1921 1701 ad
1943 1669 2078 1710 nihilum
2099 1671 2233 1712 redigas

1258 1726 1319 1745 me.
1365 1713 1463 1745 Tales
1497 1712 1606 1753 aliquo
1630 1713 1727 1743 modo
1751 1711 1938 1753 intelligunt
1960 1713 2136 1744 discrimen
2156 1708 2232 1753 pec-

1259 1758 1322 1787 cati
1357 1755 1495 1787 venialis
1530 1762 1562 1786 et
1595 1754 1753 1785 mortalis.
1803 1754 1970 1795 Homines¹
1993 1755 2118 1792 securi,
2152 1755 2233 1791 ebrii

1259 1798 1480 1838 voluptatibus
1503 1808 1567 1828 non
1591 1796 1772 1837 intelligunt
1795 1796 1860 1827 hoc
1884 1797 2077 1833 discrimem
2099 1796 2232 1837 ldeoet

1258 1840 1348 1871 multi
1371 1841 1552 1880 scriptores
1576 1840 1606 1870 in
1630 1839 1694 1870 hoc
1717 1838 1791 1869 loco
1814 1838 2006 1870 hallucinati
2028 1844 2115 1868 sunt.
2174 1871 2177 1876 ,
2197 1864 2201 1878 ἶ

1344 1882 1414 1913 Etsi
1439 1888 1545 1913 autem
1568 1882 1757 1922 magnitudo
1781 1881 1934 1912 iraenei
1956 1881 2065 1916 verbis
2089 1880 2232 1918 describi

1259 1936 1323 1956 non
1358 1931 1478 1964 potest,
1513 1930 1620 1954 tamen
1655 1923 1803 1953 discendi
1834 1933 1954 1953 caussa
1978 1928 2149 1954 teneantur
2169 1921 2232 1958 hae

1259 1967 1474 1998 definitiones.
1520 1966 1698 1996 Peccatum
1732 1963 1870 1995 mortale
1903 1965 1933 1994 in
1957 1974 2080 2005 genere
2102 1970 2153 1999 est
2175 1964 2231 1995 de-

1259 2009 1365 2040 fectus
1402 2007 1453 2038 vel
1486 2006 1652 2038 inclinatio
1686 2005 1739 2036 vel
1773 2007 1859 2037 actio
1889 2013 2005 2037 contra
2026 2005 2134 2048 legem
2155 2005 2231 2044 Dei,

1259 2052 1428 2082 offendens
1448 2050 1565 2086 Deum,
1589 2059 1653 2079 non
1676 2049 1827 2086 remissa,
1850 2049 1909 2079 sed
1932 2049 1994 2080 iam
2004 2050 2048 2085 ⁶⁶)
2070 2049 2153 2081 iram
2168 2040 2231 2080 Dei

1258 2100 1288 2124 et
1312 2100 1465 2123 aeternas
1488 2101 1611 2132 poenas
1636 2100 1838 2130 promerens.
1885 2090 1966 2121 Sunt
1990 2091 2088 2130 igitur
2110 2091 2143 2120 in
2165 2087 2230 2126 non

1257 2136 1382 2166 renatis
1415 2140 1552 2173 peccata
1585 2132 1735 2163 mortalia
1767 2133 1838 2173 ipse
1861 2133 2005 2163 ·1norbus
2040 2133 2177 2174 originis
2199 2138 2231 2163 et

1258 2187 1371 2208 omnes
1406 2177 1512 2207 vitiosi
1547 2174 1683 2206 affectus
1718 2180 1749 2205 et
1783 2184 1896 2205 omnes
1928 2183 2052 2215 pravae
2073 2174 2230 2217 actiones.

1257 2219 1327 2250 Etsi
1360 2225 1468 2249 autem
1502 2228 1620 2258 magna
1654 2222 1705 2247 est
1732 2217 1836 2247 virtus
1859 2216 2031 2256 Pomponii
2053 2215 2230 2250 Atticiaut

1258 2262 1417 2298 Senecae,
1452 2270 1518 2290 non
1553 2258 1666 2290 volunt
1695 2260 1843 2299 cuiquam
1868 2268 2000 2296 nocere,
2033 2258 2098 2289 imo
2121 2256 2229 2294 multis

1256 2388 1302 2418 64)
1321 2387 1496 2417 blasphemiis]
1518 2387 1560 2412 Ed.
1579 2388 1599 2411 l.
1619 2386 1775 2417 blasphemis

1256 2437 1302 2467 65)
1322 2443 1363 2462 me
1382 2438 1461 2462 abest
1479 2437 1514 2462 ab
1532 2437 1605 2461 Editt.
1626 2436 1698 2460 1—7.
1716 2435 1740 2458 9.

1256 2487 1302 2517 66)
1322 2489 1370 2546 *3¹¹³
1390 2488 1470 2544 afes22
1486 2488 1522 2512 ab
1539 2487 1611 2511 Editt.
1632 2485 1738 2509 15—17.
1758 2486 1798 2508 21.
1817 2485 1856 2510 22.
1875 2486 1915 2508 24.
1935 2465 2228 2515 28-34.‚c0r'11.2-÷-a;,

1345 2528 1384 2552 pp.
1422 2540 1428 2545 .
1465 2539 1470 2544 .
1878 2540 1881 2545 .
2188 2539 2203 2544 ,Α
