2358 2933
264 130 322 158 411

352 220 412 250 llic
436 222 674 250 obserxandun.
701 228 761 250 est.
785 221 881 251 etiam
904 222 1065 262 duplicem
1085 224 1239 252 desertio—

268 273 338 292 ncm
372 274 446 291 esst·
481 261 678 292 liu-nltatnm.

266 307 336 334 sine
359 306 511 333 mandato
538 304 598 333 liei
623 312 652 333 et
673 306 744 334 sine
769 306 956 334 vocatione:
993 312 1024 335 ut
1050 306 1076 334 si
1101 307 1173 345 quis
1193 307 1237 336 di-

265 357 325 375 ves
354 356 448 375 sumn
478 347 701 384 patrimonium
733 345 848 376 rolens
878 347 1009 376 deserat
1033 349 1160 377 nemine
1184 359 1237 379 co—

266 396 373 428 gente.
420 387 507 417 Talis
533 389 675 417 desertio
708 398 771 417 non
802 386 952 418 laudatur
980 390 1009 418 in
1034 388 1236 430 Evangelio;

265 439 292 459 et
327 439 419 459 error
448 436 496 458 cst
522 428 619 459 talem
650 430 868 460 desertionem
891 432 1063 470 suscipere.
1086 438 1237 472 tanquam

265 470 385 501 cultum
418 471 488 500 Dei.
541 472 631 501 Sicut
666 471 817 502 sinis-ms
851 479 989 503 testatur
1023 473 1151 509 [Matth.
1188 473 1237 510 15,

264 514 324 550 9.Ῑ;
359 513 493 543 Frustra
528 513 638 543 colunt
668 525 718 544 mc
747 515 907 544 mandatis
941 514 1117 545 hominum.
1162 515 1236 545 Alia

265 563 313 585 est
339 555 481 585 desertio
514 554 713 586 facultatum.
738 567 821 597 quae
845 557 940 587 habet
964 557 1150 587 mandatum
1174 558 1237 588 Dei

264 605 292 627 et
314 598 536 628 vocationem:
561 606 593 628 ut
620 609 690 628 cum
715 598 858 640 Tyranni
883 606 1000 637 cogunt
1025 606 1077 629 aut
1103 598 1237 630 faculta-

263 647 313 669 tes
337 640 499 671 antittere.
529 648 583 671 aut
619 640 759 671 deiicere
783 642 823 670 ab
848 640 1039 682 Evangelio.
1085 641 1145 671 Hic
1168 641 1236 672 lau-

265 683 317 712 dat
353 681 503 713 Flu-istus
534 681 723 713 facultatum
759 684 995 721 desertionem,
1029 694 1102 713 cum
1135 684 1235 724 inquit

265 723 394 761 [Manli.
421 724 470 761 19.
494 725 576 762 294:
623 724 685 759 Qui
710 724 873 766 reliquerit
899 737 1025 767 agrum.
1048 727 1178 756 domum
1192 727 1236 762 ⁶⁵)

265 774 325 796 etc.
351 774 484 806 propter
508 766 730 807 Evangelinm.
766 767 863 797 Addit
884 769 966 797 cnim
986 774 1119 808 propter
1130 766 1236 797 Evan-

264 807 394 849 gelium.
419 810 448 838 id
473 817 534 838 est.
560 808 802 839 consessionem
826 809 1006 851 Evangelii.
1053 810 1094 840 Et
1113 815 1178 844 quod
1199 814 1235 845 ⁵¹³)

264 850 386 880 tan'tnm
400 849 557 881 laudat-2⁷)
572 853 800 887 desertionem,
811 861 895 891 quae
908 851 1004 881 habet
1019 852 1236 889 vocationem,

262 892 294 922 id
306 894 348 929 ⁵5)
371 900 506 932 apparet
526 903 566 923 ex
590 904 640 923 eo.
662 895 736 933 quia
756 893 842 924 iubet
861 894 957 923 etiam
975 901 1141 934 parentes,
1160 905 1237 924 con-

266 935 386 975 iugem.
409 933 543 971 liberos,
567 936 630 965 imo
655 936 750 965 etiam
774 937 871 965 vitam
891 936 1056 966 deserere.
1079 935 1123 966 Ut
1141 937 1237 976 igitur

265 986 331 1005 non
345 975 453 1006 laudat
475 986 545 1014 eos,
565 978 617 1018 qui
638 978 791 1007 deserunt
810 978 979 1018 coniugen.
996 984 1025 1007 et
1046 977 1169 1008 liberos
1182 985 1235 1009 aut

267 1019 319 1058 qui
350 1019 412 1048 sibi
443 1019 524 1058 ipsis
553 1021 652 1049 vitam
676 1020 831 1060 eripiunt.
854 1019 900 1049 ita
923 1029 987 1049 non
1011 1019 1122 1050 laudat
1144 1021 1237 1051 dese-

267 1067 376 1090 rentes
399 1062 592 1100 patrimonia
611 1063 682 1092 sine
700 1062 852 1092 mandato
877 1061 939 1092 Dei
959 1068 1021 1092 etc.

605 1162 662 1193 De
693 1163 895 1192 castitate.

352 1245 520 1285 Scriptura
551 1245 660 1276 multis
685 1247 890 1287 gravissimis
925 1246 1138 1276 concionibus
1162 1256 1236 1286 pro-

265 1288 352 1319 hibet
386 1288 636 1325 scortationem,
667 1287 824 1319 adulteria
859 1294 890 1318 et
925 1287 1048 1318 similes
1072 1286 1259 1318 libidines*

263 1329 324 1360 Est
347 1337 453 1360 autem
479 1331 613 1360 castitas
637 1340 701 1360 non
727 1329 834 1361 solum
857 1331 1034 1371 w'rginum,
1058 1330 1116 1359 sed
1140 1330 1236 1360 etiam

265 1372 450 1413 coniugum.
496 1372 577 1402 Nam
603 1378 633 1403 et
657 1373 843 1414 coniugium
863 1378 912 1402 est
936 1373 1045 1402 divina
1064 1372 1235 1402 ordinatio.

263 1413 303 1444 Et
335 1424 466 1450 omnes.
497 1415 551 1454 qui
580 1425 644 1444 non
677 1416 861 1451 continent,
888 1414 1074 1444 mandatum
1102 1413 1235 1451 habent,

263 1463 296 1486 ut
322 1457 474 1497 coniugio
493 1462 634 1487 utantur.
681 1458 772 1487 Sicut
795 1455 917 1487 Paulus
936 1457 1037 1496 inquit
1077 1456 1121 1494 [l.
1157 1455 1234 1485 Cor.

265 1499 296 1529 5.
326 1499 390 1535 ‘2-1:
432 1497 572 1538 Propter
605 1497 854 1529 fornicationem
883 1498 1109 1538 unusquisque
1141 1508 1235 1528 suam

263 1550 398 1571 uxorem
427 1540 557 1570 habeat.
609 1540 648 1571 Et
676 1550 769 1571 usum
803 1541 944 1581 coniugii
975 1540 1156 1570 honorifica
1179 1550 1235 1580 ap-

264 1581 441 1623 pellatione
466 1590 570 1619 ornat.
595 1593 667 1613 cum
690 1584 777 1613 addit
803 1583 889 1620 [ibid.
911 1592 960 1613 vs.
979 1581 1040 1618 34:
1062 1582 1121 1611 Vir
1139 1582 1234 1612 uxori

265 1625 407 1655 debitam
436 1624 696 1655 benevolentiam
725 1625 850 1655 reddat.
894 1624 954 1654 Est
976 1625 1076 1664 igitur
1100 1625 1234 1654 castitas

265 1678 329 1697 non
353 1674 476 1697 tantum
499 1668 686 1708 virginitas.
717 1668 776 1697 sed
806 1668 901 1697 etiam
925 1668 1099 1707 coniugum
1126 1667 1236 1696 mode-

264 1717 335 1739 rata
359 1710 573 1739 consuetudo.
619 1709 709 1739 Haec
735 1709 808 1739 ideo
838 1707 978 1748 praefari
1006 1718 1143 1738 necesse
1174 1714 1235 1744 est,

264 1759 297 1781 ut
326 1752 565 1781 meminerimus
601 1752 805 1781 ordinatione
835 1751 897 1781 Dei
938 1756 1052 1780 sancte
1081 1750 1235 1780 utendum

265 1803 351 1830 esse,
375 1799 405 1822 et
429 1794 632 1823 damnandos
656 1803 732 1823 esse
754 1792 915 1824 fanaticos
939 1793 1083 1833 spu-itm,
1104 1793 1156 1831 qui
1181 1801 1236 1821 ne-

265 1842 343 1877 gant
369 1836 553 1875 coniugium
578 1845 771 1865 concessum
796 1845 872 1865 esse
896 1834 1102 1865 Christianis.
1137 1832 1235 1864 Tales
1255 1856 1257 1867 ,

263 1876 338 1907 olim
363 1876 451 1907 multi
476 1876 616 1914 fuerunt,
642 1884 675 1907 ut
705 1877 880 1913 Tatianus.
906 1876 1038 1907 Hieras.
1084 1875 1149 1905 Sed
1168 1885 1236 1905 mo-

262 1919 356 1950 nachi
378 1921 437 1949 etsi
461 1930 525 1949 non
548 1919 661 1950 volunt
680 1920 781 1949 videri
802 1919 956 1949 damnare
974 1918 1171 1959 coniugium.
1190 1923 1236 1947 ta·
1256 1930 1257 1944 t

263 1972 335 1992 men
359 1960 455 1992 valde
479 1960 672 1992 deformant.
705 1961 836 1991 Docent
858 1961 1076 2001 virginitatem
1097 1958 1235 1995 consuli,

263 2011 293 2034 et
314 2003 546 2045 perfectionem
565 2014 604 2034 ac
623 2004 809 2034 munditiem
828 2013 921 2033 esse:
942 2003 1033 2043 quasi
1049 2002 1235 2043 coniugium

263 2048 303 2076 sit
344 2047 573 2077 immundities.
636 2045 675 2076 Et
714 2056 779 2076 non
818 2044 934 2075 leviter
962 2045 1233 2085 perturbaverunt

262 2089 429 2128 imperitas
464 2089 693 2118 conscientias,
738 2088 798 2118 Hic
827 2088 962 2127 primum
992 2088 1134 2117 sciamus
1168 2096 1233 2115 non

263 2131 404 2170 praecipi
438 2131 667 2171 virginitatem.
730 2130 857 2160 Deinde
893 2129 1137 2160 concedendum
1171 2134 1232 2165 est.

264 2173 349 2213 quod
374 2172 497 2202 Paulus
517 2174 558 2210 [l.
580 2172 655 2203 Cor.
681 2173 710 2202 7.
737 2173 764 2201 l.
784 2172 801 2201 7
823 2182 872 2213 sq.
892 2173 958 2210 Ξῖ]
985 2172 1036 2201 det
1063 2169 1232 2201 consilium

263 2216 303 2245 de
344 2215 528 2255 virginitate
567 2215 805 2246 conservanda.
869 2215 934 2244 Sed
972 2213 1025 2243 hic
1058 2213 1234 2253 prudenter

329 2398 404 2419 agros

264 2444 308 2467 567
329 2442 394 2472 quod
415 2440 526 2465 addunt
543 2441 614 2465 Editt.
636 2440 658 2461 Τ.
681 2441 701 2462 8.
726 2440 829 2461 11—14.
849 2443 872 2462 et
893 2440 950 2468 Opp,

264 2494 308 2518 Ξῖ)
329 2492 425 2521 13υᾱᾱ(4
447 2492 516 2516 Editt.
539 2492 560 2513 8.
584 2492 620 2514 ll.
645 2490 679 2512 13.
700 2495 723 2514 ct
744 2492 817 2519 ttpp.:
838 2489 921 2513 laudet

264 2545 307 2567 ὅθ’]
330 2543 352 2567 id
374 2543 514 2565 omittunt
533 2542 606 2565 Editt.
628 2541 648 2562 T.
671 2542 692 2563 8.
716 2542 820 2562 11—14.
841 2543 864 2564 et
885 2541 943 2569 Opp-

892 130 1000 160 Ptin..
1023 130 1125 161 MEL.
1149 131 1332 163 SCRIPTA
1356 133 1628 165 DOGMATICA.

725 261 839 293 Altera
875 264 909 293 tit
940 272 1051 293 nostra
1078 262 1262 300 electione⁴

2187 139 2250 170 412

1284 224 1489 255 iudicandum
1510 232 1577 255 est:
1614 236 1679 256 non
1703 228 1786 257 etnim
1811 229 1907 258 sentit
1930 228 2052 259 Paulus
2075 228 2162 260 ullos
2184 241 2248 262 ma-

1284 266 1334 306 gis
1355 268 1469 296 mereri
1489 267 1751 298 institit-ationem
1764 276 1896 309 propter
1907 271 2136 310 virginitatem,
2154 282 2249 311 quam

1260 305 1415 348 ³propter
1443 310 1639 349 coniugium.
1690 309 1828 350 Utrique
1856 318 1888 341 et
1917 313 2074 351 coiiiuges
2098 319 2127 343 et
2151 314 2250 354 virgi—

1282 359 1340 379 nes
1364 356 1507 380 statuere
1531 351 1659 388 debent.
1684 362 1720 380 se
1738 362 1796 391 per
1817 353 2200 391 misericordiamiustos,
2218 357 2250 386 id

1282 398 1350 427 est,
1377 398 1532 431 acceptos
1564 403 1638 422 csse
1662 400 1796 433 propter
1819 393 2001 431 Christum,
2027 406 2091 426 non
2118 402 2251 436 propter

1282 433 1469 473 dignitatem
1499 435 1638 475 coniugii
1668 441 1719 465 aut
1744 436 1950 476 virginitatis.
1996 437 2054 467 Est
2076 438 2172 478 igitur
2195 449 2249 469 va-

1259 500 1260 503 ,
1282 484 1323 504 na
1347 474 1462 505 fiducia
1481 476 1726 517 monachorum.
1746 478 1799 517 qui
1822 479 1983 508 somniant
2004 488 2040 509 se
2058 480 2162 520 magis
2184 490 2249 511 me-

1283 519 1345 546 reri
1369 518 1593 548 remissionem
1617 526 1828 558 pet-,catorum
1852 525 1883 550 et
1905 521 2249 553 iustificationemsuo

1282 557 1454 589 caelibatu.
1479 570 1574 600 quam
1596 559 1738 601 reliquos
1762 561 1919 593 homines.
1950 562 2053 593 Multo
2072 559 2177 605 mag-is
2201 574 2250 595 er.-

1281 607 1365 637 rant‚
1395 602 1481 641 quod
1510 602 1634 642 fingunt
1668 603 1756 634 illum
1788 603 1982 636 caelibatum
2015 605 2250 645 perfectionem

1281 652 1357 673 esse
1380 642 1622 684 Evangelicam.
1653 644 1797 675 Fuerunt
1820 646 1904 675 enim
1926 644 2140 685 perfectiores
2159 646 2248 677 multi

1282 685 1451 725 coniuges,
1474 691 1509 715 ut
1531 685 1710 723 Abraham,
1730 686 1835 722 lsaac,
1854 687 1979 724 Daw'd,
1999 688 2134 724 Esaias.
2153 699 2248 728 quam

1280 725 1457 766 pleraeque
1487 727 1641 767 xirgines.
1685 729 1768 758 Nam
1794 728 1952 768 perfectio
1976 728 2175 770 Evangelica
2199 736 2248 760 est

1281 767 1478 808 spiritualis,
1508 768 1572 798 hoc
1595 775 1663 805 est,
1687 777 1734 800 est
1758 771 1862 811 magis
1881 771 2050 811 magisque
2067 781 2249 811 agnoscere

1280 816 1425 840 nostram
1445 809 1708 848 imbecillitatem,
1726 813 1955 851 perterretieri,
1978 819 2010 843 et
2033 819 2169 844 econtra
2186 813 2249 844 fide

1281 852 1373 892 erigi.
1411 852 1444 881 ln
1464 851 1582 882 talibus
1602 855 1763 883 exercitiis
1783 859 1930 884 versatur
1947 853 2118 894 perfectio,
2137 856 2166 886 si
2184 865 2249 895 qua

1281 900 1330 924 est
1355 894 1403 923 sic
1422 895 1580 924 vocanda.
1626 894 1694 925 Sed
1714 894 1836 926 Paulus
1861 894 1972 926 laudat
1997 903 2029 927 et
2051 898 2169 928 suadet
2185 897 2249 927 vir-

1281 935 1444 975 ginitatem
1469 941 1602 975 propter
1631 936 1797 975 politicum
1824 936 1931 973 finem,
1951 938 2079 969 scilicet
2099 943 2135 969 ut
2153 947 2248 977 expe·-

1282 978 1415 1007 ditiores
1435 977 1536 1007 simus
1553 978 1594 1007 ad
1614 978 1816 1015 discendum,
1840 979 2020 1008 docendum
2045 985 2075 1009 et
2098 980 2249 1009 obeunda

1280 1019 1457 1049 ministeria
1476 1018 1721 1050 Ecclesiastica.
1776 1019 1916 1060 Propter
1943 1019 2006 1049 hos
2033 1021 2114 1051 fines
2138 1020 2248 1051 laudat

1281 1062 1376 1091 etiam
1396 1060 1546 1091 Christus
1570 1060 1724 1098 caelibes,
1744 1072 1816 1092 cum
1838 1063 1940 1102 inquit
1960 1061 2087 1099 [Matth.
2102 1062 2152 1100 19,
2167 1062 2246 1099 12.]:

1282 1102 1343 1137 Qui
1369 1113 1406 1133 se
1435 1109 1659 1134 castraverunt
1692 1110 1825 1144 propter
1847 1102 2080 1145 Evangelium,
2098 1104 2163 1135 hoc
2188 1110 2248 1141 est,

1281 1145 1427 1175 discendi
1447 1151 1479 1175 et
1498 1145 1635 1175 docendi
1659 1155 1770 1176 causa.
1819 1145 1939 1176 Verum
1958 1152 2009 1176 est
2032 1147 2134 1183 enim,
2161 1146 2248 1186 quod

1279 1187 1379 1227 inquit
1404 1185 1525 1218 Paulus
1557 1188 1601 1225 [1.
1632 1186 1708 1217 Cor.
1733 1187 1763 1225 7,
1786 1187 1869 1226 32.]:
1915 1186 2056 1218 Caelebs
2080 1193 2173 1219 curat
2197 1197 2249 1225 ea,

1279 1239 1363 1268 quae
1387 1234 1461 1258 sunt
1479 1228 1624 1266 Domini,
1646 1234 1681 1259 ut
1694 1228 1835 1259 Domino
1858 1227 1996 1269 placeat.
2016 1234 2117 1259 &tantus
2130 1235 2201 1269 curat
2210 1240 2249 1260 ea,

1279 1281 1342 1305 quae
1370 1278 1427 1299 sunt
1455 1275 1556 1303 mundi,
1582 1277 1608 1299 ut
1627 1276 1697 1299 uxori
1716 1276 1820 1304 placeat.
1832 1274 1868 1304 ⁵⁹)
1913 1264 2249 1307 Eteniu'rnon'solum

1279 1312 1509 1342 oeconomicae
1534 1321 1648 1349 curae,
1671 1312 1730 1342 sed
1752 1311 1854 1343 multo
1879 1313 1983 1353 magis
2002 1310 2073 1347 alia}
2090 1312 2249 1354 quaedam

1279 1353 1443 1384 abducunt
1466 1363 1485 1384 a
1509 1359 1689 1394 conspectu
1715 1353 1934 1384 calamitatum
1952 1353 2125 1385 Ecclesiae
2148 1359 2180 1384 et
2202 1354 2248 1384 in-

1279 1396 1460 1426 terturbant
1484 1395 1590 1426 studia
1614 1396 1806 1426 discentium
1825 1406 1865 1426 ac
1888 1396 2081 1426 docentium.
2094 1396 2139 1436 ⁶⁰)
2165 1394 2248 1435 'Ideo

1279 1439 1333 1478 qui
1352 1438 1394 1468 ad
1412 1438 1589 1468 ministeria
1608 1437 1846 1468 Ecclesiastica
1864 1444 2036 1474 vocantur,
2059 1439 2088 1468 si
2105 1435 2249 1468 afficien-

1279 1486 1330 1509 tur
1352 1479 1526 1510 Ecclesiae
1551 1478 1806 1517 calamitatibus,
1831 1480 1858 1509 si
1887 1480 1997 1510 oneris
2019 1480 2070 1509 sui
2092 1480 2250 1520 magnitu-

1279 1522 1385 1551 dinem
1409 1522 1515 1551 animo
1539 1521 1727 1559 metientur,
1753 1522 1780 1551 si
1807 1522 1995 1563 cogitabunt
2018 1531 2113 1562 quam
2136 1518 2250 1551 diffici—

1277 1562 1319 1593 lis
1343 1564 1383 1593 sit
1403 1562 1576 1603 explicatio
1596 1564 1783 1604 dogmatum
1803 1570 1833 1594 et
1853 1564 2046 1605 gubernatio
2064 1561 2248 1600 Ecclesiae,

1277 1605 1341 1636 hae
1365 1615 1465 1636 curae
1488 1615 1527 1635 ac
1545 1605 1694 1636 miseriae
1718 1604 1815 1636 facile
1833 1607 1995 1636 excutient
2015 1605 2061 1635 eis
2081 1605 2249 1646 cogitatio-

1277 1657 1338 1678 nes
1362 1648 1402 1677 de
1425 1648 1586 1688 coniugiO.
1623 1647 1689 1677 Sed
1719 1648 1857 1678 mundus
1881 1653 2095 1688 praepostere
2117 1646 2249 1684 iudicat,

1279 1688 1473 1720 caelibatum
1502 1690 1729 1729 superstitiose
1763 1690 1898 1720 miratur
1926 1695 2081 1729 tanquam
2105 1688 2249 1729 singula-

1278 1742 1345 1762 rem
1373 1731 1493 1762 eultan
1513 1731 1575 1761 Dei
1601 1737 1632 1761 et
1662 1742 1745 1772 opus
1771 1732 1931 1768 eximium,
1957 1731 2045 1771 quod
2062 1731 2166 1771 magis
2185 1740 2249 1760 me-

1255 1779 1388 1819 ¹reatur
1416 1774 1639 1803 remissionem
1673 1780 1882 1813 peccatorum
1914 1778 1946 1803 et
1977 1771 2248 1803 iustificationem.

1255 1825 1257 1850 ,r
1278 1815 1407 1845 Interim
1442 1814 1520 1844 nihil
1545 1813 1687 1845 afficitur
1717 1826 1796 1846 cura
1821 1815 2002 1845 studiorum
2027 1819 2082 1844 aut
2104 1814 2249 1844 miseria-

1255 1868 1348 1900 ⁴rum
1372 1855 1686 1887 Ecclesiasticzuum.
1733 1857 1780 1887 Ita
1811 1855 2003 1887 caelibatum
2033 1854 2248 1895 amplectitur,

1255 1904 1257 1911 ·
1278 1909 1343 1928 non
1369 1897 1495 1928 alienae
1517 1897 1664 1928 utilitatis
1693 1908 1813 1929 caussa
1836 1904 1890 1929 aut
1913 1899 2093 1929 studiorum
2116 1907 2248 1934 caussa,

1256 1942 1338 1972 ised
1372 1950 1430 1980 per
1460 1941 1734 1980 superstitionem.
1779 1940 1823 1970 At
1853 1941 1975 1971 rectius
2010 1945 2078 1970 erat
2111 1938 2248 1970 laudare

1278 1983 1494 2024 virginitatem
1514 1983 1695 2012 studiorum
1718 1992 1850 2019 caussa,
1874 1988 1929 2012 aut
1952 1980 2078 2012 alienae
2101 1981 2247 2012 utilitatis

1255 2046 1256 2050 ,
1278 2035 1408 2055 caussa.
1443 2024 1510 2055 Res
1530 2030 1578 2053 est
1603 2024 1686 2054 enim
1705 2024 1843 2054 maxima
1863 2029 1892 2055 et
1913 2024 2053 2054 omnium
2071 2021 2170 2065 longe
2189 2021 2247 2053 dif-

1254 2077 1255 2099 ι
1276 2066 1419 2097 ficillima
1445 2066 1636 2106 gubernatio
1660 2065 1895 2097 Ecclesiamm.
1939 2065 2023 2096 Nam
2046 2072 2077 2095 et
2100 2065 2247 2096 doctrina

1254 2103 1347 2149 [ipsa
1378 2106 1520 2139 difficilis
1551 2115 1617 2144 est,
1641 2114 1671 2138 et
1698 2107 1886 2138 mirabiliter
1915 2113 2043 2138 exercet
2067 2107 2246 2138 studiosos.

1253 2139 1255 2197 f
1276 2151 1334 2180 Est
1348 2156 1377 2181 et
1395 2151 1466 2191 ipsa
1482 2148 1655 2189 explicatio
1674 2150 1771 2190 plena
1785 2148 1998 2180 difficultatis.
2029 2149 2069 2179 Et
2081 2149 2143 2179 hos
2156 2148 2247 2180 labo-

1254 2200 1255 2219 1
1275 2203 1328 2224 res
1340 2193 1394 2223 vix
1411 2193 1572 2223 sustinere
1583 2193 1707 2223 animus
1723 2198 1901 2233 occupatus
1921 2192 2109 2222 domesticis
2123 2192 2246 2233 cogita-

1252 2250 1256 2259 ·
1274 2236 1416 2266 tionibus
1429 2240 1547 2274 potest.
1561 2234 1636 2264 Ideo
1650 2234 1773 2265 Paulus
1788 2235 1829 2271 ll.
1844 2233 1919 2264 Cor.
1934 2235 1976 2271 7.]
1991 2234 2033 2264 ita
2045 2233 2194 2264 hortatur
2205 2234 2245 2263 ad

1252 2262 1256 2310 i
1274 2278 1501 2318 xirginitatem,
1521 2284 1553 2306 ut
1574 2278 1709 2315 primum
1733 2278 1914 2313 admoneat,
1934 2286 1975 2305 ne
1994 2276 2070 2316 quid
2089 2274 2246 2305 faciamus

1252 2312 1254 2348 ἓ
1273 2320 1483 2350 indecorum:
1508 2319 1623 2348 deinde
1641 2325 1675 2349 ut
1695 2319 1817 2349 assidui
1837 2319 1977 2348 Domino
1997 2319 2123 2348 servire
2141 2317 2246 2357 possi-

263 2361 308 2388 55)
327 2365 426 2388 agrum.
455 2359 567 2390 domum]
607 2360 677 2383 Editt.
698 2359 720 2383 7.
747 2360 769 2381 8.
789 2359 826 2380 111
849 2371 879 2374 —
902 2359 939 2380 14.
967 2362 989 2382 ct
1010 2358 1085 2387 opp:
1123 2357 1233 2381 domum.
1252 2364 1254 2393 ι’
1275 2371 1356 2392 mus.

1403 2360 1543 2390 Primum
1573 2362 1657 2391 enim
1684 2361 1834 2401 requirit,
1858 2370 1898 2390 ne
1924 2360 2000 2400 quid
2024 2358 2183 2390 faciamus
2200 2359 2246 2389 in·

1275 2456 1321 2481 59)
1339 2456 1441 2479 Maritus
1460 2468 1491 2471 »-
1511 2455 1616 2484 placeat.
1636 2452 1749 2477 addunt
1767 2453 1838 2478 Editt.
1858 2453 1879 2476 7.
1901 2454 1923 2476 8.
1945 2453 2052 2475 11—14.
2072 2455 2097 2476 et
2116 2439 2178 2481 Opus

1254 2511 1255 2517 ¹
1276 2504 1321 2529 fio)
1342 2504 1488 2539 discentium
1509 2511 1538 2528 ac
1556 2503 1718 2534 docentium]
1740 2504 1811 2527 Editt.
1838 2503 1859 2525 7.
1879 2504 1901 2525 8.
1924 2503 2029 2525 11-14,
2049 2507 2075 2526 et
2093 2502 2166 2531 Opp.:

1346 2540 1454 2559 centium
1475 2542 1502 2559 ac
1521 2538 1678 2562 discentium.

2202 2501 2245 2525 do-
