2358 2933
20 1082 40 1469 “W‘'

151 91 215 122 937

152 183 215 214 soli
250 184 314 214 sint
337 182 479 224 populus
503 183 576 221 Dei,
601 186 656 224 qui
679 184 921 225 amplectuntur
951 185 1134 215 doctrinam

153 225 384 266 propheticam
418 232 450 256 et
472 225 711 266 Apostolicam,
746 237 787 257 an
810 226 903 257 Deus
937 227 1026 257 hunc
1061 236 1133 258 coc—

152 275 221 299 tum
243 268 398 299 exaudiat
420 269 453 298 in
476 270 660 305 aerumnis3
704 269 855 310 Denique
884 279 957 299 cum
980 268 1036 299 illa
1060 279 1133 309 spe-

153 310 285 341 ctacula
318 311 423 340 tn'stia
458 310 632 341 Ecclesiae
666 311 836 351 impellant
870 310 1011 347 multos,
1046 318 1081 342 ut
1116 322 1136 342 a

152 352 225 383 Deo
249 352 413 389 deficiant,
450 360 483 383 ut
518 353 761 394 amplectantur
783 354 966 393 Epicureos
990 352 1133 390 furores,

152 404 293 426 necesse
338 402 388 425 est
422 394 609 426 Ecclesiam
654 397 816 426 adversus
850 395 933 426 haec
975 396 1135 426 scandala

152 438 361 478 praemuniri,
384 443 415 467 et
439 438 563 475 doceri,
587 449 646 468 cur
668 438 823 469 Ecclesia
847 439 945 468 tantis
969 439 1134 469 aerumnis

152 480 300 510 subiecta
322 480 364 510 sit
388 486 418 510 et
442 481 531 520 quod
542 481 876 517 tameniexaudiatur‚
899 481 1039 517 iuvetur,
1063 491 1135 511 sus-

152 528 295 553 tentetur
329 529 361 553 et
390 523 521 553 tandem
555 522 728 553 liberetur:
774 522 865 554 Haec
900 530 950 553 est
975 524 1135 564 sapientia

153 564 325 596 Ecclesiae
348 566 492 605 propria.
537 565 679 596 Primum
703 566 802 606 igitur
825 576 967 596 caussae
990 565 1135 605 impulsi-

153 617 215 638 vae
239 613 271 637 et
294 607 410 638 finales
434 608 672 645 recensendae,
698 608 887 646 discendae,
921 619 1022 649 saepe
1047 611 1136 649 cogi-

153 650 273 680 tandae
298 657 386 687 sunt,
408 649 473 680 hae
492 649 656 680 videlicet.

239 692 364 722 Prima:
388 698 526 732 propter
548 691 680 732 lapsum
703 694 882 733 primorum
911 700 1083 733 parentum
1107 700 1138 724 et

152 732 309 774 reliquias
332 735 462 774 peccati
486 734 654 765 haerentis
676 737 723 774 ⁴¹⁶)
758 736 789 765 in
813 735 877 766 hac
901 742 1057 776 corrupta
1082 746 1137 766 na-

151 782 225 807 tura
247 775 402 808 Ecclesia
424 776 487 807 Dei
523 778 672 808 subiecta
707 784 758 808 est
793 780 889 808 morti
918 778 1082 818 corporali
1106 785 1137 808 et

152 819 271 849 ceteris
314 820 490 856 aerumnis,
523 826 559 850 ut
591 819 751 861 reliquum
774 827 876 851 totum
900 831 1003 862 genus
1027 821 1140 851 huma-

152 871 239 892 num.
285 861 380 892 Rom.
404 861 434 892 8.
460 865 522 899 [vs.
549 862 614 901 104
660 862 791 904 Corpus
820 865 914 894 morti
939 864 1139 894 destinatum

153 909 204 934 est
240 910 377 944 propter
400 911 586 943 peccatum,
609 906 745 946 spiritus
769 912 877 937 autem
901 907 965 937 vita
990 912 1039 936 est
1063 916 1137 946 pro-

152 952 225 987 pter
248 947 415 977 iustitiam.

239 989 407 1020 Secunda:
454 989 536 1021 Cum
569 991 710 1021 mundus
741 990 826 1021 hanc
859 992 1047 1021 interiorem
1081 991 1137 1020 im-

152 1032 341 1062 munditiem
375 1031 538 1063 humanae
572 1040 720 1070 naturae,
752 1034 972 1064 dubitationes
997 1034 1038 1063 de
1061 1032 1136 1063 Deo

153 1079 187 1104 et
210 1073 453 1115 neglectionem
475 1074 538 1105 Dei
560 1086 628 1106 non
651 1077 748 1106 ducat
773 1086 850 1106 esse
873 1086 928 1106 res
952 1086 971 1106 a
984 1075 1058 1106 Deo
1083 1076 1137 1106 da-

153 1123 282 1147 mnatas
308 1124 339 1148 et
363 1123 550 1148 contemnat
572 1119 652 1149 iram
675 1118 751 1156 Dei,
771 1119 876 1159 magis
900 1119 1057 1158 premitur
1074 1118 1137 1148 Ec—

153 1158 269 1197 clesia,
293 1160 368 1201 quia
393 1160 461 1191 vult
476 1160 569 1192 Deus
592 1161 673 1191 iram
697 1171 791 1192 suam
814 1162 977 1191 adversus
1000 1166 1137 1200 peccata

154 1203 302 1242 conspici
326 1210 357 1232 et
376 1202 446 1233 vult
469 1204 502 1234 in
525 1205 622 1234 nobis
645 1204 879 1243 poenitentiam
905 1213 1069 1233 crescere.
1108 1203 1136 1232 l.

152 1243 242 1274 Petr.
266 1246 296 1274 4.
318 1247 383 1283 [vs.
409 1246 472 1284 12]
497 1246 654 1276 Iudicium
679 1256 697 1275 a
722 1247 819 1276 domo
842 1245 905 1276 Dei
928 1246 1050 1284 incipit.
1096 1245 1136 1275 Et

153 1286 268 1317 lerem.
291 1286 344 1317 30.
369 1290 432 1324 [15.
454 1288 517 1326 11,]
542 1287 724 1329 Castigabo
748 1294 780 1318 tc
802 1289 835 1318 111
858 1288 990 1323 iudicio,
1015 1298 1057 1318 ne
1081 1288 1137 1317 tibi

152 1329 295 1360 videaris
318 1330 491 1361 innocens.
537 1330 577 1360 Et
601 1330 727 1361 {esaiae
750 1329 864 1361 ultimo
891 1330 956 1368 ffiss,
975 1331 1038 1368 v24:
1086 1330 1139 1360 Ad

153 1381 251 1412 quem
287 1373 480 1412 respiciam,
510 1373 581 1403 Nisi
615 1374 658 1403 ad
682 1374 856 1403 contritum
881 1373 995 1413 spiritu
1021 1379 1052 1403 et
1076 1380 1139 1403 118-
1160 1377 1163 1389 ²

152 1421 295 1446 mentem
318 1425 489 1446 sermones
512 1416 629 1446 meos?

240 1457 349 1488 Tertia
384 1468 518 1489 caussa:
570 1458 653 1493 Quia
688 1458 850 1490 Diabolus
887 1460 981 1490 ardet
1016 1459 1140 1489 maiore

155 1501 231 1531 odio
268 1500 392 1531 Christi
425 1507 456 1532 et
480 1501 671 1539 Ecclesiae,
693 1502 866 1532 insidiatur
888 1502 1054 1532 rabiosius
1077 1500 1139 1531 Ec-

155 1542 281 1574 clesiae
303 1549 334 1574 et
358 1554 460 1584 saepe
483 1555 622 1586 magnas
646 1545 881 1585 dissipationes
904 1543 996 1581 facit,
1020 1550 1053 1574 ut
1067 1553 1140 1574 cum

154 1586 314 1617 haereses
349 1587 487 1623 excitam
528 1597 629 1627 saepe
658 1588 775 1618 evertit
798 1594 947 1624 sanctos,
981 1593 1015 1618 nt
1039 1585 1140 1616 Davi-

156 1630 242 1666 dem,
277 1636 308 1660 et
341 1628 475 1671 longam
499 1630 598 1661 telam
621 1630 828 1661 miseriarum
847 1631 942 1667 texit,
962 1635 995 1660 ut
1021 1627 1140 1659 multos

155 1672 300 1702 irretitos
335 1674 448 1715 adigat
471 1674 513 1704 ad
537 1674 812 1714 desperationem.
859 1673 911 1703 De
933 1671 996 1703 1138
1021 1681 1141 1702 caussa

155 1715 274 1746 dicitur
297 1717 331 1747 in
356 1716 479 1747 Genesi
504 1727 576 1757 cap.
601 1717 630 1746 3.
656 1719 723 1755 [vs,
750 1715 813 1753 154
846 1715 991 1755 Serpens
1014 1714 1141 1744 morde-

156 1758 202 1788 bit
239 1759 433 1792 calcaneum
464 1760 545 1791 eius·
592 1759 724 1794 Quanta
748 1768 827 1789 vero
852 1759 982 1788 miseria
1008 1765 1071 1787 sint
1096 1755 1142 1787 illi

156 1804 313 1835 venenati
341 1813 485 1840 morsus,
520 1813 621 1843 saepe
656 1802 867 1842 experiuntur
898 1801 952 1840 pii,
976 1807 1010 1830 ut
1032 1799 1142 1829 David

158 1846 320 1887 impulsus
356 1848 410 1877 vix
443 1847 560 1877 iterum
595 1856 636 1876 ex
659 1844 725 1875 illis
749 1850 796 1874 tot
820 1844 967 1883 peccatis
992 1849 1022 1873 et
1047 1852 1143 1872 scan-

160 1889 245 1920 dalis
270 1888 433 1920 eluctatus
458 1894 519 1919 est.
566 1887 645 1918 ltem
668 1887 785 1917 Matth.
813 1887 862 1916 12.
887 1889 951 1926 [vs.
976 1886 1055 1922 lia]
1080 1884 1142 1915 Re-

160 1933 237 1963 dibo
271 1933 302 1962 in
327 1933 458 1962 domum
481 1941 603 1967 meam,
637 1930 724 1961 unde
753 1939 911 1970 egressus
935 1938 1018 1959 sum.
1066 1927 1142 1958 ltem

163 1976 191 2005 l.
225 1975 313 2005 Petr.
347 1973 406 2005 ult.
432 1973 475 2012 [5,
500 1973 544 2011 8.]
581 1973 804 2004 Adversarius
835 1978 946 2003 vester
980 1969 1144 2001 Diabolus

161 2024 317 2058 tanquam
349 2015 404 2047 leo
438 2017 574 2058 rugiens
598 2016 757 2052 circmnit,
781 2025 945 2055 quaerens
969 2023 1066 2054 quem
1091 2013 1145 2043 de-

161 2066 268 2090 voret.

250 2102 389 2137 Quarta:
436 2102 639 2142 Saepissime
674 2100 878 2132 calamitates
909 2106 983 2130 sunt
1018 2108 1146 2139 poenae

164 2152 330 2176 certorum
349 2144 557 2181 delictorum,
581 2153 662 2184 quas
685 2143 779 2174 Deus
799 2153 878 2173 vere
902 2143 1048 2173 irascens
1071 2150 1148 2182 pec—

165 2188 247 2219 catis
270 2188 395 2228 irrogat
419 2185 624 2224 hominibus,
654 2185 750 2217 simul
772 2192 806 2216 ut
828 2186 941 2226 puniat
965 2183 1094 2215 scelera
1117 2189 1147 2213 et

164 2236 199 2261 ut
234 2229 382 2261 retrahat
416 2228 531 2270 lapsos
565 2230 608 2259 ad
629 2229 875 2268 poenitentiam.
920 2228 958 2258 Et
984 2227 1048 2257 hae
1070 2236 1149 2267 poe-

166 2283 228 2303 nae
263 2283 337 2304 cum
372 2278 508 2313 propter
530 2273 622 2312 ipsos
647 2270 815 2311 lapsos47)
849 2272 1054 2311 irrogantur,
1083 2275 1149 2300 tum

167 2325 249 2347 vero
273 2316 369 2346 etiam
389 2321 544 2355 tanquam
568 2313 718 2354 exempla
730 2319 970 2354 proponuntur,
994 2319 1029 2344 ut
1049 2312 1151 2343 ceteri

167 2357 422 2389 commonefacti
445 2357 554 2388 Deum
589 2358 705 2387 timere
740 2357 868 2387 discant
902 2362 933 2386 et
966 2365 1078 2386 mores
1101 2365 1151 2385 rc-

169 2488 215 2517 46)
233 2486 376 2518 haerentis]
394 2486 467 2511 Editt.
489 2486 527 2510 18.
546 2486 586 2509 20.
607 2485 657 2514 25„
676 2485 749 2514 Corp.
770 2485 842 2509 1—8.
859 2485 998 2509 haerentes

170 2539 216 2567 47)
235 2537 333 2569 lapsos]
354 2537 397 2563 Ed.
418 2537 464 2561 25..
485 2536 558 2567 Corp.
579 2536 654 2559 1—8.
676 2536 762 2565 lapsus

634 92 656 121 1.
681 90 781 122 LOCI
804 90 1080 122 THEOLOGICI:
1103 91 1145 122 D.
1169 91 1330 123 TERTIA
1352 92 1508 123 EORUM
1532 92 1688 124 AETAS.

1168 2059 1169 2064 ¹
1193 2055 1351 2085 dicamus.

2097 93 2160 125 938

1178 191 1257 226 gant
1291 184 1490 226 diligentius.
1537 185 1594 215 Sic
1616 185 1726 216 David
1755 192 1890 226 propter
1912 186 2110 217 adulterium
2129 193 2159 217 et

1178 227 1343 268 proditum
1367 226 1479 257 Uriam
1513 227 1623 258 multis
1648 229 1778 269 magnis
1797 230 1963 258 aerumnis
1993 230 2160 259 excrucia-

1179 277 1230 300 tur
1255 276 1286 300 et
1310 270 1456 309 punitur:
1481 269 1583 300 Filius
1608 270 1759 300 interficit
1783 269 1929 307 fratrem,
1953 278 2070 311 postea
2093 280 2160 301 mo-

1179 318 1232 342 vet
1257 312 1463 349 seditionem,
1487 311 1619 352 expellit
1644 322 1747 353 regno
1771 318 1909 353 patrem,
1933 313 2049 353 polluit
2073 314 2160 343 ince-

1180 355 1241 385 stis
1276 355 1400 394 stupris
1437 356 1596 396 coniuges
1630 356 1750 395 patris;
1785 355 1936 396 Denique
1971 355 2062 386 nulla
2096 366 2160 385 vox

1179 396 1321 426 humana
1355 395 1465 437 eloqui
1494 403 1601 437 potest
1636 398 1893 437 magnitudinem
1929 398 2162 435 calamitatum,

1181 449 1263 479 quas
1286 438 1395 469 David
1418 438 1541 468 multos
1565 449 1670 469 annos
1691 441 1853 470 sustinuit.
1900 439 1955 470 Sic
1981 441 2080 470 Osias
2103 451 2161 480 pu-

1180 482 1266 511 nitur
1283 479 1387 521 lepra,
1410 488 1585 521 propterea
1610 483 1698 522 quod
1723 490 1839 512 contra
1861 481 1968 523 legem
1993 482 2160 513 sacrifica-

1180 530 1274 554 turus
1309 531 1408 553 esset.
1479 523 1534 553 Sic
1568 523 1727 554 Manasse
1759 525 1932 555 abducitur
1964 526 1997 554 in
2031 523 2162 555 exilium

1180 572 1316 606 propter
1340 565 1447 595 cultus
1472 565 1638 596 ldolorum
1663 573 1693 596 et
1716 574 1852 606 propter
1875 567 2068 597 interfectos
2082 566 2162 596 Pro-

1181 607 1310 649 phetas-
1349 607 1390 638 Et
1414 609 1454 638 de
1478 609 1622 638 universi
1645 608 1758 649 populi
1782 608 1878 639 exilio
1903 616 1933 639 et
1957 610 2087 639 excidio
2110 619 2163 638 ur-

1182 651 1233 681 bis
1259 649 1485 691 lerosolymae
1521 651 1623 691 inquit
1658 651 1811 681 Ieremias
1844 662 1916 691 cap.
1951 652 2003 681 22.
2029 655 2092 689 [vs.
2115 650 2162 688 8.]

1182 693 1222 723 Et
1247 693 1332 723 dicet
1356 694 1583 733 unusquisque
1606 694 1756 733 proximo
1781 703 1860 723 suo:
1907 693 2019 728 Quare
2047 695 2096 724 sic
2118 691 2164 722 fe-

1185 738 1226 766 cit
1250 735 1414 765 Dominus
1442 734 1518 766 huic
1552 746 1693 776 magnae
1728 736 1869 766 civitati?
1914 735 1955 766 Et
1985 735 2163 776 responde-

1186 779 1279 808 bunt:
1303 778 1352 808 Eo
1378 778 1465 818 quod
1489 777 1697 819 dereliquerit
1722 784 1852 817 pactum
1872 777 2003 808 Domini
2016 778 2080 808 Dei
2103 778 2164 813 sui,

1185 826 1216 850 et
1239 821 1449 851 adoraverint
1473 819 1567 850 Deos
1591 820 1719 850 alienos
1744 827 1806 851 etc.
1832 820 1871 850 Et
1900 821 2003 851 Amos
2027 821 2058 850 2.
2083 823 2164 857 [vss.

1184 863 1205 892 4
1228 866 1292 903 sq.]
1338 862 1549 902 Deceperunt
1575 873 1634 893 eos
1658 862 1747 893 idola
1770 874 1829 893 sua
1854 870 1885 893 et
1908 863 2033 893 mittam
2055 863 2165 904 ignem

1184 906 1216 935 in
1240 905 1330 942 luda,
1353 912 1384 935 et
1409 905 1579 935 devorabit
1604 906 1705 935 aedes
1725 904 1921 943 Ierusalem,
1956 907 2031 947 quia
2055 913 2166 941 conte-

1184 954 1258 978 runt
1289 949 1396 987 capita
1431 958 1622 988 pauperum.
1668 947 1708 978 Et
1743 947 1830 978 filius
1855 954 1886 978 et
1909 955 2004 988 pater
2028 951 2097 980 81115
2122 952 2166 982 18-

1184 997 1258 1020 111111
1282 990 1324 1020 3(1
1347 989 1490 1029 puellam
1515 1001 1624 1027 unam,
1650 997 1682 1020 ut
1708 989 1869 1020 violarent
1882 1001 2001 1022 nomen
2015 999 2166 1023 sanctum

1184 1043 1301 1063 meum.
1335 1032 1488 1073 Denique
1513 1033 1693 1063 conciones
1713 1040 1744 1063 et
1767 1032 1926 1063 historiae
1949 1033 2167 1074 propheticae

1184 1073 1300 1114 plenae
1335 1081 1410 1105 sunt
1446 1074 1668 1114 exemplorum
1704 1081 1734 1105 et
1769 1074 2063 1113 testimoniorum,
2081 1087 2166 1117 quae

1185 1118 1364 1147 ostendunt
1387 1117 1475 1148 hanc
1499 1124 1649 1158 quartam
1675 1127 1828 1147 caussam
1859 1117 2019 1148 latissime
2041 1125 2165 1158 patere.

1183 1158 1384 1199 Plerumque
1418 1167 1508 1190 certa
1533 1159 1651 1190 delicta
1675 1160 1852 1198 puniuntur
1876 1161 1976 1190 certis
2001 1160 2166 1191 calamita-

1183 1203 1271 1232 tibus
1295 1203 1522 1232 communibus
1545 1208 1600 1232 aut
1623 1201 1857 1242 peculiaribus,
1881 1203 1970 1242 quod
1991 1209 2028 1233 ut
2051 1204 2091 1233 sit
2102 1214 2167 1234 ma-

1183 1243 1348 1280 nifestius,
1373 1254 1474 1284 saepe
1499 1255 1572 1275 cum
1597 1243 1725 1274 delictis
1749 1254 1931 1284 poenarum
1951 1244 2077 1275 formae
2091 1255 2168 1276 con-

1184 1293 1317 1328 gruunt,
1336 1293 1372 1316 ut
1384 1287 1574 1327 Sapientiae
1602 1287 1649 1316 11.
1675 1290 1737 1324 [vs.
1755 1287 1816 1324 121
1842 1287 1973 1317 dicitur:
1997 1286 2062 1317 Per
2085 1298 2169 1328 quae

1184 1335 1300 1370 peccat
1325 1330 1415 1369 quis,
1444 1340 1504 1370 per
1538 1339 1578 1360 ea
1602 1330 1778 1360 cruciatur.
1824 1328 1867 1359 [t
1891 1330 1966 1370 quia
1980 1331 2025 1367 ⁴⁸)
2060 1329 2168 1361 David

1185 1373 1269 1412 rapit
1303 1371 1443 1403 alienam
1478 1373 1670 1413 coniugem,
1705 1372 1852 1402 vicissim
1881 1373 1985 1412 ipsius
2010 1373 2169 1414 coniuges

1186 1421 1423 1455 constupratae
1458 1421 1544 1444 sunt.
1591 1414 1670 1445 ltem
1692 1413 1780 1444 filius
1805 1413 1939 1444 fratrem
1961 1415 2113 1444 interficit
2138 1422 2168 1446 81

1186 1458 1350 1488 3(11·81·5115
1384 1463 1510 1496 patrem
1544 1467 1636 1487 arma
1671 1458 1780 1497 capit,
1820 1457 1895 1497 quia
1929 1467 2040 1487 semen
2075 1467 2168 1487 suum

1186 1498 1346 1530 adulterio
1369 1498 1496 1540 polluit.
1532 1500 1705 1539 {inpiorum
1723 1500 1881 1530 historiae
1892 1499 2170 1530 habentinnume-

1187 1541 1302 1573 rabilia
1326 1541 1487 1582 exempla,
1521 1543 1552 1572 in
1588 1543 1706 1582 quibus
1738 1552 1919 1582 poenarum
1942 1541 2070 1572 formae
2094 1553 2171 1573 con-

1188 1591 1310 1627 gruunt
1345 1595 1419 1615 cum
1444 1584 1642 1622 sceleribus,
1676 1591 1710 1615 ut
1733 1585 1881 1625 Oedipus
1905 1586 2016 1625 genuit
2041 1595 2081 1615 ex
2105 1595 2170 1615 ma·

1188 1634 1249 1665 tre,
1273 1626 1330 1657 filii
1354 1628 1453 1669 igitur
1475 1634 1587 1658 mutua
1613 1628 1715 1657 caede
1733 1633 1888 1668 pereunt;
1911 1627 1988 1656 Anti
2017 1637 2082 1658 ona
2104 1627 2170 1658 filia

1188 1670 1392 1701 interficitur.
1439 1669 1486 1700 lta
1511 1680 1564 1700 res
1590 1671 1730 1700 ostendit
1755 1669 1965 1700 maledictam
2025 1670 2093 1700 'sse
2116 1680 2170 1710 ge-

1188 1714 1403 1744 nerationem.
1470 1712 1518 1743 113
1552 1712 1711 1743 historiae
1745 1713 1921 1743 ostendunt
1956 1710 2024 1742 late
2058 1713 2172 1752 vagari

1188 1765 1314 1796 poenas
1343 1762 1373 1785 et
1398 1765 1437 1785 ex
1460 1765 1526 1785 uno
1551 1754 1682 1785 scelere
1709 1753 1956 1785 innumerabilia
1980 1760 2119 1794 peccata
2141 1761 2171 1784 et

1189 1797 1385 1838 multiplices
1421 1797 1624 1828 calamitates
1654 1798 1742 1828 oriri.
1789 1797 1899 1832 Quare
1923 1807 1996 1827 cum
2019 1797 2174 1827 miramur

1189 1848 1243 1871 aut
1278 1839 1490 1880 deploramus
1525 1841 1781 1880 magnitudinem
1818 1838 2038 1871 calamitatum
2062 1838 2173 1869 huma-

1190 1894 1316 1920 narimr.
1353 1889 1401 1913 tot
1424 1883 1511 1913 vitae
1537 1882 1766 1919 confusiones,
1791 1888 1837 1912 tot
1861 1883 1972 1912 ruinas
1997 1891 2173 1922 regnorum

1191 1927 1231 1956 de
1264 1926 1329 1956 hoc
1361 1925 1451 1956 fonte
1476 1926 1678 1967 cogitemus:
1725 1925 1765 1955 Ut
1791 1923 1999 1955 cumulantur
2024 1931 2174 1963 peccata.

1166 1984 1169 2013 3
1191 1969 1239 1999 sic
1274 1967 1481 1999 cumulantur
1513 1977 1653 2008 poenae,
1688 1969 1750 1998 etsi
1773 1966 1867 1997 Deus
1891 1977 1948 1997 eas
1972 1967 2107 2007 mitigat,
2140 1974 2173 1997 ut

1191 2018 1308 2052 postea
1343 2011 1461 2042 dicam.
1508 2011 1576 2041 Sed
1611 2011 1651 2040 de
1685 2009 1860 2041 Ecclesiae
1895 2010 2009 2049 poenis
2043 2010 2176 2049 proprie

1398 2053 1491 2083 Hanc
1511 2063 1643 2094 quoque
1667 2054 1811 2083 sciamus
1835 2053 1954 2093 puniri,
1977 2057 2009 2082 et
2031 2053 2176 2082 testimo-

1193 2097 1245 2127 nia
1269 2097 1366 2126 nobis
1388 2105 1626 2136 proponamus.
1661 2095 1761 2126 Mich.
1787 2095 1816 2124 7.
1843 2097 1906 2133 [vs.
1930 2094 1974 2131 9.]
2000 2093 2176 2125 113111»Βο-

1193 2140 1270 2170 1111111
1292 2140 1447 2180 portabQ
1471 2139 1625 2179 quoniam
1647 2138 1786 2178 peccavi
1810 2139 1849 2168 81.
1896 2135 1985 2167 Ρ531.
2008 2136 2070 2168 S&-
2094 2140 2175 2172 lvss.

1194 2182 1235 2213 33
1259 2185 1326 2222 sq.]
1350 2181 1500 2212 Visitabo
1524 2182 1557 2211 in
1581 2182 1675 2222 virga
1698 2181 1885 2221 iniquitates
1909 2190 2035 2216 eorum,
2052 2179 2176 2209 miseri-

1196 2225 1343 2255 cordiam
1375 2230 1483 2255 autem
1517 2233 1622 2254 ineam
1657 2234 1723 2253 non
1757 2222 1905 2253 auferam
1935 2223 1976 2252 ab
2012 2223 2069 2253 eis.
2115 2221 2177 2252 les.

1195 2268 1247 2298 64.
1273 2271 1336 2305 [vs.
1360 2267 1404 2304 5.]
1440 2266 1528 2297 Ecce
1564 2272 1597 2296 tu
1631 2267 1734 2296 iratus
1764 2276 1812 2302 es,
1849 2271 1880 2295 et
1903 2265 2114 2304 peccavimus
2139 2274 2178 2294 ac

1197 2311 1251 2341 diu
1285 2311 1317 2340 in
1351 2309 1499 2349 peccatis
1535 2307 1653 2338 fuimus
1685 2316 1715 2338 et
1745 2308 1876 2338 tandem
1900 2306 2029 2337 liberati
2053 2315 2177 2336 sumus.

1198 2352 1385 2383 Cecidimus
1409 2352 1503 2392 quasi
1527 2350 1652 2388 folium,
1676 2358 1706 2381 et
1729 2351 1918 2391 iniquitates
1941 2354 2077 2379 nostrae
2100 2358 2179 2389 qua-

1198 2396 1225 2425 si
1249 2396 1337 2426 181111
1361 2396 1603 2434 dissipaverunt
1631 2404 1701 2423 nos.
1727 2393 1809 2424 Mira
1824 2392 2004 2432 descriptio
2018 2399 2066 2421 est
2080 2398 2111 2421 et
2125 2391 2179 2420 tri—

1175 2539 1177 2548 *
1200 2534 1246 2560 48)
1266 2533 1322 2563 quia
1341 2532 1420 2557 abest
1437 2532 1472 2556 ab
1490 2531 1561 2556 Editt.
1582 2531 1602 2553 1.
1622 2530 1645 2553 3.
