2358 2933
99 112 162 145 813

100 210 166 234 tem
188 204 270 234 iram
292 213 385 234 suam
408 202 520 234 effudit
543 204 576 234 in
598 203 731 241 Filium,
754 204 809 245 qui
831 214 891 244 pro
914 204 1010 234 nobis
1033 204 1079 234 in—

100 247 264 283 tercessit,
289 251 321 276 et
342 244 501 286 persolvit
523 256 683 286 poenam:
718 246 790 277 Hoc
812 246 917 286 pretio
941 246 1080 276 interce-

100 288 197 318 dente
220 288 404 328 recipimur.
431 287 494 322 Qui
517 295 625 319 autem
649 299 715 319 non
734 287 926 328 confugiunt
939 289 981 318 ad
994 288 1080 319 1111110

98 329 231 367 Filium,
264 329 297 359 hi
320 335 451 360 manent
478 330 683 361 condemnati
712 340 796 360 voce
819 329 920 371 legis,
949 336 979 361 et
1007 341 1080 371 per-

99 378 185 403 eunt.
231 371 322 403 Haec
345 371 427 402 alias
451 373 618 412 copiosius
637 381 850 412 exponemus.

185 413 336 445 Ceterum
383 414 443 445 etsi
484 415 688 445 ceremoniae
726 414 894 445 Leviticae
934 413 1078 445 abolitae

99 461 195 493 sunt,
229 461 337 487 tamen
372 457 539 487 continent
571 457 729 497 imagines
759 457 799 486 de
821 456 931 487 multis
956 456 1078 487 Christi

101 497 282 536 beneficiis,
307 499 367 529 sed
391 499 505 529 dextre
528 498 742 538 explicandae
766 504 851 529 sunt.
896 499 980 529 Nam
1003 510 1077 540 pra-

99 549 141 570 va
167 540 344 572 imitatione
372 539 456 582 legis
489 540 657 571 mosaicae
690 540 781 572 multi
805 551 936 572 errores
960 541 1077 572 confir-

98 583 176 612 mati
198 588 285 613 sunt.

184 624 220 654 111
252 623 329 666 lege
363 624 695 655 honorificentissime
729 626 897 656 institutus
921 631 971 656 est
994 626 1075 656 ordo

98 665 333 697 Sacerdotum:
376 667 584 707 praepositus
608 677 753 697 summus
778 667 963 705 Sacerdos,
993 667 1076 699 aliae

98 706 238 739 familiae
262 708 453 745 sacrificiis,
487 707 571 739 aliae
605 708 677 740 aliis
701 709 870 740 laboribus
895 711 1076 740 destinatae

97 755 188 780 sunt:
214 750 255 780 Hi
277 751 320 781 ad
342 749 591 782 tabernaculum
615 762 675 782 seu
698 751 854 792 templum
878 753 974 783 certis
999 754 1075 783 vici-

98 793 159 823 bus
182 798 316 833 praesto
336 799 444 832 erant,
480 793 659 830 docebant,
689 794 938 832 sacrificabant,
963 795 1076 825 diiudi-

97 835 217 865 cabant
240 836 485 866 controversias
509 836 690 873 doctrinae,
713 838 931 867 versabantur
954 837 986 867 in
1010 843 1075 868 stu-

97 877 170 914 diiS,
183 876 335 918 Denique
348 876 429 907 nihil
440 877 504 908 hoc
519 876 661 919 collegio
674 879 706 908 in
718 885 786 909 toto
800 889 921 920 genere
932 878 1073 910 humano

97 917 264 959 pulchrius
279 925 310 950 et
328 918 550 950 venerabilius
570 918 640 951 fuit.
670 920 740 951 Etsi
760 922 844 952 enim
864 932 965 962 saepe
984 920 1074 952 multi

96 961 140 991 ibi
171 968 263 992 erant
292 962 398 1002 impii,
433 968 465 992 et
489 967 657 1001 postremo
679 968 827 1004 tempore
850 963 1019 995 Pharisaei
1044 970 1073 995 et

96 1003 277 1039 Saducaei3
310 1009 437 1040 tamen,
466 1004 541 1044 quia
568 1004 661 1036 Deus
690 1004 832 1036 familiae
863 1007 1073 1037 sacerdotum

94 1046 348 1086 promissionem
372 1046 515 1086 dederat,
539 1056 670 1088 semper
683 1047 812 1088 aliquae
825 1046 982 1088 reliquiae
1000 1049 1073 1089 piae

93 1094 298 1126 manserunt,
320 1093 356 1119 ut
368 1087 533 1126 Ieremias,
557 1095 589 1119 et
600 1096 718 1130 postea
731 1091 876 1127 Simeon,
890 1090 1072 1122 Zacharias

94 1135 126 1160 et
148 1128 201 1161 alii
223 1130 326 1162 multi.

180 1172 252 1204 Hoc
277 1172 459 1214 exemplum
483 1173 613 1215 collegii
638 1175 779 1205 omnium
804 1180 872 1205 toto
896 1176 977 1205 orbe
1010 1181 1073 1205 ter-

94 1226 204 1247 rarum
226 1215 437 1256 pulcherrimi
461 1222 550 1247 certe
572 1216 735 1257 significat
759 1217 790 1247 in
813 1216 967 1248 Ecclesia
990 1227 1072 1248 sem-

93 1269 154 1299 per
185 1257 289 1289 fuisse
324 1265 354 1289 et
379 1257 520 1289 futurum
550 1268 624 1289 esse
647 1259 859 1289 ministerium
878 1260 970 1289 vocis
995 1260 1072 1290 divi-

92 1311 170 1338 nae,
204 1311 264 1342 per
298 1301 386 1341 quod
409 1300 502 1331 Deus
538 1306 589 1331 est
613 1299 731 1331 efficax
755 1306 785 1331 et
808 1302 948 1341 impertit
974 1302 1072 1332 vitam

92 1349 273 1379 aeternam3
307 1343 421 1374 Monet
444 1344 536 1380 item,
558 1342 622 1373 hoc
646 1344 858 1374 ministerium
881 1350 1072 1374 reverenter

92 1384 265 1416 colendum
299 1395 385 1416 esse.
432 1384 501 1415 Sed
534 1384 722 1425 principalis
757 1384 880 1417 functio
904 1392 953 1416 est
977 1387 1070 1417 huius

92 1426 235 1468 collegii,
260 1437 445 1468 proponere
466 1426 701 1468 Evangelium,
725 1434 759 1458 ut
782 1427 925 1459 Malach.
949 1429 980 1458 ⁵2.
1006 1432 1069 1467 [vs.

90 1469 136 1508 7.]
162 1470 294 1501 dicitur:
341 1469 447 1499 Labia
470 1470 655 1500 sacerdotis
675 1471 864 1500 custodiunt
888 1471 1069 1508 scientiam,

91 1519 122 1543 et
146 1511 201 1542 lex
224 1512 398 1553 requiritur
420 1522 460 1542 ex
484 1522 541 1542 ore
565 1512 647 1549 eius,
671 1513 746 1552 quia
770 1511 919 1554 Angelus
939 1513 1070 1544 Domini

90 1555 293 1585 exercituum
317 1560 379 1585 est.

176 1596 270 1628 Sicut
292 1602 402 1627 autem
426 1597 589 1637 quondam
603 1595 731 1627 Ethnici
755 1597 956 1628 retinuerunt
980 1608 1069 1628 cere-

90 1639 217 1670 monias
240 1639 325 1677 Noe,
348 1639 426 1670 Sem
449 1644 480 1669 et
503 1638 626 1679 Iaphet,
649 1639 770 1669 amissa
800 1640 967 1675 doctrinar,
1014 1640 1069 1671 Sic

88 1681 210 1713 indocti
243 1680 366 1712 ultimis
399 1682 599 1721 temporibus
634 1681 797 1712 finxerunt
830 1682 871 1712 ad
896 1682 1067 1723 imaginem

89 1724 265 1755 sacerdotii
287 1723 426 1754 Levitici
460 1733 597 1764 regnum
630 1723 843 1764 pontificium,
866 1725 898 1754 in
922 1735 987 1765 quo
1011 1726 1067 1755 ob-

88 1772 222 1797 scurata
243 1765 317 1797 luce
340 1764 511 1807 Evangelii
536 1766 693 1796 dedemmt
711 1765 854 1806 pontifici
878 1767 1012 1806 imperia
1036 1775 1066 1797 et

87 1814 284 1849 potestatem
306 1808 401 1850 leges
425 1809 588 1839 condendi
613 1808 653 1839 de
674 1809 770 1839 novis
790 1807 944 1846 cultibus,
969 1815 1010 1847 et,
1033 1816 1067 1840 ut

87 1849 271 1881 alluderent
294 1851 335 1881 ad
358 1850 521 1881 sacrificia
544 1850 707 1888 Levitica,
731 1856 897 1881 verterunt
930 1862 1065 1882 coenam

85 1892 218 1923 Domini
242 1894 273 1923 in
297 1893 494 1924 sacrificium
520 1894 600 1924 certi
624 1893 762 1931 ordinis,
794 1894 880 1934 quod
904 1893 1065 1925 finxerunt

85 1935 246 1976 prodesse
265 1936 348 1966 vivis
373 1941 404 1966 et
426 1937 574 1972 mortuis,
599 1946 640 1966 ex
665 1945 765 1975 opere
779 1941 929 1976 operato,
952 1937 985 1967 id
1005 1942 1066 1974 est,

86 1978 157 2009 sine
173 1978 261 2008 bono
274 1984 365 2009 motu
373 1978 504 2009 utentis.
518 1977 588 2008 Hae
596 1978 847 2018 depravationes
857 1984 888 2009 et
897 1980 1066 2017 κακοζηλίαι

85 2019 378 2060 reprehendendae
412 2025 502 2058 sunt,
537 2026 568 2050 et
608 2021 849 2061 quaerendum,
886 2021 958 2061 quis
988 2027 1065 2052 tunc

84 2060 181 2093 fuerit
203 2062 277 2103 pius
300 2072 382 2094 usus
405 2062 653 2100 sacrificiorum,
687 2068 719 2093 et
743 2063 819 2103 quid
843 2073 921 2093 vere
944 2064 1065 2105 signifi-

87 2111 170 2136 cent.

171 2146 294 2178 Multae
329 2153 403 2178 sunt
439 2146 553 2178 dulces
582 2148 841 2189 significationes
865 2149 897 2179 in
922 2159 1065 2179 ceremo-

85 2190 158 2227 niis,
181 2200 265 2231 quae
287 2191 361 2230 pios
385 2190 426 2220 de
449 2190 574 2230 magnis
599 2190 697 2220 rebus
721 2191 909 2228 admonent,
929 2192 988 2222 sed
1012 2201 1064 2222 ca-

85 2232 227 2264 vendum
251 2240 312 2269 est,
334 2242 377 2263 ne
400 2233 530 2262 aberret
560 2232 793 2273 interpretatio.
839 2233 1064 2264 Pulcherrima

85 2275 192 2316 imago
216 2280 266 2305 est
288 2273 460 2306 Ecclesiae
483 2275 624 2305 omnium
647 2280 826 2316 temporum
849 2276 938 2306 Arca
962 2275 1064 2307 collo-

86 2324 161 2348 cata
193 2318 226 2347 in
260 2323 377 2348 sancto
411 2323 613 2354 sanctorum,
646 2327 730 2357 quae
764 2319 945 2349 vocabatur
974 2318 1063 2349 Arca

85 2359 240 2390 foederis.

169 2401 312 2433 Plimum
347 2402 445 2443 igitur
468 2400 641 2442 appellatio
665 2401 774 2433 Areae
797 2401 940 2434 foederis
964 2404 1063 2444 signi-

84 2444 160 2475 ficat
183 2442 273 2475 illum
297 2450 422 2475 tantum
445 2454 522 2474 esse
546 2443 702 2484 populum
725 2444 797 2482 Dei,
821 2456 894 2475 cum
919 2456 984 2486 quo
1009 2456 1062 2476 ex-

83 2496 204 2527 presso
238 2487 341 2517 verbo
375 2493 507 2526 pactum
530 2485 618 2517 fecit.
663 2487 799 2517 Amisso
833 2488 931 2527 igitur
959 2489 1062 2519 verbo

83 2529 147 2560 Dei
181 2527 323 2572 populus
354 2528 408 2559 ille
433 2529 549 2559 desinit
573 2539 650 2560 esse
672 2528 822 2560 Ecclesia
844 2529 918 2567 Dei,
942 2535 974 2560 et
1000 2530 1062 2560 sin·
1082 2551 1085 2557 ,

590 112 612 142 1.
632 111 733 143 LOCl
752 110 1025 143 THEOLOGICI:
1047 110 1090 142 D.
1109 109 1269 141 TERTIA
1286 108 1443 141 EORUM
1462 108 1616 141 AETAS.

2039 113 2102 145 814

1125 203 1191 234 «ruli
1209 204 1255 234 ita
1277 209 1402 234 tantum
1426 213 1538 234 sumus
1563 212 1640 233 vere
1663 203 1809 234 membra
1820 202 2003 242 Ecclesiae,
2027 216 2099 238 cum

1122 229 1203 277 illud
1224 252 1357 286 pactum
1380 246 1444 276 fide
1467 244 1694 286 amplectimur
1712 251 1744 276 et
1767 247 1861 287 quasi
1891 246 1923 277 in
1941 246 2028 278 hanc
2050 259 2099 279 ar-

1124 299 1195 319 cam
1229 298 1291 318 nos
1314 287 1525 325 includimus,
1558 289 1591 318 in
1614 298 1679 328 qua
1701 298 1767 318 non
1789 289 1932 328 parietes
1956 296 2099 321 contem-

1123 329 1232 370 plandi
1255 337 1343 367 sunt,
1367 331 1428 360 sed
1451 330 1535 360 haec
1558 329 1733 370 appellatio
1756 329 1913 369 foederis,
1935 331 2098 369 videlicet,

1124 383 1208 413 quae
1230 378 1341 403 monet
1363 372 1471 403 Deum
1502 373 1673 403 nobiscum
1702 371 1826 403 fecisse
1858 379 2007 414 pactum,
2036 385 2098 406 nos

1123 420 1274 455 receptos
1299 424 1374 445 esse
1397 425 1416 445 a
1438 414 1523 445 Deo.
1569 414 1671 445 Vides
1694 415 1789 455 igitur
1811 415 1873 446 hac
1894 417 1967 457 ipsa
1989 416 2098 458 appel-

1122 456 1243 487 latione
1267 456 1461 498 significari,
1497 467 1568 487 eam
1603 467 1678 487 esse
1701 457 1897 496 Ecclesiam,
1922 469 2007 500 quae
2029 459 2096 490 foe-

1122 499 1194 536 dus,
1218 499 1250 529 id
1274 505 1336 536 est,
1359 500 1495 530 verbum
1518 498 1581 529 Dei
1604 498 1821 539 amplectitur.

1207 541 1335 572 Deinde
1357 542 1388 571 in
1411 551 1522 571 arcam
1557 540 1740 572 collocatae
1774 549 1849 572 sunt
1879 542 2010 574 tabulae
2032 543 2096 574 De-

1122 582 1239 624 calogi,
1282 593 1348 624 quo
1388 582 1607 623 significatmn
1648 590 1708 620 est,
1742 583 1927 615 Ecclesiam
1968 595 2098 626 semper

1121 631 1274 666 oportere
1298 626 1468 656 custodem
1497 635 1574 656 esse
1602 626 1748 665 ipsorum
1770 625 1928 657 librorum
1951 627 2096 668 Prophe·

1120 668 1259 698 ticorum
1283 673 1314 698 et
1338 666 1626 707 Apostolicorum,
1661 668 1693 698 in
1724 669 1842 708 quibus
1865 668 1958 699 Deus
1982 679 2019 700 se
2042 681 2096 710 pa—

1120 709 1241 740 tefecit.
1288 709 1351 740 Ubi
1374 711 1472 750 igitur
1495 709 1527 740 hi
1550 708 1623 740 libri
1646 720 1712 740 non
1736 718 1824 747 sunt,
1846 711 1889 741 ibi
1913 711 2096 743 Ecclesiam

1119 751 1182 782 Dei
1206 762 1283 783 esse
1305 750 1508 792 impossibile
1531 758 1594 789 est,
1619 762 1658 782 ac
1682 759 1834 783 selvatur
1852 752 1942 784 Arca
1963 760 2097 794 propter

1119 793 1182 825 hos
1216 793 1331 825 libros.
1378 794 1433 825 Sic
1469 804 1598 835 semper
1621 793 1739 835 aliquis
1764 800 1877 825 coetus
1900 797 2096 833 servabitur,

1142 837 1174 867 ui
1207 837 1266 867 erit
1303 843 1416 867 custos
1438 836 1556 867 horum
1579 835 1746 867 librorum.
1792 837 1839 867 Ita
1861 838 1999 878 primum
2021 849 2096 879 pro-

1134 880 1222 909 essio
1246 884 1278 909 et
1300 878 1374 909 libri
1398 880 1550 910 custodia
1572 878 1786 920 significatur,
1820 885 1853 910 ut
1877 880 1918 910 ad
1940 879 2037 911 huius
2059 880 2095 912 li-

1120 922 1169 952 bri
1193 922 1478 952 conservationem
1498 927 1528 952 et
1546 921 1723 953 lectionem
1744 922 1932 958 imitemur3
1967 922 2095 954 Deinde

1119 964 1340 1005 significatur,
1371 963 1476 1004 qualis
1500 964 1541 994 sit
1564 962 1716 994 Ecclesia
1739 963 1802 994 Dei
1826 965 1981 995 distincta
2004 976 2024 996 a
2046 976 2095 996 re·

1119 1005 1207 1046 liquo
1241 1016 1363 1047 genere
1396 1006 1550 1037 humano.
1596 1006 1631 1036 In
1664 1006 1826 1037 mentibus
1860 1006 1956 1037 huius
1979 1014 2094 1038 coetus

1118 1047 1204 1079 lucet
1237 1049 1361 1090 agnitio
1384 1048 1446 1078 Dei
1482 1049 1601 1079 tradita
1624 1049 1655 1079 in
1673 1049 1788 1085 verbo,
1812 1054 1844 1079 et
1866 1049 2022 1080 inchoata
2044 1058 2092 1080 est

1119 1091 1314 1127 obedientia,
1345 1097 1376 1121 et
1399 1089 1475 1121 olim
1499 1092 1559 1121 erit
1580 1091 1718 1131 integra.
1763 1089 1853 1121 Talis
1875 1091 1934 1121 erit
1952 1091 2093 1133 populus

1118 1139 1272 1163 aeternus
1285 1132 1358 1169 Dei,
1382 1139 1496 1163 tenens
1519 1133 1551 1162 in
1574 1134 1737 1164 mentibus
1762 1139 1793 1163 et
1816 1138 1883 1163 tota
1906 1140 2023 1164 natura
2046 1135 2091 1164 in-

1118 1181 1265 1205 staurata
1300 1174 1463 1205 inclusum
1495 1174 1718 1215 Decalogum:
1752 1175 1890 1207 Ardebit
1920 1175 2095 1207 dilectione

1117 1216 1179 1246 Dei
1202 1222 1272 1247 toto
1297 1227 1452 1257 corpore,
1482 1222 1551 1247 tota
1575 1217 1700 1254 anima,
1724 1218 1796 1248 sine
1822 1218 1949 1248 vitiosis
1973 1220 2094 1259 appeti-

1117 1259 1272 1289 tionibus.

1202 1301 1329 1331 Tertio:
1353 1301 1442 1332 Arca
1467 1303 1640 1343 tegebatur
1663 1301 1774 1333 tabula
1797 1313 1908 1340 aurea,
1932 1314 2015 1345 quae
2038 1315 2092 1334 vo-

1117 1344 1253 1374 cabatur
1276 1343 1550 1384 propitiatorium.
1590 1345 1662 1375 Hac
1686 1344 1906 1385 appellatione
1929 1346 2092 1388 significa-

1115 1392 1182 1416 tum
1217 1391 1278 1423 est,
1312 1385 1498 1417 Ecclesiam
1521 1387 1589 1428 tegi
1613 1387 1775 1418 adversus
1799 1388 1880 1418 iram
1903 1395 1933 1418 et
1958 1388 2092 1420 horren-

1116 1429 1191 1458 dum
1215 1428 1367 1459 iudicium
1390 1428 1465 1466 Dei,
1489 1430 1669 1459 mediatore
1693 1428 1842 1467 Christo,
1866 1431 1920 1471 qui
1944 1432 2019 1472 quia
2042 1438 2091 1462 est

1115 1470 1329 1511 Propitiator,
1361 1470 1455 1501 Deus
1484 1472 1590 1511 parcit
1612 1472 1718 1508 nobis,
1742 1473 1856 1512 recipit
1877 1483 1939 1503 nos
1962 1484 2001 1504 ac
2024 1483 2091 1504 ser-

1114 1519 1169 1543 vat
1193 1523 1264 1544 nos.
1311 1513 1388 1544 Sine
1411 1513 1475 1544 hoc
1498 1513 1690 1544 umbraculo
1713 1520 1830 1545 natura
1847 1513 2012 1546 hominum
2037 1527 2091 1556 op-

1113 1556 1305 1596 primeretur
1327 1556 1548 1597 magnitudine
1570 1557 1638 1586 irae
1660 1555 1733 1587 Dei.

1200 1598 1321 1628 Addita
1356 1604 1406 1628 est
1440 1604 1549 1629 autem
1582 1599 1757 1638 promissio
1782 1600 1823 1630 de
1846 1599 2089 1640 Propitiatorio,

1113 1639 1217 1670 Exod.
1241 1640 1290 1671 25.
1318 1643 1380 1677 [vs.
1403 1641 1487 1678 221:
1535 1640 1612 1670 Inde
1641 1640 1749 1672 Deum
1783 1640 1968 1672 locuturum
2003 1652 2089 1674 esse.

1112 1683 1155 1712 ibi
1172 1683 1398 1713 exauditurum
1411 1693 1498 1714 esse.
1528 1683 1671 1723 Ideoque
1684 1683 1767 1714 haec
1779 1684 1891 1714 tabula
1904 1694 2022 1715 nomen
2034 1684 2089 1716 ha-

1113 1725 1180 1755 buit
1204 1724 1433 1765 propitiatorii,
1457 1725 1531 1765 quia
1554 1725 1647 1756 Deus
1672 1736 1711 1756 eo
1734 1725 1810 1757 loco
1833 1725 1936 1757 voluit
1957 1727 2088 1759 invoca-

1112 1767 1148 1803 ri,
1173 1773 1203 1797 et
1227 1768 1269 1798 ad
1291 1766 1379 1798 hunc
1401 1767 1512 1799 locum
1531 1767 1677 1808 alligavit
1694 1767 1861 1809 populum,
1885 1770 1929 1799 ita
1951 1780 1993 1800 ne
2016 1768 2088 1800 aliis

1111 1809 1194 1840 locis
1217 1820 1323 1840 novae
1346 1820 1454 1847 arcae,
1477 1820 1563 1841 nova
1586 1809 1705 1851 templa
1729 1811 1958 1842 conderentur.

1198 1851 1358 1894 Congruit
1381 1858 1488 1883 autem
1511 1858 1618 1894 typus·
1664 1852 1708 1884 Ut
1731 1854 1871 1894 011111ιῦ1)
1899 1855 2087 1894 propitiato-

1111 1895 1192 1924 rium
1216 1902 1267 1925 est
1291 1896 1389 1925 sedes
1413 1894 1488 1933 Dei,
1513 1896 1557 1925 ita
1581 1894 1733 1926 Christus
1757 1905 1834 1926 vere
1857 1896 1954 1927 sedes
1979 1902 2029 1927 est
2041 1898 2085 1937 62)

1110 1936 1184 1974 Dei,
1208 1937 1296 1977 quod
1318 1938 1351 1967 in
1375 1936 1506 1968 Christo
1529 1947 1608 1968 vere
1632 1943 1682 1967 est
1706 1938 1814 1969 divina
1832 1944 1966 1977 natura,
1990 1945 2022 1969 et
2044 1940 2085 1970 ad

1110 1978 1197 2009 hunc
1221 1978 1354 2020 alligata
1378 1985 1427 2010 est
1450 1978 1614 2016 Ecclesia,
1636 1990 1703 2010 non
1727 1981 1916 2011 exaudimur
1939 1982 2085 2022 nisipro-

1110 2028 1183 2062 pter
1206 2022 1323 2062 ipsum,
1347 2028 1381 2053 ut
1405 2023 1563 2063 scriptum
1586 2028 1637 2053 est
1661 2022 1900 2061 [Ioh.16‚⁴23.]:
1925 2022 2086 2064 Quicquid

1109 2065 1268 2104 petieritis
1281 2064 1413 2095 Patrem
1426 2065 1457 2095 in
1471 2065 1602 2096 nomine
1617 2074 1703 2102 meo,
1726 2065 1814 2096 dabit
1837 2066 1942 2096 vobis.
1977 2065 2085 2101 Quare

1110 2108 1303 2137 invocantes
1327 2108 1397 2137 sine
1419 2108 1586 2149 agnitione
1609 2112 1641 2137 et
1663 2108 1734 2138 51110
1758 2107 1875 2138 fiducia
1892 2107 2013 2139 Christi
2036 2119 2085 2139 re.-

1109 2148 1274 2190 pelluntur
1296 2159 1315 2179 a
1337 2149 1423 2187 Deo,
1446 2155 1480 2180 ut
1506 2159 1618 2180 omnes
1641 2149 1746 2190 ignari
1768 2148 1949 2191 Evangelii.

1196 2191 1303 2231 Supra
1335 2191 1421 2222 hanc
1450 2193 1562 2223 sedem
1596 2197 1684 2222 stant
1719 2193 1782 2222 duo
1811 2191 1977 2223 Cherubin
2012 2193 2083 2224 alas

1109 2234 1282 2275 iungentes
1317 2242 1347 2264 et
1371 2244 1449 2264 sese
1474 2239 1676 2265 contuentes.
1722 2234 1761 2264 Hi
1784 2234 1971 2275 significant
1992 2236 2081 2266 mini-

1108 2277 1240 2306 sterium
1264 2276 1433 2307 doctrinae
1465 2278 1497 2307 in
1520 2282 1659 2317 utroque
1680 2275 1909 2315 Testamento,
1943 2283 1974 2308 et
2007 2287 2081 2308 sum

1108 2320 1237 2349 iunctae
1270 2318 1355 2356 alae,
1390 2324 1422 2350 et
1455 2317 1557 2350 facies
1593 2329 1629 2349 se
1662 2324 1774 2349 mutuo
1808 2325 2015 2358 contuentur,
2048 2327 2080 2351 ut

1109 2371 1292 2392 consensus
1327 2362 1495 2393 doctrinae
1527 2360 1740 2402 significetur.
1785 2361 1909 2392 Eadem
1943 2368 1994 2392 est
2018 2373 2081 2392 vox

1107 2489 1152 2519 61)
1171 2490 1250 2520 enim]
1268 2490 1341 2515 Editt.
1361 2490 1401 2513 22.
1422 2490 1461 2514 24.
1480 2490 1530 2516 28..
1549 2490 1608 2520 Opp.
1631 2491 1650 2514 l.
1671 2489 1693 2513 2.
1713 2491 1799 2514 autem

1106 2539 1151 2567 62)
1173 2540 1248 2565 sedes
1267 2540 1318 2571 est]
1337 2540 1411 2565 Editt.
1431 2541 1470 2563 22.
1492 2541 1531 2564 24.
1552 2540 1602 2568 28.v
1622 2541 1680 2571 opp.
1700 2542 1722 2563 1.
1742 2540 1764 2564 2.
1783 2542 1823 2565 est
1841 2539 1916 2564 sedes
