2358 2933
79 111 143 142 969

80 203 153 233 Hoc
175 201 241 239 fac,
276 207 308 232 et
342 201 445 231 vives.
492 200 570 230 Item
594 199 694 230 Deut.
719 198 770 229 28.
796 201 880 235 [vss-
902 198 928 228 1.
953 198 996 235 6.]
1022 197 1057 228 Si

79 245 224 276 audieris
258 253 375 274 vocem
399 242 531 272 Domini
566 241 629 271 Dei
663 242 720 277 tui,
745 246 777 270 et
806 238 909 269 facies
950 240 1058 269 omnia

549 107 573 137 1.
596 106 697 137 LOCl
719 104 993 136 THEOLOGICI:
1016 103 1058 134 D.
1081 103 1240 135 TERTIA
1262 103 1417 135 EORUM
1439 104 1596 136 AETAS.

1078 204 1081 212 r

1078 213 1081 261 Ι

2013 106 2077 137 970

1186 196 1329 226 Primum
1362 198 1505 236 petenda
1539 204 1589 228 est
1624 198 1773 228 remissio
1807 205 2018 237 peccatorum
2046 205 2077 229 et

1101 237 1324 269 reconciliatio
1361 245 1393 269 et
1427 250 1501 269 cum
1534 239 1586 270 his
1610 240 1704 270 bonis
1728 239 1785 270 hm
1808 241 1949 279 Spiritus
1973 242 2076 271 sancti

80 287 234 317 mandata
264 287 350 321 eius,
385 285 577 315 benedictus
603 284 668 314 eris
693 282 869 323 egrediens
894 287 924 311 et
949 282 1058 322 ingre·
1079 287 1081 299 ¹
1100 281 1288 311 accendens
1318 287 1350 310 et
1384 282 1583 312 confirmans
1607 283 1637 311 in
1663 283 1757 312 nobis
1781 283 1980 323 agnitionem
2003 282 2076 319 Dei,

80 330 190 364 diens,
214 328 246 357 id
270 331 335 363 est,
365 328 396 356 in
420 327 507 356 omni
532 326 769 366 gubernatione
792 322 925 363 politica
948 329 980 353 et
1003 333 1058 353 oe·
1101 323 1217 360 tidem,
1248 323 1415 360 timorem,
1447 322 1667 361 tolerantiam,
1692 324 1913 361 dilectionem,
1938 325 2077 365 denique

81 370 261 405 00110111103,
284 370 316 399 111
330 367 438 404 bellis,
464 369 494 398 in
508 378 603 407 pace,
616 368 646 397 in
659 366 834 397 liberorum
853 366 1058 405 procreatio-

80 422 132 449 ne,
166 411 405 452 gubernatione
430 416 462 440 et
485 410 711 445 successione,
744 409 777 437 in
800 408 920 438 tuenda
943 406 1058 437 Eccle-

81 455 150 484 siae
183 454 322 492 puritate
357 458 389 483 et
411 452 551 482 honesta
575 450 745 490 disciplina
769 455 832 480 etc.
878 449 939 479 Est
962 450 1058 489 igitur

79 496 180 536 Legis
203 506 268 525 vox
291 505 371 525 vera
393 500 425 525 et
444 495 568 524 ordinis
593 493 691 523 divini
715 490 846 532 regula:
888 491 984 521 Iustis
1005 493 1057 521 be-

79 548 121 568 ne
152 547 228 568 esse
251 538 369 567 iustum
393 542 452 566 est.
498 535 566 566 Sed
588 534 684 565 huius
707 532 842 575 regulae
865 534 1057 573 interpreta-

79 581 199 610 tionem
232 580 330 609 tradit
353 576 586 618 Evangelium:
622 577 720 606 Iustis
757 578 838 606 bene
872 577 948 612 erit.
985 586 1057 606 cum

78 620 231 653 Ecclesia
265 620 513 661 glorificabitur.
560 619 692 648 Interim
718 618 812 649 Deus
837 618 942 648 differt
964 628 1057 658 prae-

81 664 155 694 mia.
200 663 285 693 Nam
309 662 462 693 Ecclesia
484 661 626 691 nondum
647 667 697 690 est
721 661 792 690 sine
815 661 971 700 peccatis.
1017 659 1058 689 Et

80 716 154 736 cum
177 706 285 735 onmia
304 705 391 734 bona
416 710 447 734 et
470 701 555 734 mala
578 703 674 733 huius
697 703 783 733 vitae
808 704 918 733 brevia
936 703 1057 732 sintae

78 752 316 783 momentanea,
341 745 434 776 Deus
457 756 523 775 non
547 744 615 775 vult.
638 746 742 775 iustos
755 746 783 785 ⁶)
808 744 981 786 fugacibus
1002 746 1058 774 bo-

79 790 132 820 nis
168 798 287 819 ornare
310 798 372 818 1180
396 789 536 818 iniustos
562 788 714 818 brevibus
738 786 907 827 suppliciis
931 787 1058 826 punire,

80 831 139 861 sed
173 829 242 861 vult
275 840 367 860 suam
391 830 546 860 iustitiam
565 830 597 859 111
621 831 720 859 rebus
744 830 885 860 aeternis
910 829 1058 859 ostende—

80 883 125 903 re.
171 873 248 903 ldeo
282 873 458 912 praecipua
493 872 638 911 praemia
661 878 692 902 et
716 872 909 911 praecipuas
933 880 1057 910 poenas

80 914 188 945 differt
221 915 254 944 in
284 914 372 944 illam
395 921 562 945 aeternam
586 915 693 944 vitam.
717 917 742 947 7)
788 914 917 943 Interim
940 914 971 943 in
996 913 1057 943 hac

80 958 146 987 vita
180 955 374 997 regulariter
403 962 510 987 tamen
533 957 658 986 atrocia
683 955 812 986 scelera
844 957 935 996 punit
957 956 1057 986 mani-

79 997 174 1029 festis
209 1008 386 1037 corporum
421 999 553 1038 poenis,
588 1004 654 1028 tum
678 1003 712 1029 ut
735 1008 797 1028 nos
822 999 995 1028 admoneat
1017 998 1058 1027 de

80 1041 129 1071 ira
162 1050 223 1071 sua
251 1046 283 1070 et
305 1041 346 1070 de
372 1047 505 1071 aeterno
529 1040 665 1078 iudicio,
701 1046 767 1070 tum
790 1039 942 1080 politicae
964 1040 1056 1079 pacis

81 1093 213 1113 caussa.

167 1123 358 1164 Philosophi
382 1126 508 1155 attoniti
532 1125 745 1154 admiratione
768 1124 865 1154 huius
890 1122 1056 1154 confusio-

79 1167 149 1204 nis,
172 1172 208 1196 ut
229 1172 363 1206 putant.
388 1177 461 1197 cum
485 1168 594 1197 vident
617 1166 670 1196 1110
695 1168 806 1202 bonis,
830 1171 865 1196 ut
878 1165 1056 1201 Palamedi,

80 1209 229 1246 Socrati,
259 1207 344 1239 male
368 1219 463 1245 esse,
497 1208 591 1239 malis
615 1219 713 1245 vero,
743 1214 778 1238 ut
800 1207 948 1242 Tiberio.
974 1208 1057 1237 bene

80 1260 174 1288 esse,
203 1257 364 1291 quaerunt
387 1261 535 1287 caussas,
560 1256 591 1280 et
614 1252 815 1289 coniungere
839 1259 913 1279 cum
936 1250 1057 1279 virtute

78 1294 224 1333 praemia
248 1300 418 1323 conantur.
456 1293 540 1323 Hinc
565 1291 641 1322 illae
665 1293 878 1332 quaestiones
902 1297 990 1328 sunt,
1014 1302 1056 1321 an

78 1335 184 1365 virtus
206 1335 248 1365 ad
271 1335 503 1365 beatitudinem
527 1333 680 1371 sufficiat,
701 1344 741 1364 an
756 1334 913 1364 Socrates
926 1334 968 1363 sit
981 1334 1056 1364 bea-

78 1383 150 1413 tus,
186 1387 260 1407 cum
294 1377 402 1407 virtuti
427 1387 492 1407 non
517 1377 739 1416 respondeant
762 1377 918 1416 praemia.
964 1376 1056 1406 Haec

77 1419 110 1449 in
134 1417 348 1458 Philosophia
371 1425 445 1449 sunt
468 1417 721 1457 inextricabilia,
757 1419 816 1449 sed
846 1419 879 1448 in
901 1417 1056 1449 Ecclesia

79 1461 193 1490 dextre
215 1460 434 1500 explicantur:
458 1460 580 1491 Paulus
605 1466 655 1491 est
679 1462 806 1497 beatus,
830 1471 903 1491 cum
926 1459 1055 1500 placeat

77 1502 152 1532 Deo
181 1513 222 1533 ac
255 1502 374 1533 habeat
399 1503 505 1533 Deum
534 1504 704 1533 custodem
734 1509 767 1533 et
789 1504 1054 1543 gubernatorem,

78 1550 111 1575 et
140 1554 326 1584 quanquam
360 1545 390 1574 in
425 1544 486 1575 hac
521 1546 588 1575 vita
615 1546 677 1576 scit
699 1556 736 1575 se
759 1546 849 1575 cruri
873 1545 1055 1575 subiectum

79 1596 157 1616 esse
179 1592 317 1626 propter
340 1592 448 1617 certas
473 1597 622 1625 caussas,
645 1594 754 1618 tamen
778 1593 894 1627 postea
919 1588 977 1617 scit
994 1587 1055 1617 Ec-

78 1627 214 1659 clesiam
248 1639 314 1659 non
337 1629 526 1669 fugacibus,
564 1640 630 1660 non
649 1630 766 1670 exiguo
790 1636 937 1670 tempore
961 1630 1054 1659 dura-

76 1671 158 1701 turis
183 1671 297 1707 bonis,
328 1677 361 1701 ut
385 1678 436 1701 cst
460 1671 555 1701 huius
579 1673 668 1702 vitae
691 1671 901 1705 curriculum,
938 1681 1054 1702 ornan-

78 1713 152 1742 dam
175 1722 261 1742 8558.
296 1713 342 1743 Ita
365 1723 426 1743 suo
451 1719 598 1753 tempore
618 1725 690 1744 cum
710 1715 828 1744 virtute
851 1715 1054 1755 coniungun-

77 1760 130 1784 tur
151 1755 313 1794 praemia,
343 1761 375 1785 et
398 1756 530 1795 quidem
551 1762 729 1796 perpetua,
752 1766 817 1786 non
841 1756 988 1797 fugacia,
1018 1762 1054 1786 ut

77 1801 153 1827 sunt
177 1798 263 1826 bona
286 1796 381 1827 huius
405 1799 492 1828 vitae
515 1798 672 1829 mortalis.

163 1838 256 1868 Hanc
287 1838 538 1879 explicationem
571 1841 754 1881 argumenti
789 1840 952 1881 vulgaris,
988 1850 1052 1880 quo

77 1880 278 1920 disputatur,
314 1882 407 1911 iustis
433 1882 553 1913 debere
573 1884 657 1914 bene
680 1892 774 1913 esse.
808 1883 964 1919 recitavi,
987 1893 1052 1913 11011

77 1921 183 1952 solum
218 1929 252 1952 ut
287 1924 327 1953 de
362 1925 524 1954 communi
549 1924 825 1964 Philosophorum
858 1926 1052 1965 quaestione

76 1964 183 1995 lector
214 1965 463 2003 admoneretur,
493 1967 553 1996 sed
576 1973 611 1997 ut
633 1977 695 1997 nos
714 1968 775 2006 ipsi
799 1968 953 1997 attentius
977 1977 1052 1997 con-

77 2007 258 2037 sideremus
282 2013 314 2037 et
337 2009 483 2038 miserias
506 2015 639 2039 nostras
663 2014 694 2039 et
717 2020 827 2039 earum
852 2019 989 2039 caussas
1013 2020 1052 2039 ac

77 2049 230 2079 remedia.
551 2075 555 2079 .

163 2090 246 2120 Cum
280 2091 380 2131 igitur
410 2093 572 2132 cogitabis
596 2098 627 2123 te
646 2099 681 2123 ut
703 2093 736 2122 111
761 2094 840 2123 urbe
864 2094 970 2124 cincta
995 2094 1051 2124 ob-

76 2133 216 2169 sidione,
240 2142 323 2172 quae
346 2135 488 2174 undique
512 2136 669 2165 acerrime
687 2141 906 2177 oppugnatur,
930 2136 1050 2173 vivere,

77 2185 150 2206 cum
174 2176 278 2205 sentis
301 2185 475 2206 aerumnas
498 2175 643 2217 aliquas,
672 2177 762 2217 ipsae
786 2188 839 2208 res
863 2178 1051 2215 admonent,

75 2223 111 2248 ut
134 2216 362 2257 opitulatorem
387 2228 593 2258 quaeramus.
639 2219 714 2250 Ideo
739 2230 792 2250 res
822 2221 994 2260 petendae,
1017 2226 1052 2251 ut

75 2269 176 2299 supra
199 2260 281 2295 dixi,
306 2260 337 2289 in
361 2261 550 2299 precatione
574 2262 909 2302 comprehendantur,
945 2268 977 2293 et
999 2273 1051 2293 ea-

75 2312 146 2331 rum
170 2302 252 2332 ordo
270 2301 482 2343 intelligatur.

75 2437 104 2467 6)
124 2444 174 2462 11011
194 2438 246 2462 vult
264 2438 356 2467 iustos]
376 2438 447 2463 Editt.
468 2439 557 2462 1-17,
581 2439 619 2461 19.
641 2439 681 2461 21.
701 2439 780 2464 iustos
800 2446 849 2465 non
868 2441 921 2465 wit

76 2488 105 2518 7)
124 2491 257 2512 aeternam
276 2488 371 2517 vitam]
391 2489 463 2513 Editt.
483 2489 521 2513 22.
542 2489 582 2511 24.
603 2488 721 2513 28-34..
741 2490 813 2520 (ἴση).
833 2491 917 2519 2-8.,
937 2491 997 2521 Opp.
1027 2492 1048 2513 1.

128 2522 150 2545 2.
172 2522 247 2546 vitam
267 2525 406 2547 aeternam.

1101 375 1221 405 regens
1244 375 1305 394 nos
1329 366 1360 394 in
1385 366 1557 396 vocatione
1576 373 1608 396 et
1631 368 1662 396 111
1687 368 1837 397 omnibus
1861 366 2021 404 consiliis,
2046 368 2077 397 in

1102 407 1265 443 docendo,
1289 408 1320 436 111
1340 409 1485 447 regenda
1509 407 1686 447 republica.

1188 449 1343 479 Secundo
1362 448 1438 479 loco
1457 456 1610 489 petantur
1633 457 1662 481 et
1689 452 1774 481 bona
1794 450 1978 491 corporalia
1991 461 2078 481 com-

1101 492 1210 521 munia
1239 496 1268 521 et
1293 492 1438 531 privata,
1470 502 1533 531 pax
1557 503 1669 523 earum
1692 494 1877 533 regionum,
1912 503 1995 533 quae
2018 493 2077 523 Ec-

1101 532 1212 563 clesiis
1248 539 1278 563 et
1302 535 1362 572 piis
1393 534 1509 564 studiis
1534 534 1708 574 hospitium
1731 536 1904 575 praebent.
1939 535 2078 565 honesta

1101 576 1266 605 civitatum
1286 574 1469 614 disciplina,
1492 574 1640 607 fertilitas
1666 588 1837 618 agrorum,
1867 582 2078 616 tempestates

1100 616 1294 654 foecundae,
1307 619 1337 657 ὅ)
1374 619 1459 648 bona
1482 617 1651 655 valetudo,
1686 620 1809 654 victus,
1844 629 2023 650 successus
2046 620 2078 649 in

1101 660 1382 690 administratione
1417 667 1472 689 tua
1495 660 1627 699 politica
1653 667 1684 691 et
1707 662 1933 697 oeconomica,
1968 661 2078 691 defen-

1101 702 1150 732 sio
1174 700 1363 738 liberuvunn,
1398 700 1515 739 famae,
1548 704 1809 743 possessionum.
1857 703 1893 733 Et
1919 702 1975 733 illa
1998 704 2079 733 otio-

1101 754 1213 774 sorum
1247 744 1492 784 hypocritarum
1526 747 1666 775 amentia
1700 756 1837 785 prorsus
1873 745 2079 785 explodatur,

1102 786 1157 826 qui
1181 786 1302 823 dicunt,
1326 787 1491 826 indignum
1516 797 1589 817 esse
1616 789 1700 817 bona
1724 788 1872 827 corporis
1897 798 1915 817 a
1928 787 2000 817 Deo
2025 798 2079 827 pe-

1101 835 1182 858 tere.
1228 828 1319 858 Haec
1343 828 1557 859 deliramenta
1580 829 1677 869 plena
1700 836 1776 860 sunt
1795 830 1987 870 impietatis3
2012 830 2078 860 11110

1100 871 1259 910 praecipit
1281 870 1385 908 Deus,
1408 877 1443 901 ut
1461 878 1609 911 petamus
1634 873 1785 911 corporis
1811 874 1908 909 bona,
1931 878 1963 902 et
1985 882 2078 911 prae-

1102 913 1188 952 cipit,
1211 918 1247 942 ut
1269 923 1371 952 supra
1394 914 1471 950 dixi,
1496 921 1630 953 propter
1654 921 1720 944 tres
1745 915 1959 955 gravissimas
1984 924 2078 945 caus-

1101 964 1174 989 sas,
1210 965 1347 995 quarum
1380 956 1483 995 prima
1517 963 1581 991 est,
1618 963 1652 987 nt
1684 967 1907 998 agnoscamus
1931 963 1963 987 et
1987 963 2078 989 certo

1101 1002 1283 1027 statuamus
1318 998 1404 1027 bona
1439 999 1587 1038 corporis
1622 1009 1686 1029 non
1722 1006 1863 1032 temere.
1898 1009 1963 1029 11011
1999 1010 2079 1030 03511

1101 1040 1253 1078 dissipari
1276 1040 1360 1069 inter
1382 1039 1549 1077 homines,
1579 1042 1638 1071 sed
1663 1041 1770 1071 Deum
1794 1051 1871 1071 vere
1895 1051 2004 1071 earum
2031 1052 2078 1072 re-

1100 1091 1171 1111 rum
1193 1087 1363 1111 auctorem
1387 1092 1478 1118 esse,
1514 1089 1545 1112 et
1563 1085 1603 1113 ab
1628 1083 1699 1123 ipso
1719 1094 1776 1114 eas
1801 1094 1880 1113 suae
1903 1083 2076 1114 Ecclesiae

1100 1123 1171 1152 dari
1202 1128 1234 1152 et
1256 1124 1382 1153 servari
1406 1134 1467 1153 suo
1497 1124 1633 1155 mirabili
1654 1125 1802 1156 consilio.
1849 1125 1941 1155 Deus
1966 1131 2077 1155 servat

1100 1165 1199 1194 vitam
1222 1164 1389 1202 Abrahae,
1423 1164 1528 1203 Eliae,
1564 1166 1667 1204 Pauli,
1693 1174 1723 1197 et
1748 1173 1841 1197 curat
1865 1167 1912 1197 eis
1935 1167 2078 1207 hospitia

1100 1207 1297 1247 vagantibus
1321 1208 1404 1237 inter
1427 1208 1571 1248 ingentia
1594 1208 1738 1249 pericula
1759 1220 1816 1249 per
1840 1208 1958 1239 multas
1972 1211 2077 1250 regio-

1099 1258 1171 1284 nes,
1203 1254 1238 1278 ut
1262 1248 1413 1279 Christus
1448 1241 1536 1280 clare
1567 1251 1643 1281 dicit
1668 1251 1796 1288 [Matth.
1820 1252 1851 1287 6,
1875 1251 1960 1290 324:
2007 1253 2078 1282 Scit

1100 1289 1197 1320 Pater
1231 1297 1343 1321 vester
1377 1292 1472 1322 vobis
1508 1303 1591 1333 opus
1625 1303 1700 1324 esse
1735 1293 1926 1324 defensione
1962 1305 2077 1333 corpo—

1100 1342 1188 1367 rum3
1234 1339 1266 1363 et
1299 1335 1537 1374 promissiones
1568 1335 1684 1366 horum
1719 1337 1879 1367 bonorum
1902 1346 2003 1377 supra
2026 1347 2076 1367 re-

1100 1384 1223 1405 censui.

1186 1416 1340 1448 Secunda
1364 1429 1484 1449 caussa
1507 1426 1569 1457 est,
1593 1430 1652 1450 cur
1675 1430 1714 1450 ea
1736 1421 1801 1460 peti
1813 1420 1907 1451 Deus
1930 1420 2020 1457 velit,
2043 1427 2077 1451 ut

1100 1459 1243 1501 sciamus
1277 1460 1310 1489 in
1344 1460 1407 1490 hac
1442 1462 1510 1491 vita
1543 1468 1752 1493 servaturum
1782 1473 1858 1493 esse
1882 1462 2076 1493 Ecclesiam.

1100 1502 1260 1534 Quamdiu
1284 1503 1422 1533 doceret
1446 1502 1580 1541 Paulus,
1603 1505 1630 1534 si
1654 1515 1729 1535 mox
1753 1505 2012 1536 interficeretur?
2037 1505 2078 1535 Ut

1099 1543 1195 1583 igitur
1214 1542 1325 1584 aliquo
1348 1546 1454 1585 spatio
1474 1547 1603 1579 doceat.
1625 1548 1705 1586 petit
1728 1548 1839 1584 vitam,
1863 1549 1996 1585 victum,
2019 1547 2076 1577 ho-

1100 1586 1206 1624 spitia.
1253 1586 1426 1620 Quomodo
1450 1599 1628 1627 possumus
1652 1591 1780 1620 servire
1804 1590 1978 1620 Ecclesiae
2002 1590 2076 1627 Dei,

1098 1629 1127 1657 si
1162 1638 1305 1667 corpora
1339 1630 1404 1660 sint
1437 1630 1542 1661 fracta
1576 1631 1768 1662 doloribus?
1814 1632 1968 1663 Petamus
1995 1643 2075 1673 ergo

1098 1669 1363 1710 tranquillitatem
1387 1679 1442 1702 aut
1462 1674 1693 1713 mitigationem
1717 1675 1932 1711 miseriarum,
1956 1680 1990 1704 ut
2008 1685 2076 1704 ser-

1098 1713 1168 1742 vire
1191 1712 1365 1744 Ecclesiae
1388 1717 1570 1754 possimus,
1594 1723 1626 1746 et
1648 1723 1783 1756 propter
1812 1717 1899 1746 hanc
1923 1727 2074 1747 caussam

1098 1755 1241 1785 sciamus
1265 1755 1373 1786 Deum
1396 1757 1478 1788 haec
1504 1760 1591 1788 bona
1612 1758 1700 1789 velle
1724 1758 1848 1799 largiri,
1868 1760 1953 1789 sicut
1976 1769 2076 1799 saepe

1096 1802 1248 1834 testatur,
1270 1805 1304 1829 ut
1323 1809 1396 1829 cum
1415 1801 1459 1830 ait
1483 1800 1634 1831 Christus
1659 1800 1788 1838 [Matth.
1813 1802 1849 1836 6,
1879 1801 1962 1838 3ἑὶ.1;
2008 1801 2076 1831 Ρ1-1-

1097 1850 1182 1869 11111111
1218 1842 1364 1880 quaerite
1398 1852 1535 1882 regnum
1558 1842 1639 1878 Dei.
1673 1849 1705 1873 et
1739 1849 1851 1874 cetera
1885 1844 2075 1874 adiicientur

1097 1883 1202 1912 vobis.

1182 1923 1291 1955 Tertia
1315 1930 1436 1956 caussa
1459 1933 1521 1963 est,
1545 1928 1619 1968 quia
1642 1927 1711 1958 vult
1735 1927 1826 1958 Deus
1851 1929 1882 1958 in
1908 1928 1959 1958 his
1984 1940 2075 1960 exer-

1097 1967 1182 1996 citiis
1201 1968 1415 2006 petendorum
1440 1969 1659 2009 corporalium
1695 1971 1881 2001 confirmari
1911 1971 2006 2002 fidem
2035 1973 2075 2002 de

1096 2008 1386 2041 Reconciliatione.
1433 2012 1570 2051 Semper
1604 2013 1688 2042 enim
1722 2014 1753 2042 in
1789 2012 1840 2042 his·
1865 2014 2073 2053 petitionibus

1095 2050 1288 2091 praelucere
1311 2051 1399 2082 illam
1424 2053 1521 2083 fidem
1545 2054 1585 2083 de
1608 2054 1891 2085 Reconciliatione
1911 2062 2051 2095 oportet.

1182 2093 1250 2123 Has
1284 2104 1423 2125 caussas
1452 2095 1599 2133 inculco,
1634 2103 1668 2126 ut
1691 2098 1754 2127 sint
1777 2098 1810 2126 in
1834 2104 2016 2137 conspectu
2040 2106 2071 2129 et

1095 2145 1158 2165 nos
1182 2137 1367 2167 exuscitent
1389 2138 1431 2167 ad
1454 2138 1704 2169 invocationem.
1752 2138 2012 2180 Chrysostomus
2042 2148 2073 2171 et

1096 2176 1149 2207 alii
1171 2177 1261 2208 multi
1284 2178 1408 2209 insulse
1432 2181 1615 2220 depravant
1638 2182 1873 2221 precationem,
1893 2193 1990 2222 quam
2008 2189 2072 2213 tra-

1096 2220 1174 2249 didit
1198 2219 1368 2258 Christus,
1404 2233 1477 2253 cum
1500 2233 1617 2263 panem
1641 2224 1864 2263 quotidianum
1887 2224 2003 2255 nolunt
2026 2226 2071 2255 in-

1095 2261 1198 2302 telligi
1233 2264 1272 2293 de
1307 2263 1472 2304 corporali
1507 2275 1601 2304 pane.
1647 2265 1715 2295 lmo
1751 2267 1895 2296 sciamus
1929 2266 1992 2297 has
2016 2277 2070 2297 res

1096 2305 1226 2344 corpori
1250 2307 1469 2343 necessarias,
1493 2308 1608 2343 vitam,
1633 2308 1771 2345 victum,
1790 2308 1915 2349 fruges,
1939 2308 2070 2349 politias

1095 2356 1171 2377 esse
1194 2348 1337 2388 ingentia
1360 2354 1392 2379 et
1414 2349 1561 2379 miranda
1590 2360 1691 2390 opera
1713 2350 1774 2380 Dei
1799 2357 1830 2380 et
1849 2361 1913 2381 non
1938 2358 2069 2389 temere,

1094 2492 1122 2522 8)
1142 2492 1305 2549 foeqpndaffi]
1324 2492 1396 2516 Editt.
1416 2493 1456 2515 2¹2.
1477 2493 1515 2517 24.
1535 2493 1651 2521 26-34.,
1671 2494 1742 2523 Corp.
1763 2494 1846 2522 2-8..
1867 2495 1924 2524 opp.
1948 2496 1966 2519 1.
1986 2496 2009 2518 2.
2028 2501 2068 2519 se-

1145 2532 1193 2550 cun
1214 2532 1243 2550 ae
