2358 2933
104 99 169 132 653
576 96 600 127 1.
630 95 733 127 LOCI
754 95 1033 127 THEOLOGICI:
1062 95 1105 127 D.

105 192 277 233 opiniones
305 195 412 227 serat,
441 199 508 220 non
538 195 574 220 ut
601 195 729 220 mentes
751 187 896 229 implicet
917 187 1085 229 perplexis

103 241 137 266 et
159 232 439 265 inextricabilibus
460 232 758 273 disputationibus;
791 232 852 262 sed
874 236 910 262 ut
925 236 1086 262 monstret

103 278 200 308 nobis
224 275 386 307 beneficia
408 274 464 305 filii
488 275 562 313 Dei,
585 276 640 316 qui
662 276 785 305 missus
805 279 866 311 est,
885 279 920 303 ut
939 274 1087 305 destruat

104 329 205 359 opera
232 317 385 355 Diaboli,
420 318 474 358 qui
503 319 600 348 triste
628 316 749 348 vulnus
777 315 856 346 fecit
889 316 922 346 in
944 315 1087 347 humana

102 368 229 393 natura.

188 403 346 435 Monendi
378 408 455 433 sunt
487 407 596 433 autem
629 402 798 438 rudiores,
831 406 867 431 ut
888 411 908 431 a
930 400 1086 443 Physicis

101 451 237 477 sumant
267 445 495 476 distinctiones
527 451 558 476 et
580 443 823 485 appellationes
858 443 998 483 partium
1027 443 1085 474 ho-

100 489 208 527 minis,
232 493 263 518 et
287 486 460 519 conferant
482 497 539 518 eas
561 487 605 518 ad
626 486 763 527 phrasin
785 485 1030 527 Prophetarum
1054 492 1086 517 et

100 529 349 572 Apostolorum.

186 574 222 604 111
244 572 377 604 homine
399 577 450 603 est
471 582 551 612 pars
575 581 786 613 cognoscens
809 581 850 601 ac
861 573 888 608 ⁹)
922 571 1084 609 iudicans,

101 627 187 656 quae
210 621 350 647 vocatur
372 624 482 651 mens,
516 613 570 645 vel
596 613 805 653 intellectus,
840 612 894 644 vel
917 615 1017 651 ratio,
1052 615 1083 645 in

99 657 164 690 hac
192 664 287 699 parte
315 663 391 688 sunt
412 657 559 687 notitiae.
603 655 721 687 Altera
743 666 822 697 pars
845 662 1004 697 appetens
1027 668 1084 687 vo-

100 707 193 732 catur
215 700 382 737 voluntas,
407 709 492 740 quae
516 698 569 730 vel
588 700 796 740 obtemperat
818 699 937 730 iudicio
960 698 1013 730 vel
1033 710 1084 730 re-

98 753 222 785 pugna,
236 748 283 773 tet
305 743 366 773 sub
391 740 562 773 voluntate
585 748 662 772 sunt
685 742 902 782 appetitiones
926 752 1083 773 sensuum

99 796 161 817 seu
193 784 343 822 affectus,
378 794 517 826 quorum
551 786 735 815 subiectum
770 791 802 815 et
836 783 912 815 sons
940 791 991 816 est
1013 796 1083 823 cor,

98 829 155 869 qui
176 828 340 859 interdum
363 833 561 868 congruunt,
585 828 748 858 interdum
769 833 916 868 pugnant
935 839 1008 859 cum
1026 838 1083 859 vo-

97 869 233 902 luntate.
278 870 340 900 Est
362 871 424 900 sub
447 868 617 900 voluntate
641 876 673 900 et
695 869 773 900 loco
797 871 929 901 motiva.
960 870 1082 901 Harum

98 913 274 954 explicatio
299 913 465 953 copiosior
487 918 635 943 sumatur
658 923 677 943 a
700 911 865 954 Physicis,

185 956 358 986 Vocantur
380 956 422 995 ¹⁰)
447 960 556 985 autem
580 954 720 985 liberum
739 956 907 986 arbitrium
930 954 1026 985 Mens
1051 962 1083 986 et

97 998 262 1029 Voluntas
287 997 492 1027 coniunctae.
526 996 593 1028 Aut
611 1003 749 1028 vocatur
761 997 900 1028 libemni
913 998 1082 1029 arbitrium

98 1040 242 1072 facultas
265 1039 446 1070 voluntatis
470 1039 512 1069 ad
536 1038 723 1081 eligendum
742 1050 781 1070 ac
800 1041 1018 1081 expetendum
1031 1050 1082 1079 ea,

97 1093 183 1125 quae
216 1087 400 1113 monstrata
435 1087 533 1120 sunt,
567 1089 599 1113 et
632 1083 676 1113 ad
709 1083 921 1113 reiiciendum
954 1083 1080 1121 eadem,

119 1136 183 1157 uae
213 1123 356 1156 facultas
385 1125 417 1154 in
442 1130 560 1155 natura
581 1126 712 1166 integra
735 1124 837 1167 longe
859 1126 1083 1165 praestantior

96 1136 166 1206 tfluit,
189 1178 277 1199 nunc
300 1165 522 1207 multipliciter
544 1168 698 1207 impedita
722 1173 783 1205 est,
807 1174 842 1199 ut
859 1174 977 1208 postea
996 1168 1082 1198 dice-

96 1221 180 1242 mus.
226 1211 293 1242 Sed
326 1211 390 1241 iam
420 1208 553 1240 declaro
583 1209 836 1250 appellationem
857 1211 1083 1241 communissi-

96 1264 158 1285 me.
204 1252 315 1283 Liberi
337 1253 462 1283 arbitrii
488 1258 570 1290 erat,
594 1253 682 1293 quod
702 1253 874 1283 Fabricius
898 1252 1003 1284 noluit
1025 1264 1082 1284 au-

96 1307 168 1327 rum
191 1306 211 1326 a
233 1294 364 1336 Pyrrho
384 1293 530 1325 oblatum
553 1297 718 1336 accipere,
743 1302 797 1327 aut
811 1298 851 1329 11)
876 1296 965 1337 quod
988 1296 1082 1327 Anti-

96 1347 204 1380 gonus
228 1336 331 1368 noluit
354 1338 505 1377 aspicere
528 1336 664 1369 allatum
688 1337 808 1379 Pyrrhi
837 1337 1002 1370 interfecti
1027 1350 1081 1370 ca-

94 1387 164 1422 put.
211 1380 365 1412 Ceterum
406 1381 438 1410 in
480 1390 635 1411 sermone
662 1380 903 1421 Prophetarum
933 1387 964 1412 et
991 1381 1081 1422 Apo-

95 1423 258 1455 stolorum
285 1423 369 1453 haec
397 1422 560 1454 vocabula
591 1429 684 1461 sunt,
715 1423 810 1454 Mens
835 1430 866 1454 et
889 1424 971 1461 Cor,
996 1435 1081 1466 quae

95 1467 192 1497 ambo
226 1471 399 1496 sumuntur
432 1475 493 1506 pro
527 1465 699 1497 intellectu
729 1472 761 1497 et
795 1466 966 1497 voluntate
990 1477 1080 1505 vere,

95 1519 162 1540 non
185 1508 337 1540 simulate
361 1507 483 1548 aliquid
507 1507 651 1546 volente,
674 1509 738 1539 hoc
761 1515 824 1546 est,
848 1508 1080 1550 Complectun-

94 1558 148 1582 tur
175 1552 330 1582 iudicium
360 1556 393 1581 et
422 1551 641 1591 appetitiones
666 1561 783 1590 veras,
806 1562 872 1582 non
897 1552 1080 1591 simulatas,

95 1604 162 1624 non
197 1599 366 1624 externum
391 1602 476 1633 opus
500 1599 636 1624 tantum.
681 1594 804 1625 Extant
827 1600 937 1625 autem
959 1595 1079 1636 longae

95 1636 336 1677 disputationes
362 1636 403 1666 de
432 1636 598 1666 vocabulo
620 1636 731 1667 Liberi
755 1638 899 1675 arbitrii,
928 1648 1014 1678 quae
1037 1639 1079 1669 ab

94 1679 227 1710 attentis
257 1677 357 1710 facile
391 1678 562 1709 diiudicari
590 1686 742 1718 possunt.
789 1680 848 1710 His
884 1682 1015 1711 omissis
1040 1681 1080 1712 de

94 1731 131 1752 re
153 1722 310 1752 dicemus.

181 1763 265 1794 Cum
294 1765 379 1795 enim
413 1765 596 1800 dubitatur,
624 1775 665 1794 an
690 1763 847 1795 voluntas
871 1764 1013 1796 humana
1038 1768 1080 1797 sit

94 1806 210 1844 libera,
234 1807 370 1847 quod12)
395 1808 562 1849 quaeritur
580 1808 611 1837 in
626 1806 790 1844 Ecclesia,
803 1818 845 1838 an
859 1813 891 1838 et
915 1815 1078 1849 quatenus

94 1848 248 1880 voluntas
271 1848 414 1881 humana
435 1850 543 1891 possit
566 1850 700 1880 obedire
719 1850 801 1891 Legi
830 1850 910 1882 Dei:
945 1851 985 1881 de
1016 1851 1078 1882 hac

94 1892 286 1933 quaestione
309 1893 446 1924 iudicari
469 1903 536 1923 non
559 1898 681 1932 potest,
703 1893 767 1923 nisi
789 1894 981 1935 magnitudo
1001 1905 1078 1935 pec-

94 1936 169 1972 cati,
193 1935 281 1975 quod
303 1936 477 1967 nobiscum
498 1936 659 1972 nascitur,
682 1945 742 1966 seu
764 1935 924 1967 naturalis
947 1937 1078 1968 infirmi-

92 1983 144 2008 tas
179 1978 429 2015 consideretur3
474 1978 573 2015 Item,
611 1979 675 2009 nisi
710 1979 855 2009 sciamus
888 1979 981 2021 Lege
1013 1980 1077 2011 Dei

93 2018 253 2060 postulari
277 2030 343 2050 non
368 2026 493 2052 tantum
517 2027 651 2051 externa
676 2020 782 2052 civilia
806 2020 904 2060 sacta,
925 2023 984 2053 sed
1003 2033 1077 2064 per-

93 2068 225 2103 petuam
254 2069 286 2093 et
315 2062 495 2103 perfectam
523 2064 623 2094 totius
652 2070 789 2095 naturae
812 2064 976 2096 humanae
999 2067 1076 2097 obe-

93 2105 257 2143 dientiam,
280 2106 370 2137 imita
392 2105 488 2137 illud:
512 2105 643 2147 Diligas
666 2106 843 2138 Dominum
855 2107 963 2139 Deum
987 2115 1075 2140 tuum

93 2158 135 2178 ex
168 2153 238 2178 toto
273 2149 373 2179 corde
408 2154 470 2179 etc.
515 2149 599 2179 Nam
633 2150 661 2180 si
694 2156 812 2181 natura
844 2150 985 2182 hominis
1008 2162 1074 2182 non

94 2196 184 2221 esset
199 2192 241 2231 ¹3)
262 2197 418 2231 corrupta
441 2197 591 2231 peccate,
613 2191 751 2223 haberet
774 2192 948 2224 clariorem
966 2200 998 2225 et
1021 2194 1075 2225 fir-

110 2301 139 2331 9)
159 2300 199 2332 ac]
221 2301 294 2326 Editt.
315 2302 338 2325 2.
357 2303 451 2326 4-17.
472 2303 511 2327 19.
531 2303 639 2328 21-24.
658 2303 775 2335 28—34.‚
795 2305 854 2336 opp.
876 2306 898 2328 1.
919 2306 942 2329 2.
963 2308 989 2331 et

95 2352 139 2383 10)
159 2353 296 2384 Vocantur]
317 2354 391 2379 Editt.
411 2354 451 2377 21.
471 2354 512 2377 22.
531 2354 572 2376 24.
592 2353 711 2385 28—34.,
730 2355 791 2387 Opp.
814 2358 834 2381 1.
853 2357 877 2380 2.
896 2358 1006 2383 Vocatur

95 2404 139 2434 ιι)
159 2403 212 2435 aut]
234 2404 308 2429 Editt.
327 2405 367 2428 21.
386 2405 426 2428 22.
446 2406 487 2430 24.
508 2404 624 2434 23—34.,
644 2405 703 2436 opp.
724 2407 747 2429 1.
767 2407 790 2430 2.
809 2410 833 2432 et

95 2455 139 2485 12)
157 2455 235 2487 quod]
256 2455 330 2481 Editt.
350 2456 374 2479 2.
393 2457 409 2480 4
426 2470 459 2474 —-
479 2457 503 2480 9.
524 2457 563 2480 12.
582 2457 642 2488 hoc:
660 2457 734 2483 Editt.
753 2458 794 2482 20.
813 2459 861 2490 25„
881 2459 955 2491 Coi-p.
976 2461 989 2483 1
1003 2474 1036 2478 —
1049 2461 1073 2484 8.

162 2495 211 2521 quo

96 2540 139 2571 13)
159 2541 241 2572 esset]
259 2541 302 2567 Ed.
320 2542 360 2567 22.
378 2544 428 2573 typ.
447 2548 548 2568 errore:
568 2548 627 2567 esse

1128 95 1289 127 TERTIA
1308 95 1465 127 EORUM
1487 96 1644 128 AETAS.
2048 96 2114 130 654

1126 190 1264 220 miorem
1287 190 1328 220 de
1351 189 1425 220 Deo
1449 190 1613 227 notitiam,
1647 200 1714 220 non
1738 190 1904 221 dubitaret
1927 191 1967 220 de
1997 189 2111 221 volun-

1127 237 1193 262 tate
1216 232 1297 270 Dei,
1326 231 1462 263 haberet
1491 243 1606 263 verum
1629 233 1788 270 timorem,
1811 242 1923 263 veram
1946 232 2112 272 fiduciam,

1129 274 1270 315 denique
1293 280 1479 315 praestaret
1501 275 1721 306 obedientiam
1744 276 1905 316 integram
1928 275 2022 317 Legi,
2045 275 2111 306 hoc

1129 323 1195 354 est,
1227 318 1259 347 in
1288 323 1407 347 natura
1436 316 1577 347 hominis
1608 323 1698 348 esset
1725 316 1783 349 lux
1812 319 1936 349 firmius
1960 324 2110 349 statuens

1129 358 1170 389 de
1192 359 1278 396 Deo,
1304 365 1335 389 et
1357 365 1604 390 essent‘motus
1627 371 1743 391 omnes
1767 361 2016 391 consentientes
2028 360 2111 402 Legi

1128 400 1203 432 Dei.
1247 402 1344 433 Nunc
1372 408 1480 433 autem
1502 408 1621 433 natura
1644 402 1784 433 hominis
1808 413 1972 444 oppressa
1994 404 2110 434 morbo

1129 444 1265 485 originis
1295 442 1395 484 plena
1427 450 1479 475 est
1499 445 1738 475 dubitationum
1762 446 1802 476 de
1824 445 1911 483 Deo,
1944 456 2008 477 nec
2031 456 2110 477 vere

1128 486 1219 516 timet
1247 485 1374 524 Deum,
1403 497 1466 517 1166
1490 497 1568 518 vere
1591 488 1726 518 confidit
1748 489 1795 526 ei,
1828 499 1889 519 nec
1913 489 2007 519 ardet
2031 488 2111 520 dile-

1129 530 1248 565 ctione,
1267 534 1300 559 et
1317 529 1439 560 multae
1458 529 1609 560 flammae
1628 536 1704 561 sunt
1718 530 1911 561 vitiosorum
1923 531 2109 563 affectuum.

1128 570 1211 602 Cum
1234 572 1334 613 igitur
1355 570 1567 603 manifestum
1589 573 1641 611 sit,
1660 578 1811 603 naturam
1829 572 1969 604 hominis
1988 584 2111 615 nequa-

1128 624 1226 654 quam
1248 613 1444 645 satisfacere
1466 613 1531 655 legi
1549 614 1625 652 Dei,
1649 616 1827 656 quaeritur,
1851 617 1928 657 quid
1951 622 1984 647 et
2008 627 2110 658 quan-

1127 663 1193 687 tum
1217 656 1327 688 facere
1351 656 1506 688 voluntas
1524 658 1641 698 possit.
1650 660 1680 695 δ’)

1212 707 1357 738 Primum
1379 709 1479 749 igitur
1500 709 1703 749 respondeo:
1750 708 1833 740 Cum
1855 710 1888 740 in
1911 716 2031 740 natura
2052 709 2110 741 ho-

1126 750 1221 781 minis
1251 749 1413 792 reliquum
1436 752 1478 782 sit
1500 752 1654 782 iudicium
1677 758 1709 782 et
1733 751 1881 783 delectus
1906 753 2038 793 quidam
2061 763 2111 783 re-

1127 803 1210 830 rum,
1235 803 1319 834 quae
1343 800 1419 824 sunt
1443 794 1612 825 subiectae
1626 796 1668 835 ¹⁴)
1694 796 1810 825 rationi
1833 801 1889 825 aut
1911 795 2037 833 sensui,
2061 806 2110 826 re-

1126 834 1236 876 liquus
1266 842 1316 866 est
1344 837 1440 867 etiam
1464 836 1615 867 delectus
1639 842 1850 868 externorum
1873 848 2010 879 operum
2033 839 2110 869 civi·

1126 877 1227 914 lium;
1273 878 1383 913 Quare
1413 878 1568 910 voluntas
1593 879 1736 910 humana
1758 886 1868 920 potest
1891 881 1961 912 suis
1985 881 2109 912 viribus

1126 922 1197 951 sine
1221 922 1436 953 renovatione
1465 921 1575 963 aliquo
1600 923 1698 953 modo
1723 929 1860 954 externa
1883 923 1983 964 Legis
2009 934 2111 964 opera

1125 962 1246 995 facere.
1293 964 1385 994 Haec
1414 971 1466 995 est
1488 964 1626 995 libertas
1650 964 1849 1003 voluntatis,
1880 977 1978 1007 quam
2001 965 2110 997 Philo-

1126 1005 1222 1046 sophi
1240 1013 1332 1037 recte
1354 1007 1501 1038 tribuunt.
1523 1007 1655 1038 homini.
1700 1010 1741 1045 ¹⁵)
1754 1009 1837 1039 Nam
1861 1015 1891 1039 et
1903 1007 2028 1040 Paulus
2044 1010 2109 1039 dis-

1126 1058 1267 1079 cernens
1306 1050 1462 1081 iustitiam
1496 1051 1606 1080 carnis
1640 1061 1661 1081 a
1693 1050 1873 1091 spirituali,
1896 1050 2015 1082 fatetur
2042 1062 2109 1082 non

1125 1097 1259 1122 renatos
1293 1091 1418 1123 habere
1447 1092 1610 1123 delectum
1638 1092 1780 1134 aliquem
1811 1099 1843 1124 et
1865 1092 1976 1125 facere
1999 1093 2110 1135 aliqua

1125 1140 1261 1165 externa
1295 1134 1394 1175 Legis
1425 1145 1545 1176 opera,
1570 1146 1688 1166 manus
1711 1146 1731 1166 a
1755 1137 1873 1175 caede,
1908 1148 1927 1167 a
1950 1136 2055 1175 furto,
2090 1148 2110 1168 a

1124 1183 1220 1217 raptu
1243 1178 1424 1215 continere,
1449 1184 1481 1209 et
1510 1177 1595 1208 hanc
1618 1184 1718 1209 vocat
1741 1179 1895 1210 iustitiam
1919 1181 2040 1210 carnis.

1210 1236 1276 1266 Imo
1305 1236 1391 1267 hanc
1421 1236 1626 1279 disciplinam
1651 1239 1748 1269 etiam
1777 1249 1844 1269 non
1867 1239 1991 1270 renatis
2015 1250 2109 1280 prae-

1125 1279 1201 1319 cipit
1224 1279 1336 1317 Deus,
1372 1286 1403 1310 et
1435 1281 1505 1311 eius
1537 1280 1747 1312 violationem
1771 1283 1969 1313 tristissimis
1993 1283 2108 1322 poenis

1124 1321 1156 1351 in
1179 1321 1242 1353 hac
1266 1323 1332 1353 sita
1354 1322 1550 1364 regulariter
1571 1325 1674 1364 punit,
1698 1330 1733 1354 ut
1757 1325 1931 1355 ostendunt
1947 1324 2109 1366 supplicia

1123 1363 1360 1396 homicidarum
1396 1372 1427 1396 et
1457 1367 1670 1397 incestorum.
1716 1367 1792 1398 Ideo
1823 1368 1940 1399 dicitur
1961 1368 2002 1405 [1.
2027 1368 2107 1399 Tim.

1126 1407 1154 1444 l,
1178 1407 1241 1446 9.]:
1265 1407 1335 1438 Lex
1359 1409 1468 1449 posita
1487 1415 1536 1440 est
1560 1410 1707 1447 iniustis,
1738 1411 1771 1441 id
1794 1416 1862 1448 est,
1886 1411 1928 1441 ad
1952 1421 2108 1442 coercen-

1124 1450 1184 1480 dos
1203 1460 1270 1480 non
1294 1457 1429 1482 renatos
1454 1458 1486 1482 et
1510 1452 1551 1483 ad
1576 1453 1760 1493 puniendos
1774 1459 2000 1484 contumaces.
2028 1454 2108 1485 Item

1125 1492 1214 1531 [Gal.
1228 1492 1258 1531 3,
1271 1493 1356 1532 244:
1381 1494 1451 1525 Lex
1471 1501 1521 1525 est
1545 1496 1778 1538 paedagogus,
1803 1497 1835 1527 id
1860 1503 1922 1534 est,
1947 1507 2106 1528 coercens

1124 1541 1156 1566 et
1180 1536 1322 1574 docens,
1349 1543 1381 1567 et.
1410 1538 1541 1578 quidem
1572 1539 1702 1569 additur
1727 1539 1776 1579 (in
1801 1538 1996 1579 Christum:
2041 1550 2106 1581 quo

1122 1580 1301 1618 praeconio
1337 1579 1509 1620 disciplina
1542 1580 1724 1612 honorifice
1759 1588 1877 1612 ornata
1915 1589 1977 1613 est.
2035 1582 2107 1613 Etsi

1124 1622 1208 1652 enim
1233 1621 1406 1663 disciplina
1436 1633 1502 1654 non
1527 1630 1672 1655 meretur
1696 1625 1922 1656 remissionem
1950 1632 2107 1666 peccato-

1123 1674 1205 1702 rum,
1228 1675 1289 1695 nec
1313 1671 1363 1695 est
1386 1666 1519 1704 iustitia,
1543 1677 1608 1708 qua
1631 1677 1743 1698 coram
1761 1667 1835 1698 Deo
1860 1668 1935 1698 iusti
1959 1669 2106 1706 dicimur,

1122 1712 1229 1737 tamen
1252 1717 1308 1737 res
1331 1710 1523 1740 necessaria
1546 1716 1608 1748 est,
1631 1716 1665 1740 ut
1685 1710 1726 1741 de
1749 1709 1882 1741 Christo
1902 1711 2029 1742 interim
2049 1712 2105 1742 do-

1123 1750 1190 1780 ceri
1209 1751 1393 1790 possimus3
1438 1752 1507 1782 Nec
1531 1758 1581 1782 est
1604 1751 1724 1784 efficax
1747 1753 1887 1793 Spiritus
1912 1760 2047 1785 sanctus
2072 1755 2104 1784 in

1122 1794 1390 1832 contumacibus,
1424 1795 1478 1835 qui
1511 1802 1729 1836 perseverant
1761 1797 1794 1827 in
1828 1795 1955 1827 delictis
1986 1803 2107 1828 contra

1122 1836 1368 1866 conscientiam.
1415 1836 1483 1868 Sed
1518 1838 1558 1868 de
1582 1839 1723 1876 caussis,
1754 1850 1812 1869 cur
1841 1840 2034 1870 necessaria
2064 1841 2107 1871 sit

1122 1876 1310 1918 disciplina,
1344 1882 1516 1920 posteaffi)
1551 1881 1719 1918 dicemus;
1760 1882 1858 1913 Nunc
1892 1882 1957 1913 hoc
1981 1888 2107 1914 tantum

1122 1921 1326 1952 ostendimus
1349 1932 1390 1952 ex
1418 1921 1484 1954 illis
1508 1924 1722 1963 testimoniis,
1757 1935 1841 1966 quae
1863 1924 2043 1966 loquuntur
2066 1926 2106 1956 de

1120 1963 1242 1994 iustitia
1267 1966 1376 1995 carnis
1412 1976 1490 1996 esse
1512 1965 1654 2008 aliquem
1678 1967 1853 2005 delectum,
1876 1968 1908 1998 id
1928 1974 1989 2007 est,
2007 1967 2105 1999 liber-

1119 2012 1219 2037 tatem
1233 2007 1265 2037 in
1278 2017 1345 2038 non
1361 2009 1496 2046 renatis,
1512 2009 1553 2039 ad
1567 2016 1704 2041 externa
1714 2010 1817 2052 Legis
1830 2021 1931 2052 opera
1943 2010 2104 2042 facienda.

1121 2136 1164 2167 14)
1184 2136 1326 2169 subiectae]
1346 2137 1420 2163 Editt.
1440 2139 1481 2163 22.
1503 2138 1543 2163 24.
1562 2139 1681 2170 28—34.‚
1701 2140 1760 2171 Opp.
1784 2141 1805 2165 1.
1824 2142 1848 2165 2.
1868 2140 1982 2165 obiectae

1121 2188 1164 2217 15)
1182 2188 1240 2212 Pro
1259 2193 1334 2218 seqq.
1353 2189 1415 2213 Nam
1427 2189 1556 2214 etPaulus
1567 2191 1662 2215 —viva
1676 2191 1793 2216 membra
1806 2192 1942 2217 Ecclesiae.
1953 2191 2026 2216 Editt.
2039 2192 2062 2214 1.
2079 2192 2101 2216 3.

1186 2228 1228 2251 ea,
1243 2228 1316 2252 qnae
1326 2222 1354 2247 in
1364 2223 1437 2247 Editt.
1448 2224 1578 2248 secundae
1589 2225 1681 2249 aetatis
1696 2231 1751 2255 pag.
1764 2226 1821 2250 374.
1837 2226 1928 2251 lin.26.
1939 2232 2019 2256 usque
2034 2226 2066 2250 ad
2078 2232 2101 2256 p.

1186 2256 1246 2281 375.
1266 2257 1307 2281 iin.
1327 2258 1367 2281 33.
1386 2262 1491 2282 nostrae
1509 2258 1552 2283 Ed.
1571 2258 1710 2288 leyuntur,
1730 2260 1772 2285 ila
1789 2260 1935 2285 exhibent:
1954 2261 2017 2285 Nam
2036 2260 2103 2284 hanc

1187 2291 1263 2315 etiam
1291 2297 1380 2316 sacrae
1409 2292 1498 2316 literae
1518 2306 1550 2309 —
1569 2294 1653 2318 motus
1684 2294 1829 2324 spirituales
1861 2296 2010 2324 concipere,
2038 2300 2102 2325 quos

1185 2326 1252 2350 Deus
1280 2325 1414 2356 approbat.
1445 2326 1515 2356 (hoc
1541 2327 1613 2351 enim
1630 2328 1742 2353 verbnm
1769 2330 1893 2359 approbat
1916 2335 1972 2359 pro
1998 2329 2103 2359 requirit

1186 2365 1250 2384 cum
1268 2359 1341 2384 Editt.
1362 2360 1384 2384 8.
1405 2360 1513 2385 11—13.
1532 2361 1599 2386 illius
1619 2363 1710 2387 aetatis
1730 2363 1876 2394 eumeni,-
1890 2365 2044 2393 praeterea
2062 2364 2102 2388 in-

1185 2394 1320 2424 scriptio:
1356 2394 1509 2419 Testimonia
1530 2395 1561 2419 de
1581 2396 1700 2421 humanis
1718 2397 1828 2427 viribus,
1848 2404 1894 2422 seu
1912 2398 1943 2422 de
1962 2398 2044 2422 libero
2062 2404 2102 2422 ar-

1185 2428 1276 2454 bitrio..
1296 2434 1380 2458 qnam
1393 2434 1416 2458 p.
1436 2430 1493 2453 375.
1512 2429 1554 2454 lin.
1573 2430 1606 2455 ‘28
1619 2436 1657 2461 sq.
1671 2437 1708 2456 ez·
1718 2432 1761 2456 Ed.
1780 2433 1818 2456 11.
1833 2434 1858 2456 et
1871 2432 1932 2462 Opp.
1946 2432 1973 2456 in
1987 2435 2102 2456 nostram

1185 2462 1226 2486 Ed.
1247 2463 1430 2493 suscepimus,
1449 2464 1484 2488 ab
1494 2463 1566 2488 Editt.
1590 2465 1610 2489 1.
1632 2466 1655 2490 3.
1673 2466 1748 2491 huius
1768 2467 1857 2491 tertiae
1877 2467 1968 2491 aetatis
1988 2467 2101 2498 abest.)-

1118 2513 1162 2544 16)
1182 2513 1243 2537 Vide
1254 2514 1301 2538 loci
1313 2514 1351 2538 VI.
1372 2515 1412 2539 De
1430 2515 1487 2544 leffe
1504 2514 1609 2542 divina.
1629 2516 1777 2541 articulum:
1805 2518 1846 2542 Be
1863 2523 1918 2542 usu
1937 2518 2011 2547 legis.
2031 2517 2101 2543 Cons.

1185 2548 1263 2572 etiam
1282 2548 1330 2573 loci
1348 2549 1416 2573 XVII.
1452 2550 1492 2574 De
1509 2549 1618 2579 Spiritu
1635 2552 1663 2575 et
1681 2551 1777 2576 Litera
1794 2557 1855 2581 pars
1873 2554 1997 2577 extrema.
