2358 2933
140 150 183 184 -25
214 119 221 120 '
547 148 571 179 1.
594 146 695 179 LOCI
717 145 997 178 THEOLOGICI:
1020 145 1062 176 A.
1086 145 1226 177 PRIMA
1247 144 1404 176 EORUM
1425 143 1732 176 ADUMBRATIO.
2106 143 2150 175 26

296 242 417 272 viuendi
436 242 559 271 sormam
578 241 803 271 accommodata
820 239 860 269 Et
885 239 989 268 ordine
1014 238 1227 278 comprehendi
1253 239 1365 269 debent
1389 239 1517 278 Semper
1540 240 1619 268 enim
1644 239 1782 278 superior
1806 238 1856 267 lex
1879 242 1928 268 est
1954 240 1994 268 in-

297 285 416 314 ferioris
435 283 550 322 regula.

1007 339 1032 369 P
1040 340 1068 368 ri
1078 350 1106 369 m
1115 351 1134 369 u
1141 350 1157 369 s
1189 351 1205 369 o
1213 351 1225 369 r
1233 341 1252 369 d
1262 351 1290 370 0.

383 402 408 432 P
417 404 508 432 rima
526 402 562 431 le
571 412 600 431 x.
645 400 734 430 Deus
755 399 904 429 colendus
924 404 983 430 est,
2022 407 2124 427 Naturalis.

385 463 401 491 2
418 468 440 490 ὃ.
460 461 533 491 Vita
551 460 678 490 'ruenda
697 463 727 489 et
745 459 947 498 propaganda.

383 521 408 550 Τ
418 532 434 550 e
443 521 492 550 rti
502 531 519 550 a
542 519 733 558 Gignendum
748 522 806 548 est·
1017 527 1053 553 Ad
1072 527 1221 553 societatem
1241 528 1396 553 seruandam
1409 528 1484 553 homo
1497 530 1572 553 natus
1589 531 1636 553 est.
1649 528 1670 559 ¹)

385 581 413 617 Q
424 584 529 610 uarta
547 578 701 617 Iungenda
720 582 791 607 sunt
810 579 969 607 connubia.

385 640 528 676 Quinta
548 639 690 668 Genitum
710 638 892 667 seruandum
912 641 971 666 est.

384 700 406 729 S
417 704 502 729 exta
519 699 618 728 Nemo
637 697 808 727 laedendus
828 701 887 726 est.

385 759 569 798 Septima.
615 757 772 787 Vtendum
791 761 840 786 est
859 757 1055 786 communiter
1074 757 1225 794 quaesitis
1238 760 1269 786 et
1281 756 1364 786 sartis
1374 758 1401 794 ²)
1421 762 1450 794 (.
1465 757 1536 794 quia
1554 757 1601 785 sic
1620 756 1764 785 facillime
1783 757 1900 795 degitur
1913 757 2000 794 vita.)

297 804 399 841 Atque
426 802 501 831 haec
528 801 631 830 vltima
655 800 706 829 lex
725 804 847 830 naturae
866 798 898 828 ln
917 801 1011 838 primo
1033 800 1136 828 ordine
1156 800 1193 828 de
1213 800 1422 828 communione
1442 810 1539 828 rerum
1564 804 1722 838 propterea
1744 803 1774 828 et
1804 799 2002 838 comparanda

297 849 346 874 est
365 855 432 873 cum
452 844 678 883 superioribus:
699 843 779 881 quod
800 843 828 871 si
847 843 1022 881 superiores
1043 843 1198 872 obseruari
1219 853 1276 871 non
1296 846 1427 881 possunt
1446 842 1545 871 Simul
1564 853 1631 871 cum
1651 842 1706 871 hac
1726 847 1806 872 certe
1830 843 1906 872 haec
1929 846 2001 871 tem-

185 894 259 924 10‚a.
302 888 434 926 peranda
452 889 530 916 est.l
551 887 715 925 Semper
733 886 918 924 superior
936 885 1013 914 Lex
1032 889 1095 914 est
1114 884 1248 923 regula
1267 885 1485 914 inferioris.

985 953 1188 982 Secundus
1214 953 1322 982 ordo:

385 1013 556 1042 Proinde
576 1013 624 1042 hic
644 1013 799 1041 secundus
820 1012 892 1041 ordo
918 1012 1019 1049 legum
1044 1016 1165 1040 naturae
1191 1016 1277 1041 esto:
1304 1012 1486 1050 Superiores
1512 1012 1599 1050 leges
1619 1017 1739 1041 manent
1758 1013 1883 1042 eaedem
1902 1013 2003 1042 Deum

298 1056 458 1085 colendum
477 1066 551 1084 esse
570 1055 673 1084 Vitam
693 1055 848 1083 Tuendam
864 1054 1056 1092 Gignendum
1087 1053 1240 1092 {ungenda
1263 1055 1411 1084 connubia
1436 1054 1578 1084 Genitum
1603 1056 1794 1084 seruandum.
1849 1054 1909 1085 lam
1934 1057 2005 1095 quia

298 1099 427 1128 humana
445 1099 596 1137 cupiditas
617 1109 674 1126 non
695 1098 804 1136 patitur
822 1101 854 1126 ut
873 1097 1070 1125 communiter
1089 1098 1229 1125 omnibns
1254 1102 1369 1126 vtamur
1387 1098 1523 1126 vocanda
1549 1102 1598 1127 est
1616 1098 1750 1136 vulgaris
1777 1100 1945 1128 communio
1966 1100 2004 1128 ad

298 1141 419 1170 modum
440 1141 600 1178 quendam.
647 1140 687 1169 Et
706 1150 743 1168 ex
763 1140 899 1169 secunda
917 1140 1114 1177 consequitur
1132 1139 1191 1168 alia
1209 1140 1259 1168 lex
1278 1150 1330 1178 pro
1356 1141 1486 1179 septima
1516 1140 1596 1176 Quia
1616 1152 1673 1170 non
1692 1145 1795 1180 potest
1814 1152 1888 1171 esse
1907 1153 2003 1171 rerum

299 1183 432 1221 vulgaris
452 1184 621 1212 communio
640 1186 761 1221 propter
780 1183 933 1211 hominum
953 1183 1136 1220 cupiditates
1158 1183 1339 1212 diuidendae
1359 1194 1408 1212 res
1428 1188 1509 1212 sunt.

385 1226 545 1255 Octaua.
593 1226 642 1254 Ad
662 1226 841 1254 seruandam
862 1226 951 1253 vitam
971 1226 1184 1263 permutandae
1205 1229 1276 1254 sunt
1294 1236 1354 1255 res.
1403 1226 1480 1255 Hinc
1500 1230 1671 1255 contractus
1690 1227 1830 1266 Emptio:
1857 1227 2003 1257 Venditio

298 1268 442 1298 Locatio:
469 1267 611 1297 Conditio
638 1272 696 1297 etc.
723 1273 896 1297 nascuntur.
941 1267 1060 1296 Nona.
1106 1268 1157 1296 Ad
1181 1269 1361 1297 seruandam
1389 1270 1478 1297 vitam
1503 1269 1663 1298 multorum
1693 1270 1763 1298 mali
1788 1270 1949 1299 cohibendi
1975 1275 2005 1300 et

298 1311 429 1340 arcendi.
475 1311 553 1340 Hinc
572 1311 771 1349 Magistratus
792 1312 855 1339 iura
881 1309 989 1339 iuditia
1008 1309 1105 1339 bella:
1127 1310 1249 1339 Poenae
1269 1312 1406 1340 soncium
1427 1315 1457 1340 et
1475 1313 1607 1350 praemia
1625 1313 1780 1341 honorum.

386 1352 424 1382 In
450 1354 550 1383 hunc
576 1354 724 1382 modum
743 1353 882 1391 Legibus
907 1354 1117 1391 superioribus
1146 1354 1302 1383 inferiores
1330 1355 1524 1392 corriguntur.
1572 1354 1652 1389 Quia
1678 1357 1757 1384 enim
1777 1357 1837 1385 vita
1855 1358 2005 1387 seruanda

299 1400 348 1425 est
362 1398 389 1433 3)
409 1400 438 1425 et
457 1396 607 1435 cupiditas
635 1397 764 1425 humana
788 1397 860 1425 citra
879 1396 958 1424 vitae
985 1396 1179 1434 dispendium
1207 1407 1264 1425 non
1291 1398 1434 1436 permittit
1453 1397 1564 1426 Omnia
1583 1408 1657 1427 esse
1677 1399 1845 1428 communia
1862 1399 2004 1429 Necesse

299 1443 348 1468 est
374 1443 406 1468 ut
432 1449 610 1468 reuocemus
638 1440 877 1468 communionem
906 1439 933 1466 in
960 1439 1081 1467 modum
1107 1439 1266 1476 quendam.
1324 1439 1466 1469 Postulat
1492 1441 1571 1469 enim
1595 1440 1742 1470 humanae
1766 1443 1845 1471 vitae
1872 1443 2003 1472 conditio

181 1487 220 1516 10,
234 1486 257 1511 b.
300 1481 432 1520 aliquam
451 1492 547 1511 rerum
567 1483 819 1511 communionem.
835 1498 836 1501 =
853 1480 924 1510 Ideo
945 1480 1033 1510 Plato
1054 1482 1159 1510 scribit
1179 1481 1319 1511 politiam
1339 1484 1367 1511 in
1388 1493 1447 1521 qua
1465 1488 1595 1522 possent
1622 1485 1720 1513 omnia
1745 1495 1819 1514 esse
1839 1487 2008 1515 communia

300 1525 441 1563 optimam
462 1535 546 1553 esse.
593 1525 680 1553 Sicut
699 1534 736 1553 ea
754 1525 863 1553 domus
884 1534 961 1562 quae
980 1525 1118 1562 priuatim
1139 1526 1238 1554 omnia
1258 1525 1385 1561 habet⁴)
1405 1528 1574 1555 communia
1599 1528 1711 1566 optime
1731 1528 1954 1558 administratur
1977 1534 2007 1559 et

299 1567 492 1596 annitendum
512 1568 540 1595 in
561 1568 652 1596 rebus
672 1567 806 1606 publicis
828 1571 860 1596 ut
881 1567 918 1595 ad
938 1568 1179 1596 communionem
1199 1579 1294 1597 rerum
1314 1579 1403 1607 quam
1422 1570 1557 1608 proxime
1575 1570 1744 1599 accedatur.

455 1625 467 1637 ⁸
492 1627 537 1651 vbi
556 1627 641 1651 omnia
660 1629 721 1651 sunt
740 1627 885 1652 communia
903 1627 938 1651 ibi
956 1627 1018 1651 nihil
1039 1627 1196 1652 iniuriarum.

387 1675 518 1705 Proinde
538 1677 792 1705 communicantur
811 1687 878 1705 res:
899 1677 1119 1705 contrahendo:
1140 1678 1283 1706 emendo:
1304 1679 1462 1708 vendendo
1482 1684 1539 1708 etc.
1571 1681 1623 1709 Sic
1643 1682 1713 1719 quia
1735 1681 1786 1710 lex
1804 1682 1939 1720 postulat
1957 1693 2006 1712 ne-

300 1719 410 1747 minem
436 1718 618 1747 laedendum
649 1729 723 1747 esse
743 1719 907 1748 Multorum
934 1719 1032 1757 magis
1059 1718 1198 1748 habenda
1224 1721 1297 1748 ratio
1318 1725 1367 1750 est
1396 1725 1426 1750 et
1449 1723 1598 1760 agendum
1620 1724 1652 1759 jn
1672 1735 1703 1752 re
1721 1724 1843 1763 publica
1866 1729 1897 1754 ut
1917 1736 2005 1764 quam

301 1761 479 1800 paucissimi
498 1761 655 1790 laedantur
678 1760 750 1790 ldeo
782 1761 852 1790 mali
877 1761 1038 1790 cohibendi
1066 1765 1137 1790 sunt
1156 1763 1294 1790 arcendi:
1325 1763 1500 1793 mulctandi.
1546 1765 1624 1794 Hinc
1644 1771 1715 1796 sunt
1733 1769 1927 1805 magistratus
1947 1772 2004 1797 ete.

300 1804 353 1832 Sic
373 1814 552 1842 quamquam
572 1804 663 1832 vitam
683 1805 862 1833 seruandam
885 1802 955 1842 lpse
976 1808 1097 1832 naturae
1117 1815 1231 1833 sensus
1251 1805 1358 1834 doceat
1378 1806 1489 1835 Tamen
1511 1811 1637 1836 eatenus
1661 1810 1812 1838 seruanda
1838 1814 1886 1839 est
1905 1815 2005 1848 quate-

301 1857 358 1875 nus
378 1847 472 1885 prima
490 1847 632 1884 permittit
652 1856 730 1884 quae
751 1848 834 1876 iubet
853 1847 941 1875 deum
963 1857 1081 1875 summo
1101 1857 1202 1875 amore
1223 1847 1307 1885 diligi
1327 1846 1398 1877 Ideo
1419 1850 1628 1888 obtemperari.
1675 1851 1718 1880 Vt
1734 1853 1884 1881 Abraham
1906 1863 2004 1891 quam·

301 1899 390 1927 quam
409 1889 469 1918 sibi
489 1890 579 1918 vitam
597 1888 649 1917 lex
667 1889 787 1918 inferior
806 1890 920 1918 seruari
941 1890 1065 1918 iubebat
1084 1893 1182 1918 tamen
1202 1890 1306 1920 debuit
1326 1891 1523 1930 obtemperari
1544 1893 1656 1931 primae
1683 1893 1744 1932 legi
1764 1905 1823 1933 qua
1848 1895 1906 1924 coli
1927 1896 2004 1925 deus

302 1932 431 1961 iubetur.

507 1991 559 2016 Lex
576 1994 618 2016 est
636 1991 775 2022 spiritualis
794 1992 809 2016 i.
829 1998 850 2016 e.
870 1992 975 2023 requirit
993 1990 1157 2022 affectu1n5).

457 2023 467 2035 *
495 2026 599 2050 caelum
618 2028 644 2051 et
662 2028 757 2051 terram
778 2027 901 2051 mIsceant
921 2027 963 2056 qui
983 2026 1068 2051 dicunt
1087 2031 1190 2051 omnem
1210 2026 1392 2056 cogitacionem
1412 2034 1470 2053 esse
1492 2029 1621 2055 affectum.

389 2075 577 2111 Quartum.
596 2076 681 2105 Esse
700 2075 799 2114 legem
820 2080 941 2105 naturae
961 2076 1078 2105 Paulus
1103 2076 1218 2115 colligit
1239 2078 1266 2105 2.
1287 2078 1326 2106 ad
1344 2077 1402 2106 Ro.
1425 2078 1505 2114 Quia
1523 2081 1601 2109 enim
1622 2085 1671 2110 est
1689 2083 1875 2111 conscientia
1894 2083 2003 2112 sactum

303 2119 470 2148 defendens
490 2123 541 2147 aut
560 2129 709 2147 accusans
729 2120 926 2157 consequitur
944 2119 1043 2157 legem
1065 2123 1185 2148 naturae
1205 2130 1289 2148 esse.

456 2178 468 2190 ⁴*
495 2179 587 2209 captus
608 2179 736 2205 humanus
755 2180 796 2210 qui
806 2179 829 2210 6)
850 2179 923 2204 docet
942 2186 992 2204 non
1012 2179 1151 2204 furandum
1172 2180 1338 2205 occidendum
1357 2187 1416 2207 esse
1437 2184 1476 2207 est
1496 2183 1536 2207 lex
1555 2184 1688 2209 naturalis

186 2241 224 2269 ῃ,
237 2246 260 2264 3,
391 2228 602 2263 (Quintum.
624 2228 704 2258 Idem
725 2229 841 2258 Paulus
862 2231 985 2268 primam
1005 2229 1105 2268 legem
1126 2234 1247 2259 naturae
1266 2233 1403 2261 tractauit
1422 2233 1516 2271 primo
1537 2235 1634 2272 capite
1653 2237 1715 2273 [ep.
1740 2235 1778 2264 ad
1796 2235 1901 2275 Rom]
1926 2237 2003 2266 Gen-

302 2276 351 2301 tes
371 2272 557 2309 cognouisse
578 2272 666 2300 deum
686 2276 743 2301 etc.
790 2272 942 2311 Reliquas
962 2272 1049 2311 leges
1070 2271 1214 2302 Christus
1235 2274 1461 2312 comprehendit
1479 2275 1668 2314 Elegantiss.
1689 2279 1840 2308 sententia
1858 2279 1897 2309 Et
1916 2281 2002 2309 culus

304 2315 378 2344 nihil
398 2318 447 2343 est
466 2315 493 2342 in
514 2313 585 2342 vllis
605 2316 737 2352 gentium
757 2315 854 2344 literis
874 2319 924 2344 aut
943 2316 1145 2344 monumentis
1165 2316 1267 2345 simile
1280 2317 1389 2350 Omnia
1409 2328 1606 2357 quaecunque
1626 2320 1717 2349 voltis
1738 2325 1769 2350 ut
1788 2322 1875 2351 vobis
1896 2323 2004 2352 faciant

991 2436 1107 2460 CODICIS
1138 2437 1317 2462 DIYERSITAS.

377 2487 402 2516 1)
420 2484 506 2510 Haec
524 2485 634 2509 litteris
652 2483 867 2519 yracilioribus
886 2487 1040 2518 mser-ipra
1061 2485 1331 2512 adnotatiunculae
1351 2489 1448 2512 instar
1468 2489 1586 2513 adnm-n
1607 2493 1683 2514 sunt.
1731 2492 1759 2520 2)
1778 2492 1873 2520 phariis
1910 2493 1938 2521 3)
1964 2493 2004 2516 est

301 2521 437 2553 primum
457 2527 514 2543 om.
535 2518 585 2544 seg!
604 2521 706 2543 statim
726 2520 927 2544 intersertum.
1000 2521 1029 2551 4)
1050 2521 1126 2546 habet
1153 2522 1216 2545 iam
1242 2523 1273 2546 in
1294 2521 1355 2553 fine
1379 2522 1475 2547 lineae
1492 2525 1623 2556 positum
1650 2525 1681 2548 in
1705 2525 1793 2548 initio
1813 2532 1906 2549 novae.
1926 2524 2004 2549 mule

306 2555 460 2586 repetitur.
532 2556 560 2585 5)
578 2554 630 2579 Lex
705 2554 824 2578 affectum
844 2561 935 2587 supra
952 2553 1007 2586 fol.
1032 2557 1069 2585 10,
1090 2553 1116 2578 b.
1138 2563 1155 2579 (ι
1175 2555 1276 2581 scriba
1294 2557 1394 2588 posita
1415 2560 1483 2582 sunt
1502 2557 1665 2587 dubitante,
1685 2561 1717 2582 ut
1736 2558 1860 2588 videtur,
1879 2558 2002 2584 ubinam

306 2587 508 2612 interserenda
529 2590 632 2612 essent.
705 2588 734 2617 6)
751 2589 773 2619 ‘q
795 2588 828 2618 (ι’.
850 2595 873 2611 ε.
894 2591 985 2619 quae!)
