2358 2933
112 112 175 142 905

112 202 269 246 gulariter
291 201 473 242 insignibus
496 199 664 241 suppliciis
688 201 721 230 in
738 199 803 230 hac
825 200 891 230 vita
913 199 1019 239 punit,
1053 205 1087 229 ut

112 248 153 277 de
177 244 328 282 Catilina,
350 244 484 274 Nerone
507 249 539 273 et
562 243 760 283 quotidianis
783 241 986 277 latronibus3
1027 241 1087 271 sed

111 289 151 319 de
178 286 330 318 Ecclesia
364 291 396 316 et
420 286 460 316 de
484 284 617 316 Sanctis
640 284 769 325 loquor,
787 283 904 314 horum
927 282 1018 313 multi
1041 283 1087 313 la-

110 340 192 371 psus
215 330 365 360 omnibus
389 328 589 367 temporibus
613 325 835 367 peculiaribus
858 326 974 365 poenis
998 326 1087 365 puni—

111 378 220 408 untur,
243 372 332 402 iuxta
355 370 420 401 hoc
444 371 565 401 dictum
588 367 709 400 Psalmi
731 368 784 399 88.
810 371 872 404 tvs.
898 367 964 406 33]
1001 367 1084 397 Visi-

109 416 186 446 tabo
209 415 240 443 in
256 414 347 453 virga
359 413 543 453 iniquitates
557 422 680 442 eorum.
710 410 789 441 Item
803 410 845 446 [l.
858 409 945 439 Petr.
959 410 990 445 4,
1006 409 1085 446 121:

110 456 266 487 Iudicium
289 466 308 485 a
332 455 428 486 domo
453 455 516 485 Dei
538 454 659 494 incipit.

174 498 285 528 Tertio
309 498 477 527 sciendum
501 503 566 527 est:
592 497 653 526 etsi
667 495 829 525 sustinent
843 495 996 525 conversi
1008 504 1086 534 poe—

108 550 168 572 nas
193 538 410 580 temporales,
444 546 552 569 tamen
576 538 638 568 hae
660 547 798 577 prorsus
821 535 901 567 nihil
923 537 1084 576 pertinent

107 584 149 614 ad
183 588 381 623 potestatem
417 580 569 617 clavium,
602 589 665 610 nec
688 580 914 619 imponuntur,
950 588 1012 609 nec
1036 588 1084 608 re-

107 626 278 655 mittuntur
299 629 466 664 potestate
479 622 631 659 clavium,
655 628 690 652 ut
708 631 761 652 res
774 623 845 662 ipsa
859 622 1001 652 ostendit
1024 631 1085 651 nec-

107 673 245 698 mortem
269 676 332 697 nec
353 666 488 696 morbos
512 674 573 694 060
597 663 684 694 bella
706 665 827 703 imponi
851 671 904 695 aut
925 663 1084 703 101111105-

106 719 144 740 56
179 720 197 739 a
229 709 385 738 ministris
408 705 588 748 Evangelii.
635 706 702 737 Sed
734 705 786 736 his
820 707 986 737 aerumnis
1010 706 1083 735 sinit

108 761 168 781 nos
192 750 286 781 Deus
319 755 474 790 tanquam
508 750 611 790 signis
634 755 745 780 reatus
770 749 977 784 circumdari,
1012 758 1084 778 cum

107 799 199 824 certa
221 798 359 833 peccata
382 792 486 832 punit,
521 798 555 822 ut
579 802 641 822 nos
665 792 756 831 ipsos
781 798 814 821 et
837 790 921 821 alios
941 791 981 821 116
1004 790 1084 820 iudi-

107 837 158 866 cio
179 845 239 865 suo
265 835 426 865 adversus
449 839 621 874 peccatum
645 834 819 864 admoneat
868 833 909 863 Et
932 832 1084 873 quoniam

106 877 170 908 hae
194 887 320 918 poenae
343 876 535 917 plerumque
559 882 633 906 sunt
658 875 822 916 exempla,
845 874 936 906 multi
949 875 1083 916 insigni—

104 920 168 950 bus
203 918 446 950 calamitatibus
481 919 606 948 onerati
635 924 790 958 tanquam
824 919 854 948 in
890 915 1081 958 spectaculo

105 966 339 992 monstrantur.
393 960 478 991 Nam
505 960 646 991 Davidis
681 959 830 1000 expulsio
862 970 957 1000 quam
991 960 1083 989 triste

105 999 330 1045 spectaculum
353 1001 426 1033 fuit!
467 1002 574 1037 Quam
597 1008 691 1033 atrox
715 1003 884 1044 tragoedia
919 1007 969 1032 est
991 1000 1082 1032 Mau-

106 1047 168 1077 ritii
202 1045 412 1086 Imperatoris
445 1045 611 1075 interitus!
655 1043 750 1075 Hunc
785 1054 858 1075 cum
882 1043 1013 1074 Phocas
1042 1053 1081 1073 ex

105 1088 184 1130 fuga
220 1088 425 1124 retraxisset,
461 1087 549 1117 iubet
572 1089 703 1119 eum⁹¹>
738 1087 779 1117 ad
812 1097 850 1117 56
874 1097 946 1116 01101
971 1086 1082 1115 coniu-

107 1129 315 1172 ge,‘filiabus
339 1135 370 1160 et
393 1129 468 1160 filiis
492 1130 620 1160 adduci.
673 1129 734 1159 Hic
765 1129 903 1170 primum
928 1126 1011 1158 filias
1036 1128 1082 1157 in-

106 1173 329 1214 spectantibus
352 1179 445 1212 patre
467 1171 620 1202 Mauritio
644 1177 673 1202 et
695 1171 928 1201 honestissima
940 1171 1082 1211 coniuge

105 1214 241 1246 interfici
265 1215 407 1251 mandat,
431 1220 546 1254 postea
570 1213 670 1244 filium
683 1212 945 1251 adolescentem;
968 1213 1082 1242 aberat

105 1264 213 1288 autem
247 1257 395 1286 minimus
419 1261 496 1286 natu
521 1256 606 1294 apud
629 1256 804 1295 nutricem,
828 1255 914 1285 hunc
939 1265 1012 1284 cum
1035 1252 1081 1284 af-

106 1298 185 1330 ferri
209 1300 377 1333 iussisset.
401 1298 535 1328 nutricis
558 1299 694 1328 maritus
718 1297 810 1328 affert
824 1307 889 1327 11011
904 1295 1081 1333 alumnum,
1102 1317 1104 1322 »

103 1342 162 1372 sed
196 1352 289 1371 suum
324 1340 433 1370 filium.
480 1339 586 1379 Tanta
619 1346 687 1370 erat
723 1340 806 1370 fides
840 1340 871 1369 in
901 1349 940 1369 60
965 1339 1078 1368 amico

103 1384 169 1415 Sed
203 1393 276 1415 cum
310 1383 495 1422 aspexisset
517 1392 653 1422 puerum
677 1382 862 1418 Mauritius,
895 1379 1080 1420 interpellat

108 1426 254 1457 Phccam
285 1435 423 1455 monens
456 1424 545 1454 hunc
569 1423 709 1454 alienum
735 1434 827 1462 esse,
850 1433 912 1453 nec
934 1433 971 1453 se
994 1422 1080 1454 velle

103 1468 317 1499 calamitatem
351 1477 444 1497 suam
484 1468 518 1496 in
551 1467 690 1497 amicum
725 1467 884 1497 derivare.
937 1465 1081 1496 Affertur

102 1512 199 1552 igitur
222 1511 361 1541 Mauritii
392 1508 478 1540 filius
508 1519 548 1539 ac
569 1508 770 1539 interficitur.
815 1508 939 1539 Pestea
961 1509 1079 1538 misera

102 1559 208 1584 mater
230 1553 421 1583 trucidatur.
452 1551 487 1581 ln
509 1557 598 1581 tanta
619 1549 804 1581 calamitate
825 1549 917 1581 nulla
938 1560 1003 1581 vox
1023 1551 1079 1580 im-

103 1598 157 1637 pia
179 1594 220 1626 ex
243 1594 393 1625 Mauritio
417 1594 524 1624 audita
549 1600 610 1630 est,
630 1594 688 1623 sed
712 1594 814 1624 astitit
832 1599 1002 1633 spectator
1024 1592 1079 1623 ha-

102 1647 174 1668 rum
207 1637 386 1678 ingentium
421 1645 657 1667 aerumnarum
679 1641 711 1666 et
733 1634 975 1666 consessionem
999 1635 1079 1666 suae

105 1680 222 1720 culpae
245 1680 344 1710 edidit
367 1680 536 1719 inquiens:
583 1678 691 1709 Iustus
717 1688 769 1715 65,
799 1677 951 1715 Domine,
975 1684 1007 1708 et
1030 1688 1080 1708 re·

106 1729 192 1753 0111111
216 1722 367 1752 iudicium
390 1727 490 1752 tuum.
525 1721 699 1751 Postremo
724 1727 754 1750 et
778 1721 847 1760 ipse
870 1720 1003 1751 occisus
1016 1726 1077 1751 est.

104 1765 177 1796 Fuit
211 1770 318 1795 autem
352 1763 526 1794 Mauritius
561 1769 592 1793 et
625 1762 697 1793 aliis
732 1764 860 1804 magnis
905 1763 1078 1793 virtutibus

104 1808 271 1848 praeditus
296 1812 327 1836 et
341 1805 547 1836 Christianae
571 1803 739 1846 religionis
763 1804 879 1835 cultor.
914 1804 980 1835 Sed
1005 1815 1079 1836 eum

104 1856 193 1880 esset
226 1849 424 1879 iracundior.
459 1847 617 1888 quaedam
641 1846 720 1878 fecit
741 1848 902 1888 asperius·
948 1847 1024 1877 Ideo
1047 1849 1078 1877 in

104 1892 165 1922 has
188 1901 314 1932 poenas
338 1892 464 1927 10011111.
500 1896 576 1920 ante
599 1900 681 1930 quas
704 1890 888 1920 admonitus
913 1890 980 1930 egit
1001 1899 1078 1930 poe-

104 1935 279 1965 nitentiam.
304 1933 370 1963 sed
394 1932 486 1963 Deus
509 1932 573 1963 hac
595 1931 783 1963 calamitate
805 1933 880 1962 etin
894 1933 965 1972 ipso
978 1942 1078 1973 auge-

102 1987 139 2007 re
171 1976 403 2017 poenitentiam
436 1983 469 2005 et
497 1973 581 2005 alios
606 1975 646 2005 de
675 1984 736 2005 suo
758 1975 878 2005 iudicio
903 1975 1078 2005 admonere

103 2017 217 2050 voluit.
262 2018 351 2048 Satis
373 2024 479 2048 autem
493 2015 635 2058 'intelligi
657 2023 780 2057 potest,
802 2017 863 2048 has
885 2027 1009 2058 poenas
1032 2018 1079 2047 ni-

103 2060 147 2091 hil
171 2061 368 2102 pertinuisse
391 2061 433 2090 ad
454 2065 651 2099 potestatem
675 2058 823 2091 clavium.

189 2102 326 2137 Quart0.
370 2102 441 2133 Nec
465 2108 541 2132 sunt
561 2101 625 2132 hae
646 2112 774 2142 poenae
793 2103 1079 2143 compensationes

104 2145 291 2185 Purgatorii
324 2150 381 2175 aut
413 2154 473 2184 pro
496 2150 602 2174 morte
624 2150 770 2175 aeterna.
815 2145 881 2175 11110
904 2144 1078 2175 multorum

105 2186 320 2223 calamitates,
354 2193 389 2217 ut
411 2186 542 2217 loannis
576 2186 755 2227 Baptistae,
790 2187 956 2224 leremiae,
982 2187 1079 2218 lesai—

104 2240 154 2267 ae,
165 2231 208 2263 ⁹²)
232 2228 332 2270 longe
355 2228 438 2259 alias
462 2238 599 2259 caussas
622 2229 756 2267 habent,
780 2239 842 2261 nec
866 2236 940 2260 sunt
952 2239 1079 2270 poenae

104 2278 239 2313 propter
262 2272 407 2312 ipsorum
431 2270 552 2301 delicta
575 2270 684 2312 aliqua
694 2273 870 2313 irrogatae,
889 2273 973 2302 sicut
987 2272 1078 2303 Deus

104 2316 177 2354 ipse
201 2314 256 2344 lob
280 2320 427 2344 excusat.

191 2356 342 2387 Caussae
364 2357 463 2397 igitur
486 2354 579 2393 aliae,
604 2366 662 2385 cur
678 2355 831 2387 Ecclesia
854 2357 1005 2387 subiecta
1028 2363 1078 2387 est

106 2400 206 2435 cruci,
243 2398 496 2439 cognoscendae
530 2404 627 2435 sunt,
662 2408 744 2440 quas
779 2400 907 2440 quidem
943 2400 1079 2439 prodest

104 2483 150 2513 91)
171 2489 228 2508 eum
247 2483 380 2509 omittunt
398 2484 469 2508 Editt.
491 2485 512 2507 1.
532 2483 556 2506 3.
732 2509 734 2513 ,

105 2534 149 2561 92)
170 2535 274 2559 1653136.
293 2535 426 2559 omittunt
446 2535 516 2559 Edita.
539 2535 578 2557 22.
599 2535 636 2558 24.
658 2535 698 2558 28.
719 2535 757 2559 29.
776 2536 894 2561 31—33..
914 2538 976 2567 opp.
999 2538 1018 2561 l.
1038 2538 1060 2562 2.

593 109 612 139 1,
639 108 736 139 LOCl
761 105 1035 138 THEOLOGICI:
1058 106 1100 137 D.
1124 105 1282 136 TERTIA
1305 104 1459 136 EORUM
1484 104 1639 135 AETAS.

2047 108 2110 139 906

1130 208 1232 239 saepe
1267 198 1415 240 cogitari.
1462 197 1609 229 Possunt
1642 204 1751 229 autem
1775 197 1839 228 hoc
1863 199 1978 230 ordine
1999 210 2109 231 nume-

1130 251 1206 272 rari.

1216 299 1327 330 Prima
1350 305 1417 330 est:
1451 299 1628 330 Peccatum
1654 309 1824 330 commune
1843 301 1972 341 generis
1995 300 2108 331 huma-

1130 342 1173 379 ni,
1196 349 1333 383 propter
1356 343 1444 383 quod
1467 352 1582 372 omnes
1605 341 1755 373 homines
1778 341 2010 373 universaliter
2032 344 2108 374 sub-

1130 385 1205 415 iecti
1226 391 1301 415 sunt
1325 385 1430 414 morti.

1215 443 1253 473 11.
1300 443 1382 474 Cum
1405 444 1545 474 mundus
1570 454 1634 474 non
1665 450 1825 484 agnoscat
1849 443 1936 475 illum
1960 446 2107 476 morbum

1131 491 1161 515 et
1186 492 1406 525 contemptum
1429 485 1492 517 Dei
1516 492 1546 516 et
1581 487 1662 516 iram
1685 486 1746 516 Dei
1770 487 1930 517 adversus
1953 487 2017 518 hoc
2040 497 2107 517 ma-

1129 526 1207 565 lum,
1243 527 1337 558 Deus
1373 529 1477 569 magis
1508 529 1623 568 premit
1647 527 1847 566 Ecclesiam,
1882 536 1917 560 ut
1945 536 2106 571 agnoscat

1129 569 1212 600 haec
1234 569 1321 600 mala
1345 576 1376 600 et
1400 580 1556 601 vocemur
1579 571 1620 601 ad
1644 572 1884 611 poenitentiam.

1216 628 1267 659 111.

1129 670 1273 701 clesiam.

1214 729 1281 760 1111.
1328 729 1409 761 Vult
1432 729 1525 761 Deus
1556 741 1708 761 crescere
1732 732 1762 761 in
1787 732 1883 762 nobis
1907 732 2105 773 agnitionem

1127 772 1320 803 infirmitatis
1345 780 1480 803 nostrae
1504 779 1533 803 et
1559 773 1724 813 deponere
1748 784 1808 804 nos
1833 773 1983 805 fiduciam
2001 776 2105 804 nostri

1129 820 1160 845 et
1194 816 1331 845 accendi
1364 816 1606 846 invocationem
1629 815 1703 853 Dei,
1735 817 1810 847 ideo
1844 827 1894 847 ma
1922 817 1949 847 is
1974 823 2104 847 exercet

1127 863 1274 894 5300105,
1298 864 1332 888 111
1345 857 1468 888 Ρ3111115
1493 858 1593 899 inquit
1620 858 1661 896 [2.
1677 857 1752 889 Cor.
1768 858 1870 898 1,9.]:
1925 869 2104 900 esponsum

1126 900 1240 930 mortis
1263 900 1294 930 in
1320 901 1414 930 nobis
1438 900 1629 940 habuimus,
1661 911 1701 931 ne
1725 911 1874 931 essemus
1899 901 2103 932 confidentes

1125 948 1261 973 nostrae
1286 943 1408 973 w'rtuti.
1434 943 1493 973 sed
1513 942 1742 973 infocaremus
1767 943 1884 974 Deum.

1315 629 1395 664 Quia
1420 628 1583 659 Diabolus
1606 630 1770 660 rabiosius
1787 632 1833 670 ⁴³3)
1858 632 1963 661 saevit
1984 631 2017 661 in
2042 630 2102 661 Ec-

1211 1001 1252 1032 V.
1298 1001 1340 1032 Ut
1365 1000 1563 1033 afflictiones
1586 1003 1651 1032 sint
1674 1003 1858 1034 testimonia
1881 1002 2102 1034 immortalita-

1125 1044 1166 1074 tis
1192 1052 1224 1075 et
1248 1043 1377 1074 suturae
1401 1043 1538 1085 gloriae.
1585 1044 1667 1079 Quia
1687 1046 1772 1076 enim
1795 1045 1848 1076 hic
1870 1055 1936 1075 non
1961 1052 2013 1076 est
2037 1046 2100 1076 dis-

1125 1087 1246 1116 crimen
1275 1087 1358 1117 inter
1380 1087 1545 1117 Neronem
1579 1093 1611 1117 et
1634 1086 1789 1124 Paulum,
1821 1095 1940 1128 postea
1963 1086 2103 1118 futurum

1126 1138 1204 1159 esse
1230 1139 1368 1159 necesse
1393 1136 1454 1159 est.

1212 1187 1268 1218 Vl.
1313 1186 1357 1217 Ut
1390 1186 1585 1218 afflictiones
1621 1188 1685 1218 sint
1711 1188 1897 1219 testimonia
1920 1189 2100 1220 doctrinae.

1126 1229 1208 1264 Quia
1233 1230 1317 1259 enim
1336 1230 1442 1259 sancti
1467 1228 1652 1260 anteferunt
1682 1228 1926 1261 confessionem
1951 1241 2033 1262 suae
2057 1232 2102 1262 vi-

1125 1277 1189 1309 tae,
1214 1279 1349 1312 apparet
1374 1282 1432 1302 eos
1457 1273 1543 1302 serio
1568 1273 1616 1302 sic
1640 1273 1772 1302 sentire.

1211 1330 1281 1361 Vll.
1326 1330 1369 1361 Ut
1401 1329 1581 1361 efficiamur
1615 1330 1739 1362 similes
1762 1332 1911 1373 imaginis
1935 1332 2008 1363 Filii
2030 1333 2101 1364 Dei.

1125 1373 1181 1404 Sic
1204 1371 1301 1410 Abel,
1324 1373 1429 1410 Isaac,
1449 1373 1613 1413 Baptista,
1637 1373 1801 1411 Ieremias,
1826 1375 1949 1406 lesaias
1972 1374 2102 1406 fuerunt

1124 1417 1191 1457 typi
1216 1414 1349 1446 Christi.

1210 1474 1295 1504 VIll.
1342 1474 1451 1514 Saepe
1469 1474 1667 1506 afflictiones
1688 1483 1762 1506 sunt
1784 1485 1912 1516 poenae
1935 1483 2101 1508 certorum

1124 1516 1328 1553 delictorum,
1349 1523 1382 1547 ut
1405 1517 1555 1554 Davidia,
1580 1517 1758 1548 Manassae
1780 1518 1890 1556 exilia,
1914 1519 2016 1561 Regis
2039 1520 2101 1550 Ba-

1125 1558 1269 1601 bylonici
1292 1560 1441 1590 morbus.

1209 1617 1264 1648 IX.
1309 1617 1355 1649 Ut
1398 1624 1554 1659 appareat
1590 1626 1726 1650 sanctos
1757 1621 1973 1651 obedientiam
2007 1630 2100 1661 prae—

1121 1664 1213 1734 lls)tare
1258 1671 1322 1691 non
1358 1671 1440 1691 suae
1474 1660 1651 1702 voluptatis
1687 1668 1826 1702 caussa,
1873 1664 1932 1694 sed
1965 1668 2101 1704 propter

1156 1714 1239 1734 euna

1207 1761 1248 1793 X.
1294 1762 1337 1792 Ut
1358 1761 1511 1793 Ecclesia
1544 1764 1628 1794 sciat
1650 1773 1688 1794 se
1712 1774 1777 1794 non
1800 1763 1951 1795 humanis
1974 1765 2100 1804 praesi-

1122 1806 1184 1836 diis
1218 1806 1286 1842 niti,
1320 1806 1380 1835 sed
1404 1805 1527 1836 habere
1551 1806 1722 1837 custodem
1744 1806 1861 1837 Deum.
1907 1807 1984 1837 Ideo
2008 1817 2099 1838 exer-

1123 1854 1213 1878 cetur
1225 1847 1395 1878 Abraham
1418 1847 1571 1887 periculis
1595 1850 1905 1890 peregrinationum,
1928 1850 1961 1880 in
1981 1851 2099 1890 quibus

1123 1889 1309 1920 circumfert
1333 1891 1525 1921 doctrinam.
1571 1891 1627 1922 Sic
1648 1890 1790 1932 populus
1813 1892 1971 1923 retinetur
1992 1893 2025 1922 in
2045 1893 2098 1923 de-

1121 1938 1212 1963 serto
1232 1938 1294 1962 etc.

1208 1975 1299 2005 Haec
1333 1981 1401 2005 tota
1425 1975 1574 2006 doctrina
1597 1976 1638 2006 de
1660 1977 1846 2017 praecipuis
1870 1976 2016 2008 fontibus
2047 1987 2098 2007 ca-

1120 2016 1527 2048 lamitatumhumanarum
1549 2019 1662 2059 ignota
1675 2025 1725 2049 est
1747 2018 1994 2059 Philosophiae,
2015 2029 2098 2060 quae

1121 2066 1210 2100 putat
1231 2061 1344 2090 mortis
1366 2059 1528 2091 humanae
1553 2071 1706 2091 caussam
1730 2071 1806 2092 esse
1828 2062 1983 2092 materiae
2005 2061 2098 2093 fluxi-

1122 2101 1289 2139 bilitatem‚
1323 2103 1407 2134 sicut
1432 2101 1582 2133 beluinae
1604 2104 1731 2141 mortis,
1766 2110 1797 2134 et
1821 2103 1978 2135 cumulari
2000 2105 2097 2135 mise-

1122 2146 1188 2175 rias
1212 2151 1267 2175 aut
1291 2155 1371 2175 casu
1393 2152 1450 2176 aut
1459 2147 1502 2179 94)
1527 2144 1667 2176 humana
1690 2147 1915 2186 imprudentia.
1957 2146 2023 2177 Sed
2034 2146 2097 2177 Ec-

1122 2187 1223 2218 clesia
1247 2193 1405 2218 monstrat
1429 2186 1509 2218 alias
1533 2189 1679 2228 potiores
1704 2199 1852 2219 caussas.
1900 2188 2098 2220 Omittantur

1122 2240 1201 2260 ervo
1235 2229 1370 2261 fabulae
1404 2231 1444 2261 de
1479 2231 1746 2270 compensatione
1779 2231 1977 2268 Puro-atorii,
2012 2242 2096 2273 quae

1122 2283 1142 2303 n
1191 2283 1210 2303 a
1244 2271 1366 2303 habent
1396 2273 1582 2303 testimonia
1604 2274 1637 2303 in
1660 2274 1822 2314 scriptura
1844 2256 2042 2314 Prophetica
2065 2280 2096 2305 et

1120 2418 1167 2446 93)
1186 2417 1323 2448 rabiosius]
1344 2418 1380 2442 sic
1398 2417 1470 2442 Editt.
1493 2418 1566 2441 1—3.
1588 2418 1611 2442 6.
1633 2419 1655 2442 7.
1675 2419 1698 2444 9.
1720 2419 1758 2442 12.
1781 2418 1818 2442 16.
1843 2420 1880 2444 17.
1901 2419 2019 2444 28-34..
2033 2419 2093 2449 opp.

1192 2454 1212 2475 l.
1234 2453 1272 2476 2.:
1292 2452 1365 2476 Editt.
1385 2454 1408 2474 4.
1429 2452 1452 2474 ξ).
1473 2452 1496 2474 3.
1519 2453 1557 2476 10.
1581 2454 1618 2476 11.
1643 2454 1747 2478 1ζῖ-15,
1769 2454 1805 2477 18.
1827 2453 1864 2478 19.
1884 2454 1991 2476 21—24.
2012 2453 2094 2477 rabio-

1189 2493 1248 2513 sus:
1266 2486 1338 2511 Editt.
1359 2486 1399 2508 20.
1421 2485 1537 2511 25—27..
1557 2487 1627 2517 Corp.
1649 2488 1720 2511 1-8.
1739 2487 1838 2512 rabiose

1097 2555 1100 2559 .
1119 2537 1165 2565 94)
1185 2541 1227 2561 aut
1247 2543 1308 2561 casu
1327 2536 1380 2567 aut]
1404 2536 1475 2561 Editt.
1499 2537 1519 2560 1.
1541 2537 1563 2560 3.
1583 2538 1638 2562 sola
