2358 2933
226 113 285 145 &7

228 206 362 241 ordinis,
385 212 600 243 personarum
613 207 644 232 et
661 202 866 233 miseriarum
878 203 1092 236 humanarum
1105 204 1205 244 expli-

227 247 322 283 cabo,
346 254 379 278 ut
403 245 647 286 quaerentibus,
671 244 758 275 unde
782 250 892 276 tantae
913 246 979 276 sint
991 244 1204 278 confusiones

229 298 260 320 et
278 288 496 323 calamitates,
519 286 751 326 respondeam.

315 331 372 361 Est
402 331 518 371 igitur,
548 336 582 360 ut
616 329 698 366 dixi,
730 327 885 369 politicus
921 329 1002 360 ordo
1026 339 1081 360 res
1105 330 1203 368 bona,

229 373 376 414 pulchra,
403 378 497 413 grata
521 371 662 402 humano
687 372 810 411 generi,
834 370 1004 411 singulare
1025 371 1089 403 Dei
1109 382 1205 412 opus,

229 416 315 457 quod
344 414 497 446 videlicet
531 413 680 444 homines
706 414 871 445 coniimcti
896 413 1025 454 legibus
1048 415 1079 444 in
1099 415 1205 445 socie·

229 466 295 490 tate
329 456 414 488 civili
438 457 567 492 vivunt,
602 456 688 496 quod
711 455 884 487 multitudo
910 457 1034 497 regitur
1056 466 1076 487 a
1101 456 1205 498 Magi-

229 501 403 538 stratibus,
437 499 491 540 qui
525 506 599 529 sunt
626 499 781 529 custodes
806 496 1015 538 discipliuae,
1050 505 1204 529 exercent

230 543 365 579 iudicia,
401 548 516 572 curant
546 542 587 572 dc
608 540 681 571 Deo
706 548 795 571 recte
818 541 928 571 doceri
953 542 1061 576 cives,
1094 541 1204 581 prohi—

231 587 305 616 bent
328 584 509 624 Epicureos
533 582 664 614 furores
688 590 720 614 et
743 581 841 620 idola,
863 584 1018 623 periuria,
1041 581 1204 620 libidineS,

229 628 362 658 iniurias
398 636 590 667 corporum,
620 626 759 667 denique
787 626 840 666 qui
876 631 1006 661 curant,
1030 632 1065 656 ut
1088 626 1204 656 civitas

229 672 272 701 sit
294 669 537 700 modestissima
563 666 696 705 schola,
731 669 763 698 in
786 678 850 708 qua
873 666 983 698 luceat
1005 667 1068 700 Dei
1092 668 1204 699 notitia

230 718 262 743 et
295 718 512 743 exerceantur
545 711 674 741 virtutis
698 709 826 746 officia,
851 711 1032 741 communis
1055 708 1202 743 defensio

231 762 262 786 et
279 753 417 786 aliorum
437 752 668 785 beneficiorum
692 753 955 784 communicatio.

316 797 360 828 Se
384 797 475 827 dices
498 806 549 826 me
573 796 675 826 ideam
699 794 900 825 Platonicam
923 795 1069 835 pingere.
1109 794 1204 829 Quae

232 841 316 870 enim
338 837 396 869 fuit
419 845 473 869 aut
497 844 547 868 est
571 836 644 868 talis
669 838 797 874 civitas,
821 838 852 866 in
876 847 940 877 qua
959 836 1037 866 nihil
1057 838 1100 867 sit
1112 838 1203 867 vitio-

232 881 324 912 rum?
365 880 488 911 Verum
505 879 588 910 haec
611 890 651 911 eo
674 880 788 916 recito,
812 885 847 909 ut
870 880 1095 909 discernamus
1119 880 1204 909 ordi-

232 934 304 955 nem
326 922 492 963 politicum
518 933 537 952 a
559 923 657 953 vitiis.
702 921 742 952 Et
766 931 951 962 quanquam
974 920 1065 952 nulla
1087 928 1137 952 est
1161 922 1203 951 ci-

233 968 315 996 vitas
349 967 420 996 sine
448 965 550 1001 vitiis,
583 970 690 994 tamen
720 963 784 994 alia
818 965 1011 1004 gubernatio
1035 963 1204 994 honestior

233 1016 300 1046 est,
334 1007 397 1038 alia
420 1008 659 1047 perturbatior,
689 1005 751 1036 alia
781 1004 854 1046 plus
880 1007 955 1037 boni
979 1006 1098 1036 retinet
1116 1007 1203 1037 iuxta

232 1050 319 1082 illam
350 1051 468 1085 ideam,
497 1048 561 1079 alia
584 1050 699 1079 minus.
744 1048 904 1088 Tempore
927 1048 1065 1078 Davidis
1090 1055 1123 1079 et
1145 1048 1203 1078 Sa-

232 1093 372 1124 lomonis
403 1092 506 1133 magis
535 1090 643 1122 floruit
668 1089 868 1131 ierosolyma
892 1097 923 1121 et
946 1091 1027 1121 ordo
1050 1090 1202 1131 politicus

233 1136 389 1176 integrior
422 1140 509 1170 erat,
540 1144 637 1174 quam
668 1133 807 1163 Herodis
831 1139 993 1173 tempore,
1028 1138 1060 1163 et
1084 1139 1202 1169 tamen,

233 1185 388 1219 quantum
411 1177 487 1206 boni
510 1176 669 1216 reliquum
691 1174 751 1206 fuit
774 1175 913 1206 Herodis
942 1182 1107 1215 tempore,
1141 1174 1203 1205 Dei

233 1230 316 1261 opus
351 1225 431 1250 erat.
476 1218 549 1249 Deo
577 1219 709 1248 iuvante
732 1218 926 1248 servabatur
948 1217 1126 1257 hospitium
1145 1216 1204 1246 Za—

233 1263 382 1299 chariae,
409 1261 568 1298 simeoni,
591 1259 815 1291 Elisabeth-et
834 1258 907 1290 aliis
931 1260 1002 1299 piis.
1047 1259 1135 1290 Inter
1157 1264 1204 1289 tot

234 1305 417 1340 latrocinia,
442 1302 546 1339 bella,
571 1301 700 1333 furores
723 1300 856 1332 Diaboli
876 1309 908 1332 et.
931 1301 1072 1332 Herodis
1096 1308 1204 1332 tamen

235 1347 326 1378 Deus·
358 1347 435 1377 texit
457 1345 610 1382 Mariam,
640 1343 810 1376 Elisabeth
840 1351 870 1375 et
892 1343 976 1375 alios
1000 1350 1136 1374 sanctos
1159 1344 1205 1373 in-

235 1387 463 1421 numerabiles.

320 1432 414 1462 Nunc
441 1430 539 1471 igitur
562 1429 602 1459 de
625 1430 776 1468 personis
800 1429 916 1459 dicam.
959 1428 1030 1458 Etsi
1055 1437 1126 1464 reS,
1161 1428 1207 1458 vi-

235 1474 353 1506 delicet
377 1474 457 1504 ordo
481 1470 643 1512 politicuS,
667 1477 716 1501 est
739 1481 759 1501 a
776 1470 862 1508 Deo,
884 1477 918 1501 ut
937 1469 1140 1511 Coniugium,
1159 1475 1206 1499 ta-

235 1527 309 1548 men
343 1526 442 1556 saepe
475 1524 636 1554 personae
665 1524 731 1544 non
755 1520 831 1544 sunt
853 1514 1015 1543 excitatae
1037 1523 1057 1542 a
1079 1512 1151 1542 Deo
1175 1517 1205 1542 et

236 1560 340 1600 magis
357 1559 488 1589 turbant
513 1557 659 1586 ordinem
689 1556 846 1592 divinum,
880 1565 975 1596 quam
998 1560 1130 1585 tuentur
1152 1559 1207 1584 aut

237 1609 371 1638 ornant,
394 1607 427 1632 ut
453 1597 617 1639 Caligula,
640 1599 729 1629 Nero
749 1604 781 1628 et
803 1596 889 1628 aliae
911 1603 1024 1637 pestes
1048 1596 1206 1638 plurimae

236 1650 428 1685 grassantes
463 1643 494 1672 in
529 1642 680 1681 imperio,
720 1640 808 1681 quod
838 1640 989 1670 divinitus
1025 1640 1206 1669 ordinatum

235 1694 315 1723 erat,
350 1685 437 1716 velut
459 1686 490 1714 in
509 1683 604 1714 horto
628 1684 708 1723 apri.
754 1682 938 1713 Veneratur
961 1681 1084 1712 Paulus
1107 1682 1205 1721 impe-

236 1730 272 1759 rii
297 1728 433 1759 Romani
456 1726 549 1767 leges
567 1736 607 1756 ac
631 1726 790 1762 ordinem,
814 1725 874 1755 sed
896 1724 1061 1755 Neronem
1084 1724 1153 1754 odit
1175 1729 1205 1753 et

236 1778 407 1802 execratur
436 1776 588 1810 tanquam
611 1767 743 1798 Diaboli
777 1777 934 1807 organum
968 1766 1119 1797 lacerans
1149 1766 1206 1796 bo-

235 1824 310 1844 num
339 1813 493 1843 ordinem.
539 1810 688 1841 Necesse
711 1816 761 1840 cst
785 1810 869 1840 enim
899 1809 1043 1839 discerni
1064 1808 1206 1849 imperiis

235 1855 397 1886 salutares
418 1854 586 1893 Principes
605 1863 624 1883 a
646 1851 751 1883 malis.
797 1851 926 1888 David,
956 1850 1130 1887 Salomon,
1159 1850 1206 1880 10-

235 1897 369 1938 saphat,
395 1896 572 1931 Ezechias,
598 1895 720 1931 losias,
739 1893 1119 1933 Nabuchodonos01·2⁷),
1143 1891 1206 1933 Cy-

236 1950 303 1977 rus,
327 1938 574 1974 Constantinus,
593 1937 812 1973 Theodosius,
836 1934 976 1966 Carolus
999 1934 1131 1966 fuerunt
1152 1945 1206 1965 sa—

237 1982 360 2013 lutares
394 1981 583 2020 Principes,
618 1980 770 2010 divinitus
805 1978 937 2009 excitati
966 1984 999 2008 et
1020 1978 1138 2015 adiuti,
1172 1981 1206 2006 ut

237 2032 268 2056 et
277 2026 321 2058 ²⁵)
346 2024 553 2054 restituerent
572 2022 706 2061 imperia
730 2027 761 2051 et
778 2019 962 2050 Ecclesiam
985 2020 1206 2060 utcunqueiu—

237 2073 359 2098 varent.
405 2067 487 2097 Sunt
522 2071 555 2095 et
588 2063 622 2094 hi
645 2064 795 2094 divinitus
816 2063 947 2093 excitati
969 2068 1001 2093 et
1023 2063 1138 2098 adiuti,
1171 2067 1206 2091 ut

237 2109 371 2149 imperia
394 2114 424 2138 et
449 2106 655 2147 disciplinam
678 2112 845 2145 utcunque
858 2105 1076 2142 restituerent,
1097 2104 1207 2134 etiam-

239 2152 265 2182 si
285 2149 469 2181 Ecclesiam
487 2149 550 2180 Dei
574 2159 638 2179 non
663 2154 790 2185 norant,
812 2145 1071 2184 Themistocles,
1090 2146 1207 2177 Aristi-

239 2194 308 2229 des,
327 2192 515 2223 Alexander
534 2191 684 2228 Macedo,
707 2190 847 2226 Fabius,
867 2187 1057 2226 Marcellus,
1081 2188 1205 2229 Scipio,

240 2234 359 2266 Paulus
390 2234 557 2271 Aemilius,
581 2234 762 2274 Augustus.
819 2232 1003 2262 (ies-serunt
1034 2232 1119 2262 enim
1153 2240 1205 2260 res

238 2277 400 2309 salutares
435 2277 547 2317 generi
581 2275 721 2306 humano
752 2281 783 2304 et
805 2272 934 2314 politius
958 2274 1206 2309 constituerunt,

239 2330 322 2360 quae
351 2318 545 2359 aliquamdiu
579 2317 769 2348 floruerunt.
815 2314 940 2346 Profuit
974 2316 1072 2356 igitur
1095 2325 1206 2346 eorum

239 2457 284 2485 27)
304 2454 543 2484 Nabuchodonosor}
579 2454 620 2478 Ed.
643 2456 662 2476 1.
684 2453 896 2483 Nabogdonoson
935 2452 975 2477 Ed.
997 2452 1019 2474 3.
1041 2451 1208 2480 &abugdouo-

306 2495 349 2514 sor

239 2541 284 2569 28)
305 2544 329 2564 et
347 2540 478 2564 omittunt
499 2539 569 2563 Editt.
590 2538 628 2562 22.
650 2539 688 2563 24,
709 2538 747 2561 28.
767 2538 808 2560 29.
828 2537 944 2563 31—33.,
964 2537 1022 2566 opp.
1049 2538 1066 2558 1.
1089 2536 1110 2558 2.

860 109 973 144 PHU..
991 110 1094 142 MEL-
1118 111 1302 144 SCRIPTA
1324 112 1596 146 DOGMA‘ncA.

2158 116 2222 148 988

1248 204 1345 236 labor
1366 206 1411 237 ad
1428 205 1504 242 hoe,
1527 211 1563 237 ut
1580 207 1737 238 manserit
1757 208 1953 248 posteritas,
1989 217 2030 238 ex
2052 218 2116 248 qua
2150 208 2218 240 col-

1248 245 1333 280 lecta
1355 254 1407 278 est
1428 246 1592 280 Ecclesia.

1334 288 1479 321 Excitari
1501 295 1612 322 autem
1634 292 1718 327 et29)
1747 291 1851 323 iuvari
1874 290 2036 322 salutares
2060 292 2221 333 guberna-

1249 336 1339 362 tores
1358 341 1473 363 omnes
1496 342 1516 362 a
1538 331 1624 369 Deo,
1658 342 1758 372 saepe
1781 338 1942 365 testantur
1965 333 2052 364 dicta
2074 333 2220 374 Prophe-

1249 373 1323 403 tica.
1367 373 1456 405 Psal.
1483 373 1553 404 126.
1584 376 1647 411 [vs.
1670 375 1710 412 1.]
1755 374 1825 406 Nisi
1849 375 2008 406 Dominus
2031 377 2221 407 custodierit

1250 415 1412 447 civitatem
1431 422 1498 448 etc.
1543 416 1584 446 Et
1606 415 1697 448 Psal.
1723 416 1794 448 143.
1819 419 1882 455 [vs.
1909 416 1972 455 10.]
2014 417 2078 452 Qui
2100 418 2162 448 das
2175 420 2220 453 ³⁰)

1250 456 1389 488 salutem
1413 459 1557 500 regibus.
1592 457 1633 489 Et
1650 458 1810 490 Salomon
1828 460 1929 499 inquit
1949 458 2061 497 [Prov.
2073 459 2126 497 20,
2142 460 2220 497 121:

1250 498 1293 529 Ut
1321 498 1439 531 oculus
1473 501 1592 538 videat,
1626 503 1712 535 mai)
1745 502 1835 533 auris
1868 502 1994 538 audiat,
2028 500 2122 532 Deus
2144 501 2222 532 facit

1249 546 1432 582 utrumque,
1465 543 1497 573 id
1523 549 1585 579 est,
1604 548 1638 573 ut
1660 544 1862 584 gubernator
1881 543 1923 574 sit
1941 545 2089 574 intentus
2111 549 2145 574 et
2166 543 2220 576 ha-

1249 583 1324 614 beat
1346 582 1456 615 felicia
1477 584 1616 616 consilia
1640 591 1671 616 ct
1693 584 1835 625 populus
1847 585 1877 615 ei
1891 584 2221 626 alacriter-..obtempe-

1247 632 1309 662 ret,
1334 624 1396 656 Dei
1418 635 1518 666 opera
1541 632 1626 657 suut.
1660 627 1706 658 Ut
1718 628 1806 668 quod
1819 627 1983 667 Scipionis
1997 625 2222 659 consiliasunt

1249 666 1378 705 felicia,
1421 674 1455 699 et
1488 670 1576 708 quod
1610 671 1774 700 exercitus
1805 668 1890 700 hunc
1924 670 2040 701 ducem
2070 675 2156 701 amat
2177 676 2222 700 et

1246 708 1400 740 alacriter
1423 711 1583 750 sequitur,
1606 710 1668 742 Dei
1691 712 1851 742 beneficia
1868 717 1955 742 sunt.
2001 710 2066 742 Alii
2084 712 2221 742 imitato-

1248 761 1305 782 res
1340 761 1403 783 nec
1437 762 1491 783 res
1526 752 1651 783 similes
1676 759 1793 794 gerunt
1821 764 1883 784 nec
1906 752 2082 794 diliguntur
2101 754 2143 785 ab
2167 762 2220 784 ex-

1248 794 1415 825 ercitibus.
1461 793 1517 825 Sic
1546 800 1577 825 et
1606 794 1776 835 Baptista,
1810 797 1870 826 etsi
1905 796 1945 826 de
1984 796 2221 836 gubernatione

1248 834 1420 866 Ecclesiae
1438 835 1595 877 loquitur,
1619 843 1727 868 tamen
1750 838 1945 868 sententiam
1967 838 2099 868 tradidit
2109 844 2220 869 veram

1249 878 1289 908 de
1307 879 1461 909 universa
1485 879 1730 919 gubernatione.
1775 879 1851 911 Non
1873 885 1984 920 potest
2006 879 2068 910 sibi
2089 886 2221 910 sumere

1248 919 1345 950 homo
1376 921 1566 961 quicquam,
1600 922 1662 951 nisi
1685 922 1727 952 sit
1755 922 1784 952 ei
1803 922 1914 953 datum
1936 931 1955 952 a
1978 920 2074 958 Deo,
2106 921 2141 955 id,
2158 927 2220 958 esti,

1249 960 1340 992 nulla
1359 969 1409 993 est.
1431 964 1626 1003 gubernatio
1649 961 1728 994 felix
1751 969 1784 995 et
1806 962 1972 1000 salutaris,
1994 963 2056 994 nisi
2078 962 2152 995 Deo
2175 964 2220 995 ior

1248 1010 1356 1035 vante.
1402 1004 1446 1035 Ut
1474 1004 1702 1036 Themistoclis
1733 1005 1871 1036 consilia
1904 1004 2036 1036 fuerunt
2064 1003 2222 1037 salutaria

1248 1047 1384 1086 patriae.
1429 1046 1475 1077 At
1496 1046 1634 1078 Periclis
1660 1054 1695 1078 et
1723 1047 1961 1078 Demosthenis
1991 1046 2123 1087 politiae
2144 1053 2220 1081 sunt

1249 1089 1342 1119 nimis
1361 1087 1692 1130 polypi-agnionicae,
1714 1096 1848 1121 movent
1866 1089 1954 1121 bella
1977 1099 2044 1120 non
2067 1097 2220 1120 necessa-

1248 1131 1307 1168 ria,
1330 1141 1415 1171 quae
1437 1131 1567 1162 fuerunt
1579 1133 1677 1163 exitio
1691 1131 1863 1164 Graeciae.

1335 1172 1415 1204 Cum
1440 1183 1518 1206 vero
1541 1184 1596 1204 res
1620 1180 1652 1205 et
1673 1173 1836 1215 personae
1858 1175 2009 1205 iuvantur
2025 1172 2143 1211 aDeo,
2164 1183 2221 1213 po-

1247 1214 1335 1245 litiae
1359 1217 1463 1256 magis
1487 1215 1618 1254 florent,
1640 1222 1676 1247 ut
1694 1227 1768 1248 cum
1785 1216 1896 1247 David
1916 1223 2032 1258 regnat
2054 1216 2088 1246 in
2104 1214 2219 1252 lsrael,

1249 1267 1322 1288 cum
1344 1257 1519 1298 Augustus
1542 1264 1658 1298 regnat
1677 1258 1810 1289 Romae.
1854 1259 1970 1299 Neque
1987 1264 2094 1290 tamen
2113 1257 2220 1289 cuius-

1249 1309 1346 1340 quam
1370 1301 1565 1341 gubernatio
1588 1306 1654 1331 tam
1677 1299 1824 1340 placida,
1857 1306 1922 1331 tam
1945 1299 2021 1330 felix
2045 1305 2111 1337 est,
2144 1299 2219 1339 quin

1249 1340 1370 1372 multae
1405 1341 1605 1373 calamitates
1635 1343 1834 1373 misceantur
1852 1348 1884 1373 et
1905 1341 2006 1373 multa
2029 1342 2107 1372 vitia
2125 1350 2221 1373 acee-

1250 1384 1338 1414 dant.
1404 1384 1488 1414 Nam
1527 1390 1560 1414 et
1603 1383 1766 1414 Diabolus
1812 1385 1902 1415 varie
1947 1384 2080 1414 turbare
2123 1392 2222 1414 cona-

1250 1432 1302 1455 tur
1320 1424 1462 1464 politias,
1481 1432 1512 1456 et
1534 1436 1653 1467 magna
1666 1432 1717 1456 est
1732 1425 1897 1456 hominum
1914 1425 2093 1456 infirmitas.
2123 1424 2220 1456 Prae·

1251 1473 1343 1498 terea
1361 1473 1393 1498 et
1415 1467 1507 1498 Deus
1531 1467 1600 1499 vult
1622 1478 1682 1508 per
1700 1467 1814 1498 Duces
1835 1478 1856 1498 a
1874 1478 1911 1499 se
1934 1467 2094 1498 excitatos
2115 1467 2222 1507 puniri

1250 1509 1425 1550 Tyn-annos
1449 1515 1481 1540 et
1503 1511 1621 1541 mutari
1644 1511 1791 1550 imperia,
1810 1511 1841 1540 id
1863 1520 1931 1540 non
1953 1508 1989 1540 fit
2011 1509 2221 1549 sinemagnis

1251 1551 1410 1583 cladibus.
1467 1551 1690 1583 Felicissimus
1724 1562 1764 1587 ac
1798 1553 1987 1583 mitissimus
2017 1561 2130 1593 regum
2162 1549 2222 1582 fuit

1251 1593 1371 1635 Cyrus,
1395 1601 1426 1625 et
1449 1600 1556 1625 tamen
1578 1595 1675 1625 huius
1697 1595 1796 1625 armis
1820 1594 2052 1626 florentissima
2073 1603 2151 1635 pars
2170 1603 2221 1625 or-

1250 1638 1300 1667 bis
1323 1642 1494 1673 terrarum,
1513 1636 1665 1668 videlicet
1682 1637 1782 1674 Ionia,
1805 1635 2005 1668 horribiliter
2016 1641 2146 1668 vastata
2158 1641 2220 1672 est,

1250 1677 1352 1709 voluit
1374 1680 1458 1710 enim
1477 1679 1570 1710 Deus
1593 1680 1700 1720 puniri
1717 1678 1878 1710 libidines.
1911 1679 1953 1710 Et
1975 1679 2104 1719 quoties
2125 1678 2221 1709 hero-

1250 1724 1287 1752 es
1310 1722 1440 1752 excitati
1463 1728 1551 1759 sunt,
1573 1727 1706 1753 secutae
1730 1728 1806 1752 sunt
1830 1731 2022 1762 magnarum
2043 1721 2170 1752 urbium
2188 1726 2222 1751 et

1250 1774 1444 1805 magnorum
1477 1774 1655 1805 regnorum
1688 1764 1892 1802 eversiones,
1926 1770 1961 1794 ut
1995 1761 2114 1804 Cyrus,
2142 1761 2220 1794 Ale-

1249 1806 1384 1844 xander,
1402 1805 1552 1844 Romani,
1565 1806 1680 1844 Gothi,
1699 1806 1814 1843 Turci,
1839 1812 1917 1847 quot
1939 1806 2040 1837 urbes
2063 1811 2095 1835 et
2116 1815 2221 1846 regna

1249 1853 1436 1879 everterunt
1445 1848 1452 1878 Σ

1333 1889 1410 1921 Dixi
1444 1891 1541 1931 igitur
1573 1891 1668 1922 tertio
1692 1890 1786 1928 loco,
1820 1891 2056 1921 discernendas
2079 1899 2156 1921 esse
2177 1891 2219 1921 ab

1249 1934 1363 1964 ordine
1397 1931 1530 1972 politico
1558 1933 1708 1964 miserias
1730 1932 1900 1963 humanas.
1945 1932 2084 1963 Davidis
2107 1931 2220 1972 politia

1248 1976 1354 2006 minus
1379 1981 1429 2005 est
1457 1974 1651 2015 tranquilla,
1684 1976 1759 2015 quia
1781 1985 1801 2005 a
1822 1973 1964 2005 Diabolo
1988 1984 2089 2015 saepe
2108 1975 2218 2005 turba·

1250 2024 1311 2054 tur,
1336 2023 1368 2047 et
1397 2027 1535 2058 magnae
1558 2024 1634 2048 sunt
1656 2016 1821 2047 hominum
1843 2015 2094 2047 imbecillitates.
2140 2015 2219 2057 Cyri

1249 2060 1441 2101 gubernatio
1465 2066 1516 2090 est
1539 2057 1712 2096 crudelior,
1736 2060 1812 2099 quia
1824 2058 1916 2089 Deus
1940 2057 2088 2089 horribili
2111 2067 2216 2089 exem-

1248 2102 1303 2142 plo
1336 2102 1441 2142 puniri
1473 2100 1576 2132 voluit
1597 2100 1719 2132 Ioniam
1752 2107 1887 2141 propter
1909 2100 2092 2142 flagitiosas
2115 2099 2218 2131 libidi-

1250 2154 1318 2174 nes.
1353 2143 1476 2174 Verum
1499 2142 1583 2174 tales
1606 2153 1732 2183 poenae
1749 2142 1880 2180 fatales,
1904 2144 1964 2174 etsi
1987 2143 2082 2174 nobis
2105 2143 2218 2174 viden-

1249 2187 1356 2226 tur-32)
1381 2186 1474 2216 nimis
1498 2195 1630 2223 saevae,
1655 2191 1765 2216 tamen
1788 2195 1903 2216 revera
1925 2185 1968 2216 ad
1991 2185 2138 2216 ordinem
2159 2195 2217 2225 po·

1248 2228 1370 2259 liticuni
1393 2228 1570 2268 pertinent,
1605 2228 1681 2268 quia
1702 2227 1795 2259 Deus
1819 2229 1924 2258 iustus
1952 2227 2049 2258 iudex
2072 2226 2219 2258 declarat

1249 2331 1294 2359 29)
1315 2331 1350 2362 et]
1369 2332 1405 2355 sic
1423 2330 1496 2355 Editt.
1519 2331 1555 2353 18.
1577 2331 1616 2353 20.
1638 2331 1677 2355 ⁸22.
1696 2330 1831 2358 24—34.‚
1852 2330 1922 2360 Corp.
1945 2330 2022 2357 1-8.,
2054 2330 2114 2359 opp.
2137 2329 2158 2352 1.
2179 2329 2215 2354 2:

1317 2369 1416 2389 ceterae
1436 2364 1511 2388 Editt:
1530 2370 1559 2387 ac

1249 2400 1294 2426 30)
1314 2399 1370 2429 das]
1399 2399 1435 2423 sic
1455 2399 1500 2427 t:
1518 2398 1637 2426 Vulgata)
1666 2397 1738 2422 Editt.
1759 2398 1768 2419 1
1793 2411 1821 2414 -
1844 2398 1880 2421 ιο.
1912 2397 1961 2426 (sic
1979 2397 2055 2421 ctiam
2074 2396 2138 2420 intra
2157 2401 2214 2426 pag.

1317 2432 1406 2462 993.ss
1424 2434 1523 2456 ceterae
1543 2431 1627 2455 fidia:
1646 2431 1690 2455 dat

1249 2466 1295 2495 31)
1314 2468 1340 2490 ut
1358 2466 1489 2490 omittunt
1507 2464 1578 2489 Editt.
1599 2465 1618 2486 1.
1638 2466 1680 2493 3.;
1707 2464 1778 2489 Εᾱίῑι.
1797 2465 1837 2487 20.
1857 2463 1888 2486 25
1904 2477 1934 2480 —
1948 2464 1997 2493 27.,
2026 2463 2098 2494 Com.
2118 2464 2129 2485 1
2143 2463 2214 2491 -8.,

1319 2500 1377 2529 Opti.
1399 2501 1418 2522 1.
1439 2500 1461 2523 ἱ),
1480 2498 1595 2523 habent:
1615 2500 1638 2522 et
1925 2505 1930 2507 ⁴

1250 2534 1295 2560 32)
1314 2534 1385 2557 nobis
1404 2532 1531 2561 videntur]
1552 2533 1622 2562 Corp.
1644 2532 1666 2555 2.
1687 2533 1711 2554 4.
1731 2531 1848 2556 videntur
1865 2532 1937 2555 nobis
