<?xml version="1.0" encoding="UTF-8"?>
<!DOCTYPE html PUBLIC "-//W3C//DTD XHTML 1.0 Transitional//EN"
    "http://www.w3.org/TR/xhtml1/DTD/xhtml1-transitional.dtd">
<html xmlns="http://www.w3.org/1999/xhtml" xml:lang="en" lang="en">
 <head>
  <title>
</title>
<meta http-equiv="Content-Type" content="text/html;charset=utf-8" />
  <meta name='ocr-system' content='tesseract 3.04.00' />
  <meta name='ocr-capabilities' content='ocr_page ocr_carea ocr_par ocr_line ocrx_word'/>
</head>
<body>
  <div class='ocr_page' id='page_1' title='image "./operaquaesupersu21melauoft/operaquaesupersu21melauoft_0357.png"; bbox 0 0 2358 2933; ppageno 0'>
   <div class='ocr_carea' id='block_1_1' title="bbox 64 120 129 153">
    <p class='ocr_par' dir='ltr' id='par_1_1' title="bbox 64 120 129 153">
     <span class='ocr_line' id='line_1_1' title="bbox 64 120 129 153; baseline 0 0"><span class='ocrx_word' id='word_1_1' title='bbox 64 120 129 153; x_wconf 74' lang='lat'><strong>685</strong></span> 
     </span>
    </p>
   </div>
   <div class='ocr_carea' id='block_1_2' title="bbox 61 206 1043 714">
    <p class='ocr_par' dir='ltr' id='par_1_2' title="bbox 61 206 1043 498">
     <span class='ocr_line' id='line_1_2' title="bbox 63 206 1042 250; baseline -0.007 -6"><span class='ocrx_word' id='word_1_2' title='bbox 63 214 141 244; x_wconf 88' lang='lat' dir='ltr'><strong>bant</strong></span> <span class='ocrx_word' id='word_1_3' title='bbox 174 221 240 243; x_wconf 88' lang='lat' dir='ltr'><strong>nou</strong></span> <span class='ocrx_word' id='word_1_4' title='bbox 273 210 371 241; x_wconf 89' lang='lat' dir='ltr'><strong>modo</strong></span> <span class='ocrx_word' id='word_1_5' title='bbox 393 208 536 250; x_wconf 82' lang='lat' dir='ltr'><strong>Legem,</strong></span> <span class='ocrx_word' id='word_1_6' title='bbox 569 214 606 239; x_wconf 89' lang='lat' dir='ltr'><strong>ut</strong></span> <span class='ocrx_word' id='word_1_7' title='bbox 635 213 870 238; x_wconf 82' lang='lat' dir='ltr'><strong>coercerentur</strong></span> <span class='ocrx_word' id='word_1_8' title='bbox 892 206 1042 245; x_wconf 87' lang='lat' dir='ltr'><strong>affectus,</strong></span> 
     </span>
     <span class='ocr_line' id='line_1_3' title="bbox 63 250 1043 292; baseline -0.007 -6"><span class='ocrx_word' id='word_1_9' title='bbox 63 255 122 286; x_wconf 86' lang='lat' dir='ltr'><strong>sed</strong></span> <span class='ocrx_word' id='word_1_10' title='bbox 145 255 240 286; x_wconf 88' lang='lat' dir='ltr'><strong>etiam</strong></span> <span class='ocrx_word' id='word_1_11' title='bbox 262 252 494 292; x_wconf 85' lang='lat' dir='ltr'><strong>proponebant</strong></span> <span class='ocrx_word' id='word_1_12' title='bbox 511 251 706 288; x_wconf 81' lang='lat' dir='ltr'><strong>doctrinam,</strong></span> <span class='ocrx_word' id='word_1_13' title='bbox 728 250 894 291; x_wconf 90' lang='lat' dir='ltr'><strong>quomodo</strong></span> <span class='ocrx_word' id='word_1_14' title='bbox 906 250 1043 279; x_wconf 88' lang='lat' dir='ltr'><strong>intanta</strong></span> 
     </span>
     <span class='ocr_line' id='line_1_4' title="bbox 62 290 1043 335; baseline -0.008 -7"><span class='ocrx_word' id='word_1_15' title='bbox 62 295 283 328; x_wconf 80' lang='lat' dir='ltr'><strong>imbecillitate</strong></span> <span class='ocrx_word' id='word_1_16' title='bbox 295 294 455 335; x_wconf 86' lang='lat' dir='ltr'><strong>praestari</strong></span> <span class='ocrx_word' id='word_1_17' title='bbox 470 293 659 324; x_wconf 83' lang='lat' dir='ltr'><strong>obedientia</strong></span> <span class='ocrx_word' id='word_1_18' title='bbox 666 293 784 332; x_wconf 80' lang='lat' dir='ltr'><strong>possit,</strong></span> <span class='ocrx_word' id='word_1_19' title='bbox 800 292 967 332; x_wconf 86' lang='lat' dir='ltr'><strong>quomodo</strong></span> <span class='ocrx_word' id='word_1_20' title='bbox 974 290 1043 331; x_wconf 87' lang='lat' dir='ltr'><strong>pla-</strong></span> 
     </span>
     <span class='ocr_line' id='line_1_5' title="bbox 62 333 1042 377; baseline -0.008 -6"><span class='ocrx_word' id='word_1_21' title='bbox 62 346 135 371; x_wconf 82' lang='lat' dir='ltr'><strong>ceat</strong></span> <span class='ocrx_word' id='word_1_22' title='bbox 146 339 237 375; x_wconf 83' lang='lat' dir='ltr'><strong>Deo,</strong></span> <span class='ocrx_word' id='word_1_23' title='bbox 251 346 335 377; x_wconf 84' lang='lat' dir='ltr'><strong>quae</strong></span> <span class='ocrx_word' id='word_1_24' title='bbox 350 337 458 366; x_wconf 84' lang='grc'><strong>01111113</strong></span> <span class='ocrx_word' id='word_1_25' title='bbox 470 335 698 376; x_wconf 82' lang='lat' dir='ltr'><strong>significantur</strong></span> <span class='ocrx_word' id='word_1_26' title='bbox 712 335 815 366; x_wconf 89' lang='lat' dir='ltr'><strong>verbo</strong></span> <span class='ocrx_word' id='word_1_27' title='bbox 831 333 1042 364; x_wconf 88' lang='lat' dir='ltr'><strong>Dominandi.</strong></span> 
     </span>
     <span class='ocr_line' id='line_1_6' title="bbox 61 376 1042 416; baseline -0.008 -3"><span class='ocrx_word' id='word_1_28' title='bbox 61 382 136 413; x_wconf 89' lang='lat' dir='ltr'><strong>Non</strong></span> <span class='ocrx_word' id='word_1_29' title='bbox 166 381 251 412; x_wconf 89' lang='lat' dir='ltr'><strong>enim</strong></span> <span class='ocrx_word' id='word_1_30' title='bbox 276 380 348 410; x_wconf 86' lang='lat' dir='ltr'><strong>sine</strong></span> <span class='ocrx_word' id='word_1_31' title='bbox 377 377 499 409; x_wconf 74' lang='lat' dir='ltr'><strong>auxilio</strong></span> <span class='ocrx_word' id='word_1_32' title='bbox 521 378 711 408; x_wconf 71' lang='lat' dir='ltr'><strong>Mediator-is</strong></span> <span class='ocrx_word' id='word_1_33' title='bbox 742 376 901 407; x_wconf 83' lang='lat' dir='ltr'><strong>dominari</strong></span> <span class='ocrx_word' id='word_1_34' title='bbox 924 385 1042 416; x_wconf 88' lang='lat' dir='ltr'><strong>possu-</strong></span> 
     </span>
     <span class='ocr_line' id='line_1_7' title="bbox 61 416 1042 461; baseline -0.007 -6"><span class='ocrx_word' id='word_1_35' title='bbox 61 435 150 461; x_wconf 88' lang='lat' dir='ltr'><strong>mus,</strong></span> <span class='ocrx_word' id='word_1_36' title='bbox 184 423 216 453; x_wconf 90' lang='lat' dir='ltr'><strong>id</strong></span> <span class='ocrx_word' id='word_1_37' title='bbox 239 427 306 459; x_wconf 87' lang='lat' dir='ltr'><strong>est,</strong></span> <span class='ocrx_word' id='word_1_38' title='bbox 329 420 462 452; x_wconf 89' lang='lat' dir='ltr'><strong>liberari</strong></span> <span class='ocrx_word' id='word_1_39' title='bbox 484 430 505 450; x_wconf 88' lang='lat' dir='ltr'><strong>a</strong></span> <span class='ocrx_word' id='word_1_40' title='bbox 526 426 632 457; x_wconf 89' lang='lat' dir='ltr'><strong>reatu,</strong></span> <span class='ocrx_word' id='word_1_41' title='bbox 655 426 687 450; x_wconf 87' lang='lat' dir='ltr'><strong>et</strong></span> <span class='ocrx_word' id='word_1_42' title='bbox 710 420 842 450; x_wconf 84' lang='lat' dir='ltr'><strong>vincere</strong></span> <span class='ocrx_word' id='word_1_43' title='bbox 864 416 1042 454; x_wconf 89' lang='lat' dir='ltr'><strong>Diabolum</strong></span> 
     </span>
     <span class='ocr_line' id='line_1_8' title="bbox 61 463 549 498; baseline -0.012 0"><span class='ocrx_word' id='word_1_44' title='bbox 61 473 93 498; x_wconf 92' lang='lat' dir='ltr'><strong>et</strong></span> <span class='ocrx_word' id='word_1_45' title='bbox 115 463 370 497; x_wconf 81' lang='lat' dir='ltr'><strong>imbecillitatem</strong></span> <span class='ocrx_word' id='word_1_46' title='bbox 392 469 549 493; x_wconf 82' lang='lat' dir='ltr'><strong>nostram.</strong></span> 
     </span>
    </p>

    <p class='ocr_par' dir='ltr' id='par_1_3' title="bbox 61 503 1042 714">
     <span class='ocr_line' id='line_1_9' title="bbox 147 503 1042 543; baseline -0.007 -5"><span class='ocrx_word' id='word_1_47' title='bbox 147 508 225 539; x_wconf 88' lang='lat' dir='ltr'><strong>Ideo</strong></span> <span class='ocrx_word' id='word_1_48' title='bbox 266 507 309 537; x_wconf 90' lang='lat' dir='ltr'><strong>ad</strong></span> <span class='ocrx_word' id='word_1_49' title='bbox 347 505 434 536; x_wconf 88' lang='lat' dir='ltr'><strong>hanc</strong></span> <span class='ocrx_word' id='word_1_50' title='bbox 468 505 637 536; x_wconf 86' lang='lat' dir='ltr'><strong>doctrinae</strong></span> <span class='ocrx_word' id='word_1_51' title='bbox 670 510 796 543; x_wconf 87' lang='lat' dir='ltr'><strong>partem</strong></span> <span class='ocrx_word' id='word_1_52' title='bbox 831 503 1042 543; x_wconf 81' lang='lat' dir='ltr'><strong>adiungenda</strong></span> 
     </span>
     <span class='ocr_line' id='line_1_10' title="bbox 61 546 1040 591; baseline -0.007 -9"><span class='ocrx_word' id='word_1_53' title='bbox 61 557 148 588; x_wconf 84' lang='lat' dir='ltr'><strong>sunt,</strong></span> <span class='ocrx_word' id='word_1_54' title='bbox 171 559 256 591; x_wconf 88' lang='lat' dir='ltr'><strong>quae</strong></span> <span class='ocrx_word' id='word_1_55' title='bbox 279 550 311 580; x_wconf 93' lang='lat' dir='ltr'><strong>in</strong></span> <span class='ocrx_word' id='word_1_56' title='bbox 334 546 519 588; x_wconf 87' lang='lat' dir='ltr'><strong>Evangelio</strong></span> <span class='ocrx_word' id='word_1_57' title='bbox 543 547 584 577; x_wconf 89' lang='lat' dir='ltr'><strong>de</strong></span> <span class='ocrx_word' id='word_1_58' title='bbox 606 546 800 576; x_wconf 84' lang='lat' dir='ltr'><strong>remissione</strong></span> <span class='ocrx_word' id='word_1_59' title='bbox 814 551 1040 586; x_wconf 71' lang='lat' dir='ltr'><strong>peccatorum,</strong></span> 
     </span>
     <span class='ocr_line' id='line_1_11' title="bbox 61 587 1041 630; baseline -0.007 -5"><span class='ocrx_word' id='word_1_60' title='bbox 61 594 101 624; x_wconf 91' lang='lat' dir='ltr'><strong>de</strong></span> <span class='ocrx_word' id='word_1_61' title='bbox 123 593 199 629; x_wconf 75' lang='lat' dir='ltr'><strong>fide,</strong></span> <span class='ocrx_word' id='word_1_62' title='bbox 223 593 263 622; x_wconf 84' lang='lat' dir='ltr'><strong>(le</strong></span> <span class='ocrx_word' id='word_1_63' title='bbox 286 589 405 622; x_wconf 77' lang='lat' dir='ltr'><strong>auxilio</strong></span> <span class='ocrx_word' id='word_1_64' title='bbox 431 590 572 630; x_wconf 81' lang='lat' dir='ltr'><strong>Spiritus</strong></span> <span class='ocrx_word' id='word_1_65' title='bbox 603 588 708 618; x_wconf 82' lang='lat' dir='ltr'><strong>sancti</strong></span> <span class='ocrx_word' id='word_1_66' title='bbox 732 588 902 623; x_wconf 61' lang='lat' dir='ltr'><strong>dicuntum</strong></span> <span class='ocrx_word' id='word_1_67' title='bbox 947 587 1041 618; x_wconf 87' lang='lat' dir='ltr'><strong>Sicut</strong></span> 
     </span>
     <span class='ocr_line' id='line_1_12' title="bbox 61 629 1040 670; baseline -0.008 -3"><span class='ocrx_word' id='word_1_68' title='bbox 61 635 142 666; x_wconf 85' lang='lat' dir='ltr'><strong>alias</strong></span> <span class='ocrx_word' id='word_1_69' title='bbox 171 635 321 666; x_wconf 85' lang='lat' dir='ltr'><strong>doctrina</strong></span> <span class='ocrx_word' id='word_1_70' title='bbox 352 633 393 663; x_wconf 90' lang='lat' dir='ltr'><strong>de</strong></span> <span class='ocrx_word' id='word_1_71' title='bbox 421 642 508 662; x_wconf 87' lang='lat' dir='ltr'><strong>nova</strong></span> <span class='ocrx_word' id='word_1_72' title='bbox 539 631 726 661; x_wconf 85' lang='lat' dir='ltr'><strong>obedientia</strong></span> <span class='ocrx_word' id='word_1_73' title='bbox 747 631 915 670; x_wconf 85' lang='lat' dir='ltr'><strong>copiosius</strong></span> <span class='ocrx_word' id='word_1_74' title='bbox 939 629 1040 669; x_wconf 84' lang='lat' dir='ltr'><strong>expli-</strong></span> 
     </span>
     <span class='ocr_line' id='line_1_13' title="bbox 61 672 1039 714; baseline -0.007 -5"><span class='ocrx_word' id='word_1_75' title='bbox 61 684 171 714; x_wconf 86' lang='lat' dir='ltr'><strong>catur,</strong></span> <span class='ocrx_word' id='word_1_76' title='bbox 200 677 287 708; x_wconf 89' lang='lat' dir='ltr'><strong>unde</strong></span> <span class='ocrx_word' id='word_1_77' title='bbox 310 685 385 706; x_wconf 89' lang='lat' dir='ltr'><strong>cum</strong></span> <span class='ocrx_word' id='word_1_78' title='bbox 407 684 533 705; x_wconf 88' lang='lat' dir='ltr'><strong>sununa</strong></span> <span class='ocrx_word' id='word_1_79' title='bbox 557 675 604 704; x_wconf 91' lang='lat' dir='ltr'><strong>rei</strong></span> <span class='ocrx_word' id='word_1_80' title='bbox 626 673 668 703; x_wconf 92' lang='lat' dir='ltr'><strong>ad</strong></span> <span class='ocrx_word' id='word_1_81' title='bbox 690 672 775 703; x_wconf 88' lang='lat' dir='ltr'><strong>haec</strong></span> <span class='ocrx_word' id='word_1_82' title='bbox 798 672 873 703; x_wconf 89' lang='lat' dir='ltr'><strong>loca</strong></span> <span class='ocrx_word' id='word_1_83' title='bbox 896 672 1039 703; x_wconf 78' lang='lat' dir='ltr'><strong>Genesis</strong></span> 
     </span>
    </p>
   </div>
   <div class='ocr_carea' id='block_1_3' title="bbox 61 714 1063 755">
    <p class='ocr_par' dir='ltr' id='par_1_4' title="bbox 61 714 1063 755">
     <span class='ocr_line' id='line_1_14' title="bbox 61 714 1063 755; baseline -0.006 -5"><span class='ocrx_word' id='word_1_84' title='bbox 61 717 248 755; x_wconf 83' lang='lat' dir='ltr'><strong>confertur,</strong></span> <span class='ocrx_word' id='word_1_85' title='bbox 283 717 362 748; x_wconf 91' lang='lat' dir='ltr'><strong>fiunt</strong></span> <span class='ocrx_word' id='word_1_86' title='bbox 398 724 430 747; x_wconf 92' lang='lat' dir='ltr'><strong>et</strong></span> <span class='ocrx_word' id='word_1_87' title='bbox 463 715 548 746; x_wconf 87' lang='lat' dir='ltr'><strong>haec</strong></span> <span class='ocrx_word' id='word_1_88' title='bbox 583 716 696 746; x_wconf 87' lang='lat' dir='ltr'><strong>brevia</strong></span> <span class='ocrx_word' id='word_1_89' title='bbox 729 716 816 746; x_wconf 88' lang='lat' dir='ltr'><strong>dicta</strong></span> <span class='ocrx_word' id='word_1_90' title='bbox 849 714 1063 755; x_wconf 52' lang='lat' dir='ltr'><strong>illustriora„</strong></span> 
     </span>
    </p>
   </div>
   <div class='ocr_carea' id='block_1_4' title="bbox 57 758 1040 1350">
    <p class='ocr_par' dir='ltr' id='par_1_5' title="bbox 57 758 1040 1350">
     <span class='ocr_line' id='line_1_15' title="bbox 60 758 1040 799; baseline -0.006 -6"><span class='ocrx_word' id='word_1_91' title='bbox 60 762 151 793; x_wconf 81' lang='lat' dir='ltr'><strong>Haec</strong></span> <span class='ocrx_word' id='word_1_92' title='bbox 174 761 215 792; x_wconf 88' lang='lat' dir='ltr'><strong>de</strong></span> <span class='ocrx_word' id='word_1_93' title='bbox 238 758 403 791; x_wconf 85' lang='lat' dir='ltr'><strong>vocabulo</strong></span> <span class='ocrx_word' id='word_1_94' title='bbox 416 759 625 789; x_wconf 84' lang='lat' dir='ltr'><strong>Dominantis</strong></span> <span class='ocrx_word' id='word_1_95' title='bbox 643 758 773 799; x_wconf 83' lang='lat' dir='ltr'><strong>peccati</strong></span> <span class='ocrx_word' id='word_1_96' title='bbox 794 758 963 788; x_wconf 85' lang='lat' dir='ltr'><strong>monuisse</strong></span> <span class='ocrx_word' id='word_1_97' title='bbox 987 768 1040 788; x_wconf 90' lang='lat' dir='ltr'><strong>sa-</strong></span> 
     </span>
     <span class='ocr_line' id='line_1_16' title="bbox 59 805 195 835; baseline -0.015 0"><span class='ocrx_word' id='word_1_98' title='bbox 59 805 102 835; x_wconf 79' lang='lat' dir='ltr'><strong>tis</strong></span> <span class='ocrx_word' id='word_1_99' title='bbox 135 809 195 834; x_wconf 88' lang='lat' dir='ltr'><strong>est.</strong></span> 
     </span>
     <span class='ocr_line' id='line_1_17' title="bbox 59 843 1040 887; baseline -0.004 -10"><span class='ocrx_word' id='word_1_100' title='bbox 59 853 126 877; x_wconf 79' lang='lat' dir='ltr'><strong>tam</strong></span> <span class='ocrx_word' id='word_1_101' title='bbox 158 845 376 887; x_wconf 79' lang='lat' dir='ltr'><strong>ignorantiam</strong></span> <span class='ocrx_word' id='word_1_102' title='bbox 410 850 443 874; x_wconf 89' lang='lat' dir='ltr'><strong>et</strong></span> <span class='ocrx_word' id='word_1_103' title='bbox 474 843 662 874; x_wconf 85' lang='lat' dir='ltr'><strong>affectatam</strong></span> <span class='ocrx_word' id='word_1_104' title='bbox 697 843 907 873; x_wconf 88' lang='lat' dir='ltr'><strong>omissionem</strong></span> <span class='ocrx_word' id='word_1_105' title='bbox 943 844 1040 873; x_wconf 83' lang='lat' dir='ltr'><strong>etiam</strong></span> 
     </span>
     <span class='ocr_line' id='line_1_18' title="bbox 59 885 1040 928; baseline -0.004 -9"><span class='ocrx_word' id='word_1_106' title='bbox 59 897 136 919; x_wconf 88' lang='lat' dir='ltr'><strong>esse</strong></span> <span class='ocrx_word' id='word_1_107' title='bbox 167 895 306 928; x_wconf 83' lang='lat' dir='ltr'><strong>peccata</strong></span> <span class='ocrx_word' id='word_1_108' title='bbox 339 885 498 918; x_wconf 83' lang='lat' dir='ltr'><strong>mortalia.</strong></span> <span class='ocrx_word' id='word_1_109' title='bbox 545 886 664 916; x_wconf 78' lang='lat' dir='ltr'><strong>Statim</strong></span> <span class='ocrx_word' id='word_1_110' title='bbox 693 886 735 916; x_wconf 85' lang='lat' dir='ltr'><strong>ab</strong></span> <span class='ocrx_word' id='word_1_111' title='bbox 763 886 853 916; x_wconf 87' lang='lat' dir='ltr'><strong>initio</strong></span> <span class='ocrx_word' id='word_1_112' title='bbox 878 886 964 916; x_wconf 90' lang='lat' dir='ltr'><strong>edita</strong></span> <span class='ocrx_word' id='word_1_113' title='bbox 988 891 1040 915; x_wconf 87' lang='lat' dir='ltr'><strong>est</strong></span> 
     </span>
     <span class='ocr_line' id='line_1_19' title="bbox 58 927 1040 972; baseline -0.003 -11"><span class='ocrx_word' id='word_1_114' title='bbox 58 931 234 972; x_wconf 83' lang='lat' dir='ltr'><strong>promissio</strong></span> <span class='ocrx_word' id='word_1_115' title='bbox 269 930 309 960; x_wconf 90' lang='lat' dir='ltr'><strong>de</strong></span> <span class='ocrx_word' id='word_1_116' title='bbox 343 935 481 960; x_wconf 80' lang='lat' dir='ltr'><strong>venturo</strong></span> <span class='ocrx_word' id='word_1_117' title='bbox 504 927 696 965; x_wconf 79' lang='lat' dir='ltr'><strong>liberatore,</strong></span> <span class='ocrx_word' id='word_1_118' title='bbox 732 929 824 958; x_wconf 87' lang='lat' dir='ltr'><strong>cuius</strong></span> <span class='ocrx_word' id='word_1_119' title='bbox 848 929 1040 958; x_wconf 87' lang='lat' dir='ltr'><strong>memoriam</strong></span> 
     </span>
     <span class='ocr_line' id='line_1_20' title="bbox 59 969 1039 1010; baseline -0.005 -6"><span class='ocrx_word' id='word_1_120' title='bbox 59 983 261 1004; x_wconf 79' lang='lat' dir='ltr'><strong>conservare</strong></span> <span class='ocrx_word' id='word_1_121' title='bbox 294 981 408 1002; x_wconf 90' lang='lat' dir='ltr'><strong>omnes</strong></span> <span class='ocrx_word' id='word_1_122' title='bbox 433 971 559 1001; x_wconf 85' lang='lat' dir='ltr'><strong>Gentes</strong></span> <span class='ocrx_word' id='word_1_123' title='bbox 594 971 748 1010; x_wconf 83' lang='lat' dir='ltr'><strong>oportuit.</strong></span> <span class='ocrx_word' id='word_1_124' title='bbox 793 969 914 1000; x_wconf 84' lang='lat' dir='ltr'><strong>Postea</strong></span> <span class='ocrx_word' id='word_1_125' title='bbox 938 979 1039 1010; x_wconf 86' lang='lat' dir='ltr'><strong>saepe</strong></span> 
     </span>
     <span class='ocr_line' id='line_1_21' title="bbox 57 1011 1039 1056; baseline -0.004 -10"><span class='ocrx_word' id='word_1_126' title='bbox 57 1026 119 1056; x_wconf 86' lang='lat' dir='ltr'><strong>pro</strong></span> <span class='ocrx_word' id='word_1_127' title='bbox 143 1021 239 1056; x_wconf 81' lang='lat' dir='ltr'><strong>agata</strong></span> <span class='ocrx_word' id='word_1_128' title='bbox 273 1020 325 1045; x_wconf 90' lang='lat' dir='ltr'><strong>est</strong></span> <span class='ocrx_word' id='word_1_129' title='bbox 357 1015 441 1044; x_wconf 90' lang='lat' dir='ltr'><strong>inter</strong></span> <span class='ocrx_word' id='word_1_130' title='bbox 475 1012 611 1043; x_wconf 89' lang='lat' dir='ltr'><strong>Gentes.</strong></span> <span class='ocrx_word' id='word_1_131' title='bbox 662 1012 790 1043; x_wconf 82' lang='lat' dir='ltr'><strong>Deinde</strong></span> <span class='ocrx_word' id='word_1_132' title='bbox 820 1011 1039 1054; x_wconf 87' lang='lat' dir='ltr'><strong>Evangelium</strong></span> 
     </span>
     <span class='ocr_line' id='line_1_22' title="bbox 58 1056 1037 1095; baseline -0.005 -6"><span class='ocrx_word' id='word_1_133' title='bbox 58 1069 89 1089; x_wconf 90' lang='lat' dir='ltr'><strong>m</strong></span> <span class='ocrx_word' id='word_1_134' title='bbox 126 1059 169 1090; x_wconf 71' lang='lat' dir='ltr'><strong>fis</strong></span> <span class='ocrx_word' id='word_1_135' title='bbox 202 1056 385 1088; x_wconf 87' lang='lat' dir='ltr'><strong>illustribus</strong></span> <span class='ocrx_word' id='word_1_136' title='bbox 420 1056 612 1086; x_wconf 85' lang='lat' dir='ltr'><strong>testimoniis</strong></span> <span class='ocrx_word' id='word_1_137' title='bbox 647 1065 800 1095; x_wconf 82' lang='lat' dir='ltr'><strong>sparsum</strong></span> <span class='ocrx_word' id='word_1_138' title='bbox 834 1061 885 1085; x_wconf 79' lang='lat' dir='ltr'><strong>est</strong></span> <span class='ocrx_word' id='word_1_139' title='bbox 913 1056 945 1085; x_wconf 91' lang='lat' dir='ltr'><strong>in</strong></span> <span class='ocrx_word' id='word_1_140' title='bbox 968 1061 1037 1085; x_wconf 89' lang='lat' dir='ltr'><strong>toto</strong></span> 
     </span>
     <span class='ocr_line' id='line_1_23' title="bbox 58 1096 1038 1136; baseline -0.002 -6"><span class='ocrx_word' id='word_1_141' title='bbox 58 1102 338 1136; x_wconf 66' lang='lat' dir='ltr'><strong>ome-terrarum,</strong></span> <span class='ocrx_word' id='word_1_142' title='bbox 361 1104 394 1129; x_wconf 87' lang='lat' dir='ltr'><strong>et</strong></span> <span class='ocrx_word' id='word_1_143' title='bbox 415 1097 525 1129; x_wconf 87' lang='lat' dir='ltr'><strong>sonuit</strong></span> <span class='ocrx_word' id='word_1_144' title='bbox 549 1108 614 1128; x_wconf 72' lang='lat' dir='ltr'><strong>vox</strong></span> <span class='ocrx_word' id='word_1_145' title='bbox 638 1098 679 1128; x_wconf 89' lang='lat' dir='ltr'><strong>de</strong></span> <span class='ocrx_word' id='word_1_146' title='bbox 703 1096 817 1128; x_wconf 87' lang='lat' dir='ltr'><strong>coelo:</strong></span> <span class='ocrx_word' id='word_1_147' title='bbox 863 1097 958 1128; x_wconf 91' lang='lat' dir='ltr'><strong>Hunc</strong></span> <span class='ocrx_word' id='word_1_148' title='bbox 981 1108 1038 1128; x_wconf 89' lang='lat' dir='ltr'><strong>au-</strong></span> 
     </span>
     <span class='ocr_line' id='line_1_24' title="bbox 58 1140 1038 1182; baseline -0.004 -9"><span class='ocrx_word' id='word_1_149' title='bbox 58 1144 147 1174; x_wconf 73' lang='lat' dir='ltr'><strong>dite.-</strong></span> <span class='ocrx_word' id='word_1_150' title='bbox 176 1142 280 1173; x_wconf 88' lang='lat' dir='ltr'><strong>Nemo</strong></span> <span class='ocrx_word' id='word_1_151' title='bbox 310 1142 409 1182; x_wconf 86' lang='lat' dir='ltr'><strong>igitur</strong></span> <span class='ocrx_word' id='word_1_152' title='bbox 438 1147 616 1171; x_wconf 77' lang='lat' dir='ltr'><strong>excusatus</strong></span> <span class='ocrx_word' id='word_1_153' title='bbox 649 1149 700 1171; x_wconf 76' lang='lat' dir='ltr'><strong>est</strong></span> <span class='ocrx_word' id='word_1_154' title='bbox 723 1140 908 1180; x_wconf 83' lang='lat' dir='ltr'><strong>ignorantia</strong></span> <span class='ocrx_word' id='word_1_155' title='bbox 930 1140 1038 1171; x_wconf 85' lang='lat' dir='ltr'><strong>Evan-</strong></span> 
     </span>
     <span class='ocr_line' id='line_1_25' title="bbox 57 1182 1037 1227; baseline -0.004 -11"><span class='ocrx_word' id='word_1_156' title='bbox 57 1183 150 1227; x_wconf 82' lang='lat' dir='ltr'><strong>gelii,</strong></span> <span class='ocrx_word' id='word_1_157' title='bbox 185 1185 249 1214; x_wconf 89' lang='lat' dir='ltr'><strong>imo</strong></span> <span class='ocrx_word' id='word_1_158' title='bbox 276 1183 341 1214; x_wconf 89' lang='lat' dir='ltr'><strong>hoc</strong></span> <span class='ocrx_word' id='word_1_159' title='bbox 370 1190 544 1224; x_wconf 82' lang='lat' dir='ltr'><strong>peccatum</strong></span> <span class='ocrx_word' id='word_1_160' title='bbox 566 1183 743 1223; x_wconf 88' lang='lat' dir='ltr'><strong>praecipue</strong></span> <span class='ocrx_word' id='word_1_161' title='bbox 765 1183 873 1223; x_wconf 86' lang='lat' dir='ltr'><strong>arguit</strong></span> <span class='ocrx_word' id='word_1_162' title='bbox 895 1182 1037 1223; x_wconf 81' lang='lat' dir='ltr'><strong>Spiritus</strong></span> 
     </span>
     <span class='ocr_line' id='line_1_26' title="bbox 57 1223 1038 1267; baseline -0.004 -9"><span class='ocrx_word' id='word_1_163' title='bbox 57 1234 205 1264; x_wconf 79' lang='lat' dir='ltr'><strong>sanctus,</strong></span> <span class='ocrx_word' id='word_1_164' title='bbox 229 1228 314 1257; x_wconf 89' lang='lat' dir='ltr'><strong>sicut</strong></span> <span class='ocrx_word' id='word_1_165' title='bbox 336 1227 439 1267; x_wconf 87' lang='lat' dir='ltr'><strong>inquit</strong></span> <span class='ocrx_word' id='word_1_166' title='bbox 452 1225 605 1256; x_wconf 89' lang='lat' dir='ltr'><strong>Christus</strong></span> <span class='ocrx_word' id='word_1_167' title='bbox 629 1225 711 1263; x_wconf 88' lang='lat' dir='ltr'><strong>[loh.</strong></span> <span class='ocrx_word' id='word_1_168' title='bbox 738 1224 788 1262; x_wconf 82' lang='lat'><strong>16,</strong></span> <span class='ocrx_word' id='word_1_169' title='bbox 810 1225 832 1255; x_wconf 79' lang='lat' dir='ltr'><strong>S</strong></span> <span class='ocrx_word' id='word_1_170' title='bbox 854 1229 940 1265; x_wconf 78' lang='lat' dir='ltr'><strong>sq.}:</strong></span> <span class='ocrx_word' id='word_1_171' title='bbox 965 1223 1038 1265; x_wconf 83' lang='lat' dir='ltr'><strong>Spi-</strong></span> 
     </span>
     <span class='ocr_line' id='line_1_27' title="bbox 57 1268 1038 1310; baseline -0.004 -9"><span class='ocrx_word' id='word_1_172' title='bbox 57 1271 139 1301; x_wconf 82' lang='lat' dir='ltr'><strong>ritus</strong></span> <span class='ocrx_word' id='word_1_173' title='bbox 157 1275 294 1300; x_wconf 88' lang='lat' dir='ltr'><strong>sanctus</strong></span> <span class='ocrx_word' id='word_1_174' title='bbox 317 1275 434 1310; x_wconf 81' lang='lat' dir='ltr'><strong>arguet</strong></span> <span class='ocrx_word' id='word_1_175' title='bbox 459 1268 614 1299; x_wconf 88' lang='lat' dir='ltr'><strong>mundum</strong></span> <span class='ocrx_word' id='word_1_176' title='bbox 637 1268 679 1298; x_wconf 92' lang='lat' dir='ltr'><strong>de</strong></span> <span class='ocrx_word' id='word_1_177' title='bbox 702 1273 852 1308; x_wconf 87' lang='lat' dir='ltr'><strong>peccato,</strong></span> <span class='ocrx_word' id='word_1_178' title='bbox 876 1268 951 1308; x_wconf 85' lang='lat' dir='ltr'><strong>quia</strong></span> <span class='ocrx_word' id='word_1_179' title='bbox 970 1277 1038 1298; x_wconf 89' lang='lat' dir='ltr'><strong>non</strong></span> 
     </span>
     <span class='ocr_line' id='line_1_28' title="bbox 57 1311 469 1350; baseline -0.01 -6"><span class='ocrx_word' id='word_1_180' title='bbox 57 1313 267 1344; x_wconf 83' lang='lat' dir='ltr'><strong>crediderunt</strong></span> <span class='ocrx_word' id='word_1_181' title='bbox 288 1313 320 1342; x_wconf 92' lang='lat' dir='ltr'><strong>in</strong></span> <span class='ocrx_word' id='word_1_182' title='bbox 342 1321 406 1342; x_wconf 90' lang='lat' dir='ltr'><strong>me.</strong></span> <span class='ocrx_word' id='word_1_183' title='bbox 422 1311 469 1350; x_wconf 76' lang='lat'><strong>⁵⁵)</strong></span> 
     </span>
    </p>
   </div>
   <div class='ocr_carea' id='block_1_5' title="bbox 348 1402 736 1518">
    <p class='ocr_par' dir='ltr' id='par_1_6' title="bbox 348 1402 736 1518">
     <span class='ocr_line' id='line_1_29' title="bbox 506 1402 586 1441; baseline -0.013 -8"><span class='ocrx_word' id='word_1_184' title='bbox 506 1402 586 1441; x_wconf 69' lang='lat' dir='ltr'><strong>[vr]</strong></span> 
     </span>
     <span class='ocr_line' id='line_1_30' title="bbox 348 1487 736 1518; baseline -0.005 0"><span class='ocrx_word' id='word_1_185' title='bbox 348 1487 407 1518; x_wconf 86' lang='lat' dir='ltr'><strong>DE</strong></span> <span class='ocrx_word' id='word_1_186' title='bbox 430 1487 546 1518; x_wconf 82' lang='lat' dir='ltr'><strong>LEGE</strong></span> <span class='ocrx_word' id='word_1_187' title='bbox 569 1487 736 1518; x_wconf 80' lang='lat' dir='ltr'><strong>DlleA.</strong></span> 
     </span>
    </p>
   </div>
   <div class='ocr_carea' id='block_1_6' title="bbox 54 1563 1035 2456">
    <p class='ocr_par' dir='ltr' id='par_1_7' title="bbox 54 1563 1035 2286">
     <span class='ocr_line' id='line_1_31' title="bbox 141 1563 1034 1603; baseline -0.003 -7"><span class='ocrx_word' id='word_1_188' title='bbox 141 1565 211 1596; x_wconf 82' lang='lat' dir='ltr'><strong>Lex</strong></span> <span class='ocrx_word' id='word_1_189' title='bbox 223 1564 285 1596; x_wconf 90' lang='lat' dir='ltr'><strong>Dei</strong></span> <span class='ocrx_word' id='word_1_190' title='bbox 305 1571 355 1595; x_wconf 78' lang='lat' dir='ltr'><strong>est</strong></span> <span class='ocrx_word' id='word_1_191' title='bbox 375 1565 523 1595; x_wconf 91' lang='lat' dir='ltr'><strong>doctrina</strong></span> <span class='ocrx_word' id='word_1_192' title='bbox 543 1574 562 1594; x_wconf 92' lang='lat' dir='ltr'><strong>a</strong></span> <span class='ocrx_word' id='word_1_193' title='bbox 576 1563 650 1594; x_wconf 91' lang='lat' dir='ltr'><strong>Deo</strong></span> <span class='ocrx_word' id='word_1_194' title='bbox 668 1563 797 1601; x_wconf 87' lang='lat' dir='ltr'><strong>tradita,</strong></span> <span class='ocrx_word' id='word_1_195' title='bbox 817 1563 1034 1603; x_wconf 81' lang='lat' dir='ltr'><strong>praecipiens,</strong></span> 
     </span>
     <span class='ocr_line' id='line_1_32' title="bbox 56 1605 1034 1649; baseline -0.003 -11"><span class='ocrx_word' id='word_1_196' title='bbox 56 1606 170 1649; x_wconf 76' lang='lat' dir='ltr'><strong>quales</strong></span> <span class='ocrx_word' id='word_1_197' title='bbox 194 1617 255 1638; x_wconf 91' lang='lat' dir='ltr'><strong>nos</strong></span> <span class='ocrx_word' id='word_1_198' title='bbox 280 1617 358 1637; x_wconf 90' lang='lat' dir='ltr'><strong>esse</strong></span> <span class='ocrx_word' id='word_1_199' title='bbox 382 1612 414 1637; x_wconf 83' lang='lat' dir='ltr'><strong>et</strong></span> <span class='ocrx_word' id='word_1_200' title='bbox 427 1616 511 1647; x_wconf 87' lang='lat' dir='ltr'><strong>quae</strong></span> <span class='ocrx_word' id='word_1_201' title='bbox 530 1605 653 1643; x_wconf 79' lang='lat' dir='ltr'><strong>facere,</strong></span> <span class='ocrx_word' id='word_1_202' title='bbox 677 1616 762 1646; x_wconf 83' lang='lat' dir='ltr'><strong>quae</strong></span> <span class='ocrx_word' id='word_1_203' title='bbox 777 1605 925 1636; x_wconf 85' lang='lat' dir='ltr'><strong>omittere</strong></span> <span class='ocrx_word' id='word_1_204' title='bbox 938 1615 1034 1646; x_wconf 90' lang='lat' dir='ltr'><strong>opor-</strong></span> 
     </span>
     <span class='ocr_line' id='line_1_33' title="bbox 58 1647 1034 1690; baseline -0.003 -9"><span class='ocrx_word' id='word_1_205' title='bbox 58 1656 114 1688; x_wconf 88' lang='lat' dir='ltr'><strong>tet,</strong></span> <span class='ocrx_word' id='word_1_206' title='bbox 138 1658 170 1683; x_wconf 85' lang='lat' dir='ltr'><strong>et</strong></span> <span class='ocrx_word' id='word_1_207' title='bbox 194 1650 363 1690; x_wconf 87' lang='lat' dir='ltr'><strong>requirens</strong></span> <span class='ocrx_word' id='word_1_208' title='bbox 386 1647 568 1689; x_wconf 83' lang='lat' dir='ltr'><strong>perfectam</strong></span> <span class='ocrx_word' id='word_1_209' title='bbox 591 1649 810 1679; x_wconf 80' lang='lat' dir='ltr'><strong>obedientiam</strong></span> <span class='ocrx_word' id='word_1_210' title='bbox 835 1658 914 1689; x_wconf 87' lang='lat' dir='ltr'><strong>erga</strong></span> <span class='ocrx_word' id='word_1_211' title='bbox 927 1648 1034 1678; x_wconf 91' lang='lat' dir='ltr'><strong>Deum</strong></span> 
     </span>
     <span class='ocr_line' id='line_1_34' title="bbox 56 1691 1035 1734; baseline -0.003 -11"><span class='ocrx_word' id='word_1_212' title='bbox 56 1703 96 1723; x_wconf 86' lang='lat' dir='ltr'><strong>ac</strong></span> <span class='ocrx_word' id='word_1_213' title='bbox 116 1693 336 1734; x_wconf 81' lang='lat' dir='ltr'><strong>pronuntians</strong></span> <span class='ocrx_word' id='word_1_214' title='bbox 358 1692 457 1722; x_wconf 85' lang='lat' dir='ltr'><strong>irasci</strong></span> <span class='ocrx_word' id='word_1_215' title='bbox 469 1691 577 1721; x_wconf 85' lang='lat' dir='ltr'><strong>Deum</strong></span> <span class='ocrx_word' id='word_1_216' title='bbox 601 1696 632 1721; x_wconf 89' lang='lat' dir='ltr'><strong>et</strong></span> <span class='ocrx_word' id='word_1_217' title='bbox 648 1691 764 1730; x_wconf 80' lang='lat' dir='ltr'><strong>punire</strong></span> <span class='ocrx_word' id='word_1_218' title='bbox 783 1698 917 1721; x_wconf 83' lang='lat' dir='ltr'><strong>aeterna</strong></span> <span class='ocrx_word' id='word_1_219' title='bbox 931 1698 1035 1721; x_wconf 87' lang='lat' dir='ltr'><strong>morte</strong></span> 
     </span>
     <span class='ocr_line' id='line_1_35' title="bbox 56 1732 1035 1775; baseline -0.002 -10"><span class='ocrx_word' id='word_1_220' title='bbox 56 1745 122 1765; x_wconf 84' lang='grc'><strong>11011</strong></span> <span class='ocrx_word' id='word_1_221' title='bbox 144 1740 354 1775; x_wconf 84' lang='lat' dir='ltr'><strong>praestantes</strong></span> <span class='ocrx_word' id='word_1_222' title='bbox 388 1732 569 1773; x_wconf 87' lang='lat' dir='ltr'><strong>perfectam</strong></span> <span class='ocrx_word' id='word_1_223' title='bbox 592 1734 822 1764; x_wconf 82' lang='lat' dir='ltr'><strong>obedientiam.</strong></span> <span class='ocrx_word' id='word_1_224' title='bbox 866 1733 957 1764; x_wconf 88' lang='lat' dir='ltr'><strong>Haec</strong></span> <span class='ocrx_word' id='word_1_225' title='bbox 981 1734 1035 1763; x_wconf 90' lang='lat' dir='ltr'><strong>de-</strong></span> 
     </span>
     <span class='ocr_line' id='line_1_36' title="bbox 57 1774 1034 1817; baseline -0.003 -8"><span class='ocrx_word' id='word_1_226' title='bbox 57 1777 158 1810; x_wconf 86' lang='lat' dir='ltr'><strong>finitio</strong></span> <span class='ocrx_word' id='word_1_227' title='bbox 183 1787 223 1808; x_wconf 87' lang='lat' dir='ltr'><strong>ex</strong></span> <span class='ocrx_word' id='word_1_228' title='bbox 246 1778 319 1817; x_wconf 84' lang='lat' dir='ltr'><strong>ipsa</strong></span> <span class='ocrx_word' id='word_1_229' title='bbox 342 1775 416 1817; x_wconf 87' lang='lat' dir='ltr'><strong>lege</strong></span> <span class='ocrx_word' id='word_1_230' title='bbox 440 1775 503 1806; x_wconf 91' lang='lat' dir='ltr'><strong>Dei</strong></span> <span class='ocrx_word' id='word_1_231' title='bbox 523 1781 553 1805; x_wconf 89' lang='lat' dir='ltr'><strong>et</strong></span> <span class='ocrx_word' id='word_1_232' title='bbox 579 1775 687 1807; x_wconf 87' lang='lat' dir='ltr'><strong>multis</strong></span> <span class='ocrx_word' id='word_1_233' title='bbox 712 1777 927 1807; x_wconf 80' lang='lat' dir='ltr'><strong>concionibus</strong></span> <span class='ocrx_word' id='word_1_234' title='bbox 942 1774 1034 1806; x_wconf 85' lang='lat' dir='ltr'><strong>Chri-</strong></span> 
     </span>
     <span class='ocr_line' id='line_1_37' title="bbox 55 1818 1035 1860; baseline -0.002 -10"><span class='ocrx_word' id='word_1_235' title='bbox 55 1820 98 1850; x_wconf 88' lang='lat' dir='ltr'><strong>sti</strong></span> <span class='ocrx_word' id='word_1_236' title='bbox 131 1825 262 1860; x_wconf 86' lang='lat' dir='ltr'><strong>sumpta</strong></span> <span class='ocrx_word' id='word_1_237' title='bbox 296 1826 358 1850; x_wconf 89' lang='lat' dir='ltr'><strong>est.</strong></span> <span class='ocrx_word' id='word_1_238' title='bbox 405 1818 559 1849; x_wconf 77' lang='lat' dir='ltr'><strong>Continet</strong></span> <span class='ocrx_word' id='word_1_239' title='bbox 589 1819 674 1849; x_wconf 91' lang='lat' dir='ltr'><strong>enim</strong></span> <span class='ocrx_word' id='word_1_240' title='bbox 699 1818 768 1849; x_wconf 77' lang='lat' dir='ltr'><strong>Lex</strong></span> <span class='ocrx_word' id='word_1_241' title='bbox 802 1824 978 1858; x_wconf 84' lang='lat' dir='ltr'><strong>praecepta</strong></span> <span class='ocrx_word' id='word_1_242' title='bbox 1004 1824 1035 1848; x_wconf 92' lang='lat' dir='ltr'><strong>et</strong></span> 
     </span>
     <span class='ocr_line' id='line_1_38' title="bbox 55 1859 1035 1902; baseline -0.003 -9"><span class='ocrx_word' id='word_1_243' title='bbox 55 1863 311 1902; x_wconf 85' lang='lat' dir='ltr'><strong>promissiones,</strong></span> <span class='ocrx_word' id='word_1_244' title='bbox 343 1862 462 1902; x_wconf 86' lang='lat' dir='ltr'><strong>quibus</strong></span> <span class='ocrx_word' id='word_1_245' title='bbox 497 1861 608 1891; x_wconf 83' lang='lat' dir='ltr'><strong>addita</strong></span> <span class='ocrx_word' id='word_1_246' title='bbox 641 1867 690 1892; x_wconf 87' lang='lat' dir='ltr'><strong>est</strong></span> <span class='ocrx_word' id='word_1_247' title='bbox 714 1862 858 1892; x_wconf 75' lang='lat' dir='ltr'><strong>conditio</strong></span> <span class='ocrx_word' id='word_1_248' title='bbox 882 1859 1035 1901; x_wconf 86' lang='lat' dir='ltr'><strong>impletae</strong></span> 
     </span>
     <span class='ocr_line' id='line_1_39' title="bbox 55 1903 1034 1947; baseline -0.003 -11"><span class='ocrx_word' id='word_1_249' title='bbox 55 1905 174 1947; x_wconf 85' lang='lat' dir='ltr'><strong>Legis;</strong></span> <span class='ocrx_word' id='word_1_250' title='bbox 203 1906 279 1935; x_wconf 88' lang='lat' dir='ltr'><strong>item</strong></span> <span class='ocrx_word' id='word_1_251' title='bbox 302 1904 584 1935; x_wconf 75' lang='lat' dir='ltr'><strong>comminationes·</strong></span> <span class='ocrx_word' id='word_1_252' title='bbox 630 1903 811 1944; x_wconf 90' lang='lat' dir='ltr'><strong>Praecepta</strong></span> <span class='ocrx_word' id='word_1_253' title='bbox 836 1904 1034 1935; x_wconf 86' lang='lat' dir='ltr'><strong>concionan-</strong></span> 
     </span>
     <span class='ocr_line' id='line_1_40' title="bbox 55 1945 1032 1988; baseline -0.002 -10"><span class='ocrx_word' id='word_1_254' title='bbox 55 1954 108 1978; x_wconf 86' lang='lat' dir='ltr'><strong>tur</strong></span> <span class='ocrx_word' id='word_1_255' title='bbox 131 1948 172 1978; x_wconf 91' lang='lat' dir='ltr'><strong>de</strong></span> <span class='ocrx_word' id='word_1_256' title='bbox 195 1948 322 1988; x_wconf 83' lang='lat' dir='ltr'><strong>integra</strong></span> <span class='ocrx_word' id='word_1_257' title='bbox 346 1947 533 1977; x_wconf 88' lang='lat' dir='ltr'><strong>obedientia</strong></span> <span class='ocrx_word' id='word_1_258' title='bbox 558 1946 687 1982; x_wconf 77' lang='lat' dir='ltr'><strong>[Matth.</strong></span> <span class='ocrx_word' id='word_1_259' title='bbox 711 1947 765 1983; x_wconf 74' lang='lat'><strong>22,</strong></span> <span class='ocrx_word' id='word_1_260' title='bbox 788 1946 876 1985; x_wconf 79' lang='lat'><strong>37.]:</strong></span> <span class='ocrx_word' id='word_1_261' title='bbox 904 1945 1032 1987; x_wconf 87' lang='lat' dir='ltr'><strong>Diliges</strong></span> 
     </span>
     <span class='ocr_line' id='line_1_41' title="bbox 54 1989 1032 2026; baseline -0.002 -6"><span class='ocrx_word' id='word_1_262' title='bbox 54 1989 230 2023; x_wconf 86' lang='lat' dir='ltr'><strong>Dominum</strong></span> <span class='ocrx_word' id='word_1_263' title='bbox 242 1990 350 2021; x_wconf 93' lang='lat' dir='ltr'><strong>Deum</strong></span> <span class='ocrx_word' id='word_1_264' title='bbox 372 1996 461 2020; x_wconf 89' lang='lat' dir='ltr'><strong>tuum</strong></span> <span class='ocrx_word' id='word_1_265' title='bbox 485 1999 528 2019; x_wconf 79' lang='lat' dir='ltr'><strong>ex</strong></span> <span class='ocrx_word' id='word_1_266' title='bbox 549 1994 619 2019; x_wconf 89' lang='lat' dir='ltr'><strong>toto</strong></span> <span class='ocrx_word' id='word_1_267' title='bbox 644 1989 755 2026; x_wconf 85' lang='lat' dir='ltr'><strong>corde,</strong></span> <span class='ocrx_word' id='word_1_268' title='bbox 779 2000 820 2020; x_wconf 84' lang='lat' dir='ltr'><strong>ex</strong></span> <span class='ocrx_word' id='word_1_269' title='bbox 833 1995 901 2019; x_wconf 90' lang='lat' dir='ltr'><strong>tota</strong></span> <span class='ocrx_word' id='word_1_270' title='bbox 914 1989 1032 2026; x_wconf 81' lang='lat' dir='ltr'><strong>anima,</strong></span> 
     </span>
     <span class='ocr_line' id='line_1_42' title="bbox 55 2030 1032 2072; baseline -0.001 -10"><span class='ocrx_word' id='word_1_271' title='bbox 55 2043 95 2063; x_wconf 77' lang='lat' dir='ltr'><strong>ex</strong></span> <span class='ocrx_word' id='word_1_272' title='bbox 123 2033 274 2063; x_wconf 90' lang='lat' dir='ltr'><strong>omnibus</strong></span> <span class='ocrx_word' id='word_1_273' title='bbox 302 2033 435 2063; x_wconf 81' lang='lat' dir='ltr'><strong>viribus.</strong></span> <span class='ocrx_word' id='word_1_274' title='bbox 481 2032 559 2062; x_wconf 86' lang='lat' dir='ltr'><strong>ltem</strong></span> <span class='ocrx_word' id='word_1_275' title='bbox 583 2032 674 2071; x_wconf 79' lang='lat' dir='ltr'><strong>[ibid.</strong></span> <span class='ocrx_word' id='word_1_276' title='bbox 699 2042 748 2062; x_wconf 75' lang='lat' dir='ltr'><strong>vs.</strong></span> <span class='ocrx_word' id='word_1_277' title='bbox 772 2032 857 2070; x_wconf 78' lang='lat'><strong>39.]:</strong></span> <span class='ocrx_word' id='word_1_278' title='bbox 902 2030 1032 2072; x_wconf 85' lang='lat' dir='ltr'><strong>Diliges</strong></span> 
     </span>
     <span class='ocr_line' id='line_1_43' title="bbox 54 2074 1032 2115; baseline -0.001 -10"><span class='ocrx_word' id='word_1_279' title='bbox 54 2075 238 2115; x_wconf 83' lang='lat' dir='ltr'><strong>proximum</strong></span> <span class='ocrx_word' id='word_1_280' title='bbox 270 2081 359 2106; x_wconf 84' lang='lat' dir='ltr'><strong>tuum</strong></span> <span class='ocrx_word' id='word_1_281' title='bbox 389 2075 476 2105; x_wconf 85' lang='lat' dir='ltr'><strong>sicut</strong></span> <span class='ocrx_word' id='word_1_282' title='bbox 504 2080 537 2104; x_wconf 91' lang='lat' dir='ltr'><strong>te</strong></span> <span class='ocrx_word' id='word_1_283' title='bbox 565 2075 683 2114; x_wconf 80' lang='lat' dir='ltr'><strong>ipsum.</strong></span> <span class='ocrx_word' id='word_1_284' title='bbox 735 2074 812 2105; x_wconf 89' lang='lat' dir='ltr'><strong>ltem</strong></span> <span class='ocrx_word' id='word_1_285' title='bbox 837 2074 955 2112; x_wconf 59' lang='lat' dir='ltr'><strong>1E30d.</strong></span> <span class='ocrx_word' id='word_1_286' title='bbox 979 2074 1032 2111; x_wconf 72' lang='lat'><strong>20,</strong></span> 
     </span>
     <span class='ocr_line' id='line_1_44' title="bbox 57 2116 1032 2157; baseline 0 -10"><span class='ocrx_word' id='word_1_287' title='bbox 57 2118 135 2154; x_wconf 62' lang='lat'>1721:</span> <span class='ocrx_word' id='word_1_288' title='bbox 154 2117 229 2147; x_wconf 90' lang='lat' dir='ltr'><strong>Non</strong></span> <span class='ocrx_word' id='word_1_289' title='bbox 252 2118 483 2157; x_wconf 87' lang='lat' dir='ltr'><strong>concupisces.</strong></span> <span class='ocrx_word' id='word_1_290' title='bbox 514 2116 728 2148; x_wconf 82' lang='lat' dir='ltr'><strong>Comminatio</strong></span> <span class='ocrx_word' id='word_1_291' title='bbox 752 2118 810 2148; x_wconf 84' lang='lat' dir='ltr'><strong>ait:</strong></span> <span class='ocrx_word' id='word_1_292' title='bbox 835 2116 1032 2147; x_wconf 84' lang='lat' dir='ltr'><strong>Maledictus</strong></span> 
     </span>
     <span class='ocr_line' id='line_1_45' title="bbox 55 2159 1032 2201; baseline -0.001 -10"><span class='ocrx_word' id='word_1_293' title='bbox 55 2160 109 2201; x_wconf 88' lang='lat' dir='ltr'><strong>qui</strong></span> <span class='ocrx_word' id='word_1_294' title='bbox 132 2169 199 2190; x_wconf 92' lang='lat' dir='ltr'><strong>non</strong></span> <span class='ocrx_word' id='word_1_295' title='bbox 222 2165 389 2200; x_wconf 85' lang='lat' dir='ltr'><strong>permanet</strong></span> <span class='ocrx_word' id='word_1_296' title='bbox 412 2160 444 2189; x_wconf 88' lang='lat' dir='ltr'><strong>in</strong></span> <span class='ocrx_word' id='word_1_297' title='bbox 468 2160 676 2190; x_wconf 86' lang='lat' dir='ltr'><strong>sermonibus</strong></span> <span class='ocrx_word' id='word_1_298' title='bbox 699 2159 800 2201; x_wconf 83' lang='lat' dir='ltr'><strong>Legis</strong></span> <span class='ocrx_word' id='word_1_299' title='bbox 824 2159 936 2197; x_wconf 69' lang='lat' dir='ltr'><strong>huius.</strong></span> <span class='ocrx_word' id='word_1_300' title='bbox 970 2169 1032 2190; x_wconf 91' lang='lat' dir='ltr'><strong>nec</strong></span> 
     </span>
     <span class='ocr_line' id='line_1_46' title="bbox 55 2201 1029 2242; baseline -0.002 -9"><span class='ocrx_word' id='word_1_301' title='bbox 55 2212 114 2233; x_wconf 90' lang='lat' dir='ltr'><strong>eos</strong></span> <span class='ocrx_word' id='word_1_302' title='bbox 144 2212 245 2242; x_wconf 88' lang='lat' dir='ltr'><strong>opere</strong></span> <span class='ocrx_word' id='word_1_303' title='bbox 279 2202 418 2242; x_wconf 84' lang='lat' dir='ltr'><strong>perficit.</strong></span> <span class='ocrx_word' id='word_1_304' title='bbox 470 2201 548 2232; x_wconf 89' lang='lat' dir='ltr'><strong>Item</strong></span> <span class='ocrx_word' id='word_1_305' title='bbox 581 2201 701 2232; x_wconf 87' lang='lat' dir='ltr'><strong>Matth.</strong></span> <span class='ocrx_word' id='word_1_306' title='bbox 735 2202 842 2236; x_wconf 46' lang='lat'><strong>23⁶³)</strong></span> <span class='ocrx_word' id='word_1_307' title='bbox 879 2203 1029 2241; x_wconf 48' lang='lat' dir='ltr'><strong>[vs-114</strong></span> 
     </span>
     <span class='ocr_line' id='line_1_47' title="bbox 54 2243 987 2286; baseline 0 -11"><span class='ocrx_word' id='word_1_308' title='bbox 54 2244 225 2276; x_wconf 87' lang='lat' dir='ltr'><strong>Discedite</strong></span> <span class='ocrx_word' id='word_1_309' title='bbox 247 2255 266 2275; x_wconf 93' lang='lat' dir='ltr'><strong>a</strong></span> <span class='ocrx_word' id='word_1_310' title='bbox 289 2255 341 2275; x_wconf 89' lang='lat' dir='ltr'><strong>me</strong></span> <span class='ocrx_word' id='word_1_311' title='bbox 363 2243 526 2275; x_wconf 86' lang='lat' dir='ltr'><strong>maledicti</strong></span> <span class='ocrx_word' id='word_1_312' title='bbox 550 2246 580 2275; x_wconf 93' lang='lat' dir='ltr'><strong>in</strong></span> <span class='ocrx_word' id='word_1_313' title='bbox 604 2246 713 2286; x_wconf 81' lang='lat' dir='ltr'><strong>ignem</strong></span> <span class='ocrx_word' id='word_1_314' title='bbox 735 2251 907 2276; x_wconf 86' lang='lat' dir='ltr'><strong>aeternum</strong></span> <span class='ocrx_word' id='word_1_315' title='bbox 926 2251 987 2276; x_wconf 88' lang='lat' dir='ltr'><strong>etc.</strong></span> 
     </span>
    </p>

    <p class='ocr_par' dir='ltr' id='par_1_8' title="bbox 54 2287 1031 2456">
     <span class='ocr_line' id='line_1_48' title="bbox 139 2287 1027 2329; baseline 0 -11"><span class='ocrx_word' id='word_1_316' title='bbox 139 2287 202 2318; x_wconf 86' lang='lat' dir='ltr'><strong>Hic</strong></span> <span class='ocrx_word' id='word_1_317' title='bbox 224 2288 362 2327; x_wconf 87' lang='lat' dir='ltr'><strong>primum</strong></span> <span class='ocrx_word' id='word_1_318' title='bbox 386 2297 518 2317; x_wconf 89' lang='lat' dir='ltr'><strong>monere</strong></span> <span class='ocrx_word' id='word_1_319' title='bbox 541 2297 681 2318; x_wconf 86' lang='lat' dir='ltr'><strong>necesse</strong></span> <span class='ocrx_word' id='word_1_320' title='bbox 704 2294 765 2327; x_wconf 84' lang='lat' dir='ltr'><strong>est,</strong></span> <span class='ocrx_word' id='word_1_321' title='bbox 788 2288 906 2329; x_wconf 83' lang='lat' dir='ltr'><strong>ingens</strong></span> <span class='ocrx_word' id='word_1_322' title='bbox 930 2294 961 2318; x_wconf 90' lang='lat' dir='ltr'><strong>et</strong></span> <span class='ocrx_word' id='word_1_323' title='bbox 983 2288 1027 2318; x_wconf 73' lang='lat' dir='ltr'><strong>iu-</strong></span> 
     </span>
     <span class='ocr_line' id='line_1_49' title="bbox 55 2329 1031 2361; baseline 0 -1"><span class='ocrx_word' id='word_1_324' title='bbox 55 2329 179 2361; x_wconf 87' lang='lat' dir='ltr'><strong>finitum</strong></span> <span class='ocrx_word' id='word_1_325' title='bbox 201 2331 376 2361; x_wconf 78' lang='lat' dir='ltr'><strong>discrimen</strong></span> <span class='ocrx_word' id='word_1_326' title='bbox 399 2340 475 2360; x_wconf 87' lang='lat' dir='ltr'><strong>esse</strong></span> <span class='ocrx_word' id='word_1_327' title='bbox 498 2331 581 2360; x_wconf 92' lang='lat' dir='ltr'><strong>inter</strong></span> <span class='ocrx_word' id='word_1_328' title='bbox 600 2330 694 2360; x_wconf 75' lang='lat' dir='ltr'><strong>leo-es</strong></span> <span class='ocrx_word' id='word_1_329' title='bbox 716 2329 876 2361; x_wconf 85' lang='lat' dir='ltr'><strong>humanas</strong></span> <span class='ocrx_word' id='word_1_330' title='bbox 897 2336 929 2361; x_wconf 92' lang='lat' dir='ltr'><strong>et</strong></span> <span class='ocrx_word' id='word_1_331' title='bbox 951 2330 1031 2360; x_wconf 69' lang='lat' dir='ltr'><strong>dlvi-</strong></span> 
     </span>
     <span class='ocr_line' id='line_1_50' title="bbox 54 2354 1030 2414; baseline 0 -12"><span class='ocrx_word' id='word_1_332' title='bbox 54 2382 138 2403; x_wconf 90' lang='lat' dir='ltr'><strong>nam.</strong></span> <span class='ocrx_word' id='word_1_333' title='bbox 164 2372 231 2403; x_wconf 90' lang='lat' dir='ltr'><strong>Sed</strong></span> <span class='ocrx_word' id='word_1_334' title='bbox 254 2379 287 2403; x_wconf 92' lang='lat' dir='ltr'><strong>ut</strong></span> <span class='ocrx_word' id='word_1_335' title='bbox 310 2384 377 2403; x_wconf 90' lang='lat' dir='ltr'><strong>non</strong></span> <span class='ocrx_word' id='word_1_336' title='bbox 400 2378 527 2413; x_wconf 88' lang='lat' dir='ltr'><strong>poterat</strong></span> <span class='ocrx_word' id='word_1_337' title='bbox 551 2354 692 2413; x_wconf 54' lang='lat' dir='ltr'><strong>populus</strong></span> <span class='ocrx_word' id='word_1_338' title='bbox 714 2373 828 2404; x_wconf 82' lang='lat' dir='ltr'><strong>videre</strong></span> <span class='ocrx_word' id='word_1_339' title='bbox 850 2372 1030 2414; x_wconf 83' lang='lat' dir='ltr'><strong>fulgentem</strong></span> 
     </span>
     <span class='ocr_line' id='line_1_51' title="bbox 55 2413 1030 2456; baseline 0.001 -12"><span class='ocrx_word' id='word_1_340' title='bbox 55 2414 162 2456; x_wconf 81' lang='lat' dir='ltr'><strong>Moysi</strong></span> <span class='ocrx_word' id='word_1_341' title='bbox 193 2413 328 2452; x_wconf 87' lang='lat' dir='ltr'><strong>faciem,</strong></span> <span class='ocrx_word' id='word_1_342' title='bbox 358 2426 397 2446; x_wconf 80' lang='lat' dir='ltr'><strong>ac</strong></span> <span class='ocrx_word' id='word_1_343' title='bbox 421 2414 561 2446; x_wconf 75' lang='lat' dir='ltr'><strong>velatam</strong></span> <span class='ocrx_word' id='word_1_344' title='bbox 595 2416 791 2456; x_wconf 85' lang='lat' dir='ltr'><strong>aspiciebat,</strong></span> <span class='ocrx_word' id='word_1_345' title='bbox 819 2417 865 2446; x_wconf 88' lang='lat' dir='ltr'><strong>ita</strong></span> <span class='ocrx_word' id='word_1_346' title='bbox 888 2416 1030 2446; x_wconf 90' lang='lat' dir='ltr'><strong>omnium</strong></span> 
     </span>
    </p>
   </div>
   <div class='ocr_carea' id='block_1_7' title="bbox 55 2551 659 2581">
    <p class='ocr_par' dir='ltr' id='par_1_9' title="bbox 55 2551 659 2581">
     <span class='ocr_line' id='line_1_52' title="bbox 55 2551 659 2581; baseline -0.003 -5"><span class='ocrx_word' id='word_1_347' title='bbox 55 2552 100 2580; x_wconf 83' lang='grc'><strong>63)</strong></span> <span class='ocrx_word' id='word_1_348' title='bbox 121 2551 172 2581; x_wconf 74' lang='grc'><strong>’25]</strong></span> <span class='ocrx_word' id='word_1_349' title='bbox 190 2552 263 2577; x_wconf 86' lang='lat' dir='ltr'><strong>Editt.</strong></span> <span class='ocrx_word' id='word_1_350' title='bbox 286 2553 375 2577; x_wconf 81' lang='lat'><strong>1—16.</strong></span> <span class='ocrx_word' id='word_1_351' title='bbox 398 2553 435 2577; x_wconf 84' lang='grc'><strong>19.</strong></span> <span class='ocrx_word' id='word_1_352' title='bbox 455 2552 497 2576; x_wconf 81' lang='grc'><strong>23.</strong></span> <span class='ocrx_word' id='word_1_353' title='bbox 517 2552 600 2576; x_wconf 80' lang='lat' dir='ltr'><strong>male:</strong></span> <span class='ocrx_word' id='word_1_354' title='bbox 619 2552 659 2576; x_wconf 73' lang='lat'><strong>24.</strong></span> 
     </span>
    </p>
   </div>
   <div class='ocr_carea' id='block_1_8' title="bbox 242 799 2029 886">
    <p class='ocr_par' dir='ltr' id='par_1_10' title="bbox 242 799 2029 886">
     <span class='ocr_line' id='line_1_53' title="bbox 242 799 1062 840; baseline -0.002 -8"><span class='ocrx_word' id='word_1_355' title='bbox 242 801 326 833; x_wconf 92' lang='lat' dir='ltr'><strong>Illud</strong></span> <span class='ocrx_word' id='word_1_356' title='bbox 348 802 445 832; x_wconf 88' lang='lat' dir='ltr'><strong>etiam</strong></span> <span class='ocrx_word' id='word_1_357' title='bbox 468 800 550 832; x_wconf 86' lang='lat' dir='ltr'><strong>alias</strong></span> <span class='ocrx_word' id='word_1_358' title='bbox 575 802 710 840; x_wconf 88' lang='lat' dir='ltr'><strong>copiose</strong></span> <span class='ocrx_word' id='word_1_359' title='bbox 733 801 862 837; x_wconf 87' lang='lat' dir='ltr'><strong>dicitur,</strong></span> <span class='ocrx_word' id='word_1_360' title='bbox 894 799 1039 831; x_wconf 85' lang='lat' dir='ltr'><strong>Affecta-</strong></span> <span class='ocrx_word' id='word_1_361' title='bbox 1061 833 1062 839; x_wconf 13' lang='grc' dir='ltr'>ἵ</span> 
     </span>
     <span class='ocr_line' id='line_1_54' title="bbox 1061 842 2029 886; baseline 0.002 -14"><span class='ocrx_word' id='word_1_362' title='bbox 1061 842 1062 872; x_wconf 62' lang='grc' dir='ltr'>ἶ</span> <span class='ocrx_word' id='word_1_363' title='bbox 1082 843 1177 886; x_wconf 86' lang='lat' dir='ltr'><strong>leges</strong></span> <span class='ocrx_word' id='word_1_364' title='bbox 1202 851 1324 875; x_wconf 86' lang='lat' dir='ltr'><strong>tantum</strong></span> <span class='ocrx_word' id='word_1_365' title='bbox 1349 842 1516 884; x_wconf 81' lang='lat' dir='ltr'><strong>postulant</strong></span> <span class='ocrx_word' id='word_1_366' title='bbox 1541 851 1595 875; x_wconf 87' lang='lat' dir='ltr'><strong>aut</strong></span> <span class='ocrx_word' id='word_1_367' title='bbox 1621 851 1732 875; x_wconf 80' lang='lat' dir='ltr'><strong>vetant</strong></span> <span class='ocrx_word' id='word_1_368' title='bbox 1757 850 1893 874; x_wconf 81' lang='lat' dir='ltr'><strong>externa</strong></span> <span class='ocrx_word' id='word_1_369' title='bbox 1917 855 2029 884; x_wconf 88' lang='lat' dir='ltr'><strong>opera.</strong></span> 
     </span>
    </p>
   </div>
   <div class='ocr_carea' id='block_1_9' title="bbox 538 113 1597 149">
    <p class='ocr_par' dir='ltr' id='par_1_11' title="bbox 538 113 1597 149">
     <span class='ocr_line' id='line_1_55' title="bbox 538 113 1597 149; baseline -0.002 -3"><span class='ocrx_word' id='word_1_370' title='bbox 538 116 562 146; x_wconf 91' lang='grc'><strong>1.</strong></span> <span class='ocrx_word' id='word_1_371' title='bbox 584 113 992 149; x_wconf 76' lang='lat' dir='ltr'><strong>Locl.THEOLOG101:</strong></span> <span class='ocrx_word' id='word_1_372' title='bbox 1011 114 1054 145; x_wconf 89' lang='lat' dir='ltr'><strong>D.</strong></span> <span class='ocrx_word' id='word_1_373' title='bbox 1077 114 1240 146; x_wconf 84' lang='lat' dir='ltr'><strong>TERTIA</strong></span> <span class='ocrx_word' id='word_1_374' title='bbox 1261 113 1417 146; x_wconf 86' lang='lat' dir='ltr'>EORUM</span> <span class='ocrx_word' id='word_1_375' title='bbox 1440 113 1597 145; x_wconf 87' lang='lat' dir='ltr'><strong>AETAS.</strong></span> 
     </span>
    </p>
   </div>
   <div class='ocr_carea' id='block_1_10' title="bbox 1058 347 1066 1250">
    <p class='ocr_par' dir='ltr' id='par_1_12' title="bbox 1058 347 1066 1250">
     <span class='ocr_line' id='line_1_56' title="bbox 1058 347 1066 1250; baseline 0 0"><span class='ocrx_word' id='word_1_376' title='bbox 1058 347 1066 1250; x_wconf 95' lang='lat' dir='ltr'><strong> </strong></span> 
     </span>
    </p>
   </div>
   <div class='ocr_carea' id='block_1_11' title="bbox 1055 1335 1061 1686">
    <p class='ocr_par' dir='ltr' id='par_1_13' title="bbox 1055 1335 1061 1690">
     <span class='ocr_line' id='line_1_57' title="bbox 1055 1335 1061 1686; baseline 0 0"><span class='ocrx_word' id='word_1_377' title='bbox 1055 1335 1061 1686; x_wconf 62' lang='lat' dir='ltr'><em>s</em></span> 
     </span>
    </p>
   </div>
   <div class='ocr_carea' id='block_1_12' title="bbox 2006 114 2071 146">
    <p class='ocr_par' dir='ltr' id='par_1_14' title="bbox 2006 114 2071 146">
     <span class='ocr_line' id='line_1_58' title="bbox 2006 114 2071 146; baseline 0 -24"><span class='ocrx_word' id='word_1_378' title='bbox 2006 114 2071 146; x_wconf 72' lang='lat'><strong>686</strong></span> 
     </span>
    </p>
   </div>
   <div class='ocr_carea' id='block_1_13' title="bbox 1085 204 2068 333">
    <p class='ocr_par' dir='ltr' id='par_1_15' title="bbox 1085 204 2068 333">
     <span class='ocr_line' id='line_1_59' title="bbox 1086 204 2068 248; baseline 0 -10"><span class='ocrx_word' id='word_1_379' title='bbox 1086 207 1254 241; x_wconf 89' lang='lat' dir='ltr'><strong>hominum</strong></span> <span class='ocrx_word' id='word_1_380' title='bbox 1288 214 1412 238; x_wconf 87' lang='lat' dir='ltr'><strong>mentes</strong></span> <span class='ocrx_word' id='word_1_381' title='bbox 1446 214 1544 248; x_wconf 88' lang='lat' dir='ltr'><strong>atque</strong></span> <span class='ocrx_word' id='word_1_382' title='bbox 1568 205 1654 237; x_wconf 90' lang='lat' dir='ltr'><strong>oculi</strong></span> <span class='ocrx_word' id='word_1_383' title='bbox 1678 204 1981 247; x_wconf 85' lang='lat' dir='ltr'><strong>procul.aspiciunt</strong></span> <span class='ocrx_word' id='word_1_384' title='bbox 2003 207 2068 238; x_wconf 84' lang='lat' dir='ltr'><strong>Le-</strong></span> 
     </span>
     <span class='ocr_line' id='line_1_60' title="bbox 1087 248 2066 291; baseline -0.001 -10"><span class='ocrx_word' id='word_1_385' title='bbox 1087 259 1161 290; x_wconf 89' lang='lat' dir='ltr'><strong>gem</strong></span> <span class='ocrx_word' id='word_1_386' title='bbox 1184 250 1257 288; x_wconf 92' lang='lat' dir='ltr'><strong>Dei,</strong></span> <span class='ocrx_word' id='word_1_387' title='bbox 1279 260 1343 281; x_wconf 87' lang='lat' dir='ltr'><strong>nee</strong></span> <span class='ocrx_word' id='word_1_388' title='bbox 1364 249 1568 291; x_wconf 86' lang='lat' dir='ltr'><strong>intelligunt,</strong></span> <span class='ocrx_word' id='word_1_389' title='bbox 1602 249 1699 290; x_wconf 90' lang='lat' dir='ltr'><strong>quale</strong></span> <span class='ocrx_word' id='word_1_390' title='bbox 1732 248 1887 283; x_wconf 67' lang='lat' dir='ltr'><strong>iudicium</strong></span> <span class='ocrx_word' id='word_1_391' title='bbox 1919 251 1976 287; x_wconf 88' lang='lat' dir='ltr'><strong>sit,</strong></span> <span class='ocrx_word' id='word_1_392' title='bbox 2005 251 2066 281; x_wconf 91' lang='lat' dir='ltr'><strong>sed</strong></span> 
     </span>
     <span class='ocr_line' id='line_1_61' title="bbox 1085 292 2066 333; baseline 0.001 -11"><span class='ocrx_word' id='word_1_393' title='bbox 1085 299 1252 333; x_wconf 73' lang='lat' dir='ltr'><strong>utcmique</strong></span> <span class='ocrx_word' id='word_1_394' title='bbox 1278 293 1460 323; x_wconf 87' lang='lat' dir='ltr'><strong>doctrinam</strong></span> <span class='ocrx_word' id='word_1_395' title='bbox 1488 293 1529 323; x_wconf 93' lang='lat' dir='ltr'><strong>de</strong></span> <span class='ocrx_word' id='word_1_396' title='bbox 1552 293 1696 322; x_wconf 83' lang='lat' dir='ltr'><strong>externis</strong></span> <span class='ocrx_word' id='word_1_397' title='bbox 1721 292 1876 331; x_wconf 75' lang='lat' dir='ltr'><strong>opem&#39;bus</strong></span> <span class='ocrx_word' id='word_1_398' title='bbox 1900 302 1977 322; x_wconf 89' lang='lat' dir='ltr'><strong>esse</strong></span> <span class='ocrx_word' id='word_1_399' title='bbox 2001 294 2066 323; x_wconf 78' lang='lat' dir='ltr'><strong>exi-</strong></span> 
     </span>
    </p>
   </div>
   <div class='ocr_carea' id='block_1_14' title="bbox 1064 333 2065 375">
    <p class='ocr_par' dir='ltr' id='par_1_16' title="bbox 1064 333 2065 375">
     <span class='ocr_line' id='line_1_62' title="bbox 1064 333 2065 375; baseline 0 -10"><span class='ocrx_word' id='word_1_400' title='bbox 1064 339 1066 344; x_wconf 85' lang='lat'>&#39;</span> <span class='ocrx_word' id='word_1_401' title='bbox 1087 335 1236 371; x_wconf 77' lang='lat' dir='ltr'><strong>stimant,</strong></span> <span class='ocrx_word' id='word_1_402' title='bbox 1266 336 1351 365; x_wconf 89' lang='lat' dir='ltr'><strong>sicut</strong></span> <span class='ocrx_word' id='word_1_403' title='bbox 1379 335 1421 365; x_wconf 89' lang='lat' dir='ltr'><strong>de</strong></span> <span class='ocrx_word' id='word_1_404' title='bbox 1443 333 1634 375; x_wconf 64' lang='lat' dir='ltr'><strong>Phocylidis</strong></span> <span class='ocrx_word' id='word_1_405' title='bbox 1665 342 1718 365; x_wconf 86' lang='lat' dir='ltr'><strong>aut</strong></span> <span class='ocrx_word' id='word_1_406' title='bbox 1744 333 1947 375; x_wconf 79' lang='lat' dir='ltr'><strong>Theognidis</strong></span> <span class='ocrx_word' id='word_1_407' title='bbox 1971 345 2065 375; x_wconf 86' lang='lat' dir='ltr'><strong>prae-</strong></span> 
     </span>
    </p>
   </div>
   <div class='ocr_carea' id='block_1_15' title="bbox 1076 376 2066 2246">
    <p class='ocr_par' dir='ltr' id='par_1_17' title="bbox 1083 376 2066 800">
     <span class='ocr_line' id='line_1_63' title="bbox 1086 376 2065 418; baseline -0.001 -10"><span class='ocrx_word' id='word_1_408' title='bbox 1086 378 1190 417; x_wconf 90' lang='lat' dir='ltr'><strong>ceptis</strong></span> <span class='ocrx_word' id='word_1_409' title='bbox 1216 378 1371 418; x_wconf 78' lang='lat' dir='ltr'><strong>cogitant-</strong></span> <span class='ocrx_word' id='word_1_410' title='bbox 1417 376 1483 407; x_wconf 90' lang='lat' dir='ltr'><strong>Sed</strong></span> <span class='ocrx_word' id='word_1_411' title='bbox 1507 376 1619 417; x_wconf 81' lang='lat' dir='ltr'><strong>plures</strong></span> <span class='ocrx_word' id='word_1_412' title='bbox 1643 386 1785 408; x_wconf 75' lang='lat' dir='ltr'><strong>caussae</strong></span> <span class='ocrx_word' id='word_1_413' title='bbox 1812 384 1885 407; x_wconf 84' lang='lat' dir='ltr'><strong>sunt</strong></span> <span class='ocrx_word' id='word_1_414' title='bbox 1911 384 1941 407; x_wconf 90' lang='lat' dir='ltr'><strong>et</strong></span> <span class='ocrx_word' id='word_1_415' title='bbox 1965 378 2065 408; x_wconf 81' lang='lat' dir='ltr'><strong>maio-</strong></span> 
     </span>
     <span class='ocr_line' id='line_1_64' title="bbox 1083 418 2066 460; baseline 0.001 -11"><span class='ocrx_word' id='word_1_416' title='bbox 1083 429 1138 450; x_wconf 90' lang='lat' dir='ltr'><strong>res</strong></span> <span class='ocrx_word' id='word_1_417' title='bbox 1162 420 1300 450; x_wconf 79' lang='lat' dir='ltr'><strong>traditae</strong></span> <span class='ocrx_word' id='word_1_418' title='bbox 1323 426 1354 450; x_wconf 88' lang='lat' dir='ltr'><strong>et</strong></span> <span class='ocrx_word' id='word_1_419' title='bbox 1375 418 1541 451; x_wconf 83' lang='lat' dir='ltr'><strong>revelatae</strong></span> <span class='ocrx_word' id='word_1_420' title='bbox 1563 419 1666 460; x_wconf 83' lang='lat' dir='ltr'><strong>Legis</strong></span> <span class='ocrx_word' id='word_1_421' title='bbox 1689 419 1829 456; x_wconf 75' lang='lat' dir='ltr'><strong>divinae,</strong></span> <span class='ocrx_word' id='word_1_422' title='bbox 1854 426 1888 450; x_wconf 88' lang='lat' dir='ltr'><strong>ut</strong></span> <span class='ocrx_word' id='word_1_423' title='bbox 1911 418 1996 450; x_wconf 85' lang='lat' dir='ltr'><strong>infra</strong></span> <span class='ocrx_word' id='word_1_424' title='bbox 2020 421 2066 450; x_wconf 89' lang='lat' dir='ltr'><strong>di-</strong></span> 
     </span>
     <span class='ocr_line' id='line_1_65' title="bbox 1084 461 2064 502; baseline 0.001 -10"><span class='ocrx_word' id='word_1_425' title='bbox 1084 469 1186 492; x_wconf 87' lang='lat' dir='ltr'><strong>cetur.</strong></span> <span class='ocrx_word' id='word_1_426' title='bbox 1231 462 1306 492; x_wconf 92' lang='lat' dir='ltr'><strong>Non</strong></span> <span class='ocrx_word' id='word_1_427' title='bbox 1329 462 1379 491; x_wconf 85' lang='lat' dir='ltr'><strong>sic</strong></span> <span class='ocrx_word' id='word_1_428' title='bbox 1401 462 1599 501; x_wconf 86' lang='lat' dir='ltr'><strong>aspiciamus</strong></span> <span class='ocrx_word' id='word_1_429' title='bbox 1624 461 1747 502; x_wconf 79' lang='lat' dir='ltr'><strong>Legem</strong></span> <span class='ocrx_word' id='word_1_430' title='bbox 1769 461 1848 501; x_wconf 77' lang='lat' dir='ltr'><strong>Dei,</strong></span> <span class='ocrx_word' id='word_1_431' title='bbox 1872 469 1907 493; x_wconf 88' lang='lat' dir='ltr'><strong>ut</strong></span> <span class='ocrx_word' id='word_1_432' title='bbox 1933 461 2064 493; x_wconf 87' lang='lat' dir='ltr'><strong>tabulas</strong></span> 
     </span>
     <span class='ocr_line' id='line_1_66' title="bbox 1084 503 2064 544; baseline 0.001 -10"><span class='ocrx_word' id='word_1_433' title='bbox 1084 503 1325 535; x_wconf 86' lang='lat' dir='ltr'><strong>decemvirales</strong></span> <span class='ocrx_word' id='word_1_434' title='bbox 1359 503 1544 541; x_wconf 72' lang='lat' dir='ltr'><strong>Romanas.</strong></span> <span class='ocrx_word' id='word_1_435' title='bbox 1584 514 1669 544; x_wconf 88' lang='lat' dir='ltr'><strong>quae</strong></span> <span class='ocrx_word' id='word_1_436' title='bbox 1703 510 1779 534; x_wconf 86' lang='lat' dir='ltr'><strong>ante</strong></span> <span class='ocrx_word' id='word_1_437' title='bbox 1814 503 1913 534; x_wconf 88' lang='lat' dir='ltr'><strong>multa</strong></span> <span class='ocrx_word' id='word_1_438' title='bbox 1948 505 2064 536; x_wconf 82' lang='lat' dir='ltr'><strong>secula</strong></span> 
     </span>
     <span class='ocr_line' id='line_1_67' title="bbox 1083 546 2064 586; baseline 0.001 -9"><span class='ocrx_word' id='word_1_439' title='bbox 1083 555 1157 577; x_wconf 88' lang='lat' dir='ltr'><strong>cum</strong></span> <span class='ocrx_word' id='word_1_440' title='bbox 1186 556 1248 577; x_wconf 89' lang='lat' dir='ltr'><strong>sua</strong></span> <span class='ocrx_word' id='word_1_441' title='bbox 1278 547 1369 577; x_wconf 85' lang='lat' dir='ltr'><strong>curia</strong></span> <span class='ocrx_word' id='word_1_442' title='bbox 1392 551 1425 576; x_wconf 81' lang='lat' dir='ltr'><strong>et</strong></span> <span class='ocrx_word' id='word_1_443' title='bbox 1447 547 1570 577; x_wconf 81' lang='lat' dir='ltr'><strong>nostris</strong></span> <span class='ocrx_word' id='word_1_444' title='bbox 1594 547 1771 586; x_wconf 86' lang='lat' dir='ltr'><strong>perierunt.</strong></span> <span class='ocrx_word' id='word_1_445' title='bbox 1818 546 1886 578; x_wconf 84' lang='lat' dir='ltr'><strong>Sed</strong></span> <span class='ocrx_word' id='word_1_446' title='bbox 1907 546 1977 578; x_wconf 81' lang='lat' dir='ltr'><strong>Lex</strong></span> <span class='ocrx_word' id='word_1_447' title='bbox 1999 547 2064 578; x_wconf 94' lang='lat' dir='ltr'><strong>Dei</strong></span> 
     </span>
     <span class='ocr_line' id='line_1_68' title="bbox 1084 589 2064 631; baseline 0.002 -12"><span class='ocrx_word' id='word_1_448' title='bbox 1084 595 1136 619; x_wconf 90' lang='lat' dir='ltr'><strong>est</strong></span> <span class='ocrx_word' id='word_1_449' title='bbox 1158 589 1275 631; x_wconf 86' lang='lat' dir='ltr'><strong>regula</strong></span> <span class='ocrx_word' id='word_1_450' title='bbox 1299 596 1433 619; x_wconf 86' lang='lat' dir='ltr'><strong>aeterna</strong></span> <span class='ocrx_word' id='word_1_451' title='bbox 1457 594 1489 619; x_wconf 90' lang='lat' dir='ltr'><strong>et</strong></span> <span class='ocrx_word' id='word_1_452' title='bbox 1511 589 1644 619; x_wconf 89' lang='lat' dir='ltr'><strong>immota</strong></span> <span class='ocrx_word' id='word_1_453' title='bbox 1666 590 1784 619; x_wconf 88' lang='lat' dir='ltr'><strong>mentis</strong></span> <span class='ocrx_word' id='word_1_454' title='bbox 1810 589 1940 620; x_wconf 82' lang='lat' dir='ltr'><strong>divinae</strong></span> <span class='ocrx_word' id='word_1_455' title='bbox 1963 597 1995 620; x_wconf 88' lang='lat' dir='ltr'><strong>et</strong></span> <span class='ocrx_word' id='word_1_456' title='bbox 2017 590 2064 621; x_wconf 91' lang='lat' dir='ltr'><strong>iu-</strong></span> 
     </span>
     <span class='ocr_line' id='line_1_69' title="bbox 1084 632 2063 671; baseline 0 -9"><span class='ocrx_word' id='word_1_457' title='bbox 1084 632 1202 662; x_wconf 85' lang='lat' dir='ltr'><strong>dicium</strong></span> <span class='ocrx_word' id='word_1_458' title='bbox 1224 632 1387 662; x_wconf 74' lang='lat' dir='ltr'><strong>adversus</strong></span> <span class='ocrx_word' id='word_1_459' title='bbox 1410 637 1595 671; x_wconf 86' lang='lat' dir='ltr'><strong>peccatum,</strong></span> <span class='ocrx_word' id='word_1_460' title='bbox 1619 632 1705 671; x_wconf 92' lang='lat' dir='ltr'><strong>quod</strong></span> <span class='ocrx_word' id='word_1_461' title='bbox 1730 633 1926 671; x_wconf 86' lang='lat' dir='ltr'><strong>impressum</strong></span> <span class='ocrx_word' id='word_1_462' title='bbox 1938 638 1988 663; x_wconf 89' lang='lat' dir='ltr'><strong>est</strong></span> <span class='ocrx_word' id='word_1_463' title='bbox 2004 632 2063 662; x_wconf 91' lang='lat' dir='ltr'><strong>hu-</strong></span> 
     </span>
     <span class='ocr_line' id='line_1_70' title="bbox 1083 673 2062 714; baseline 0.001 -10"><span class='ocrx_word' id='word_1_464' title='bbox 1083 675 1188 704; x_wconf 88' lang='lat' dir='ltr'><strong>manis</strong></span> <span class='ocrx_word' id='word_1_465' title='bbox 1210 675 1373 704; x_wconf 85' lang='lat' dir='ltr'><strong>mentibus</strong></span> <span class='ocrx_word' id='word_1_466' title='bbox 1397 679 1427 704; x_wconf 92' lang='lat' dir='ltr'><strong>et</strong></span> <span class='ocrx_word' id='word_1_467' title='bbox 1452 683 1553 714; x_wconf 87' lang='lat' dir='ltr'><strong>saepe</strong></span> <span class='ocrx_word' id='word_1_468' title='bbox 1575 673 1638 704; x_wconf 93' lang='lat' dir='ltr'><strong>Dei</strong></span> <span class='ocrx_word' id='word_1_469' title='bbox 1661 684 1745 705; x_wconf 73' lang='lat' dir='ltr'><strong>voce</strong></span> <span class='ocrx_word' id='word_1_470' title='bbox 1767 675 2002 714; x_wconf 79' lang='lat' dir='ltr'><strong>praedicatum,</strong></span> <span class='ocrx_word' id='word_1_471' title='bbox 2019 677 2062 712; x_wconf 72' lang='lat'><strong>6⁴)</strong></span> 
     </span>
     <span class='ocr_line' id='line_1_71' title="bbox 1084 715 2062 758; baseline 0.001 -11"><span class='ocrx_word' id='word_1_472' title='bbox 1084 718 1124 747; x_wconf 86' lang='lat' dir='ltr'><strong>de</strong></span> <span class='ocrx_word' id='word_1_473' title='bbox 1159 725 1224 758; x_wconf 90' lang='lat' dir='ltr'><strong>quo</strong></span> <span class='ocrx_word' id='word_1_474' title='bbox 1254 717 1330 747; x_wconf 90' lang='lat' dir='ltr'><strong>dicit</strong></span> <span class='ocrx_word' id='word_1_475' title='bbox 1362 715 1514 746; x_wconf 86' lang='lat' dir='ltr'><strong>Christus</strong></span> <span class='ocrx_word' id='word_1_476' title='bbox 1539 715 1666 755; x_wconf 84' lang='lat' dir='ltr'><strong>[Matth.</strong></span> <span class='ocrx_word' id='word_1_477' title='bbox 1691 716 1726 750; x_wconf 83' lang='lat'><strong>5.</strong></span> <span class='ocrx_word' id='word_1_478' title='bbox 1759 717 1843 754; x_wconf 83' lang='lat'><strong>17.]:</strong></span> <span class='ocrx_word' id='word_1_479' title='bbox 1874 717 1948 748; x_wconf 88' lang='lat' dir='ltr'><strong>Non</strong></span> <span class='ocrx_word' id='word_1_480' title='bbox 1972 718 2062 748; x_wconf 78' lang='lat' dir='ltr'><strong>venit</strong></span> 
     </span>
     <span class='ocr_line' id='line_1_72' title="bbox 1083 757 1702 800; baseline 0.002 -11"><span class='ocrx_word' id='word_1_481' title='bbox 1083 758 1217 790; x_wconf 85' lang='lat' dir='ltr'><strong>solvere</strong></span> <span class='ocrx_word' id='word_1_482' title='bbox 1238 759 1374 800; x_wconf 88' lang='lat' dir='ltr'><strong>Legem,</strong></span> <span class='ocrx_word' id='word_1_483' title='bbox 1398 760 1457 790; x_wconf 87' lang='lat' dir='ltr'><strong>sed</strong></span> <span class='ocrx_word' id='word_1_484' title='bbox 1479 757 1614 799; x_wconf 90' lang='lat' dir='ltr'><strong>implere</strong></span> <span class='ocrx_word' id='word_1_485' title='bbox 1639 766 1702 790; x_wconf 87' lang='lat' dir='ltr'><strong>etc.</strong></span> 
     </span>
    </p>

    <p class='ocr_par' dir='ltr' id='par_1_18' title="bbox 1170 801 2062 843">
     <span class='ocr_line' id='line_1_73' title="bbox 1170 801 2062 843; baseline 0 -11"><span class='ocrx_word' id='word_1_486' title='bbox 1170 802 1242 832; x_wconf 90' lang='lat' dir='ltr'><strong>Hoc</strong></span> <span class='ocrx_word' id='word_1_487' title='bbox 1275 803 1374 843; x_wconf 88' lang='lat' dir='ltr'><strong>igitur</strong></span> <span class='ocrx_word' id='word_1_488' title='bbox 1401 801 1578 832; x_wconf 83' lang='lat' dir='ltr'><strong>discrimen</strong></span> <span class='ocrx_word' id='word_1_489' title='bbox 1607 802 1848 832; x_wconf 75' lang='lat' dir='ltr'><strong>consideretur.</strong></span> <span class='ocrx_word' id='word_1_490' title='bbox 1893 801 2062 833; x_wconf 83' lang='lat' dir='ltr'><strong>Humanae</strong></span> 
     </span>
    </p>

    <p class='ocr_par' dir='ltr' id='par_1_19' title="bbox 1080 885 2062 1386">
     <span class='ocr_line' id='line_1_74' title="bbox 1168 885 2061 928; baseline 0 -11"><span class='ocrx_word' id='word_1_491' title='bbox 1168 886 1380 927; x_wconf 80' lang='lat' dir='ltr'><strong>Philosophia</strong></span> <span class='ocrx_word' id='word_1_492' title='bbox 1409 887 1505 917; x_wconf 90' lang='lat' dir='ltr'><strong>docet</strong></span> <span class='ocrx_word' id='word_1_493' title='bbox 1540 886 1706 928; x_wconf 86' lang='lat' dir='ltr'><strong>aliquanto</strong></span> <span class='ocrx_word' id='word_1_494' title='bbox 1729 885 1885 926; x_wconf 65' lang='lat' dir='ltr'><strong>amplius,</strong></span> <span class='ocrx_word' id='word_1_495' title='bbox 1911 886 2061 917; x_wconf 77' lang='lat' dir='ltr'><strong>videlicet</strong></span> 
     </span>
     <span class='ocr_line' id='line_1_75' title="bbox 1083 929 2061 960; baseline 0.001 -1"><span class='ocrx_word' id='word_1_496' title='bbox 1083 930 1243 960; x_wconf 84' lang='lat' dir='ltr'><strong>actionem</strong></span> <span class='ocrx_word' id='word_1_497' title='bbox 1276 929 1448 960; x_wconf 87' lang='lat' dir='ltr'><strong>honestam</strong></span> <span class='ocrx_word' id='word_1_498' title='bbox 1479 939 1554 959; x_wconf 82' lang='lat' dir='ltr'><strong>esse</strong></span> <span class='ocrx_word' id='word_1_499' title='bbox 1578 940 1643 960; x_wconf 92' lang='lat' dir='ltr'><strong>non</strong></span> <span class='ocrx_word' id='word_1_500' title='bbox 1666 936 1791 960; x_wconf 87' lang='lat' dir='ltr'><strong>tantum</strong></span> <span class='ocrx_word' id='word_1_501' title='bbox 1814 936 1983 960; x_wconf 78' lang='lat' dir='ltr'><strong>externum</strong></span> <span class='ocrx_word' id='word_1_502' title='bbox 2007 937 2061 960; x_wconf 89' lang='lat' dir='ltr'><strong>aut</strong></span> 
     </span>
     <span class='ocr_line' id='line_1_76' title="bbox 1082 971 2061 1011; baseline 0 -9"><span class='ocrx_word' id='word_1_503' title='bbox 1082 971 1270 1003; x_wconf 85' lang='lat' dir='ltr'><strong>simulatum</strong></span> <span class='ocrx_word' id='word_1_504' title='bbox 1299 981 1400 1011; x_wconf 90' lang='lat' dir='ltr'><strong>opus,</strong></span> <span class='ocrx_word' id='word_1_505' title='bbox 1434 972 1495 1002; x_wconf 82' lang='lat' dir='ltr'><strong>sed</strong></span> <span class='ocrx_word' id='word_1_506' title='bbox 1519 973 1551 1002; x_wconf 89' lang='lat' dir='ltr'><strong>in</strong></span> <span class='ocrx_word' id='word_1_507' title='bbox 1574 978 1682 1003; x_wconf 88' lang='lat' dir='ltr'><strong>mente</strong></span> <span class='ocrx_word' id='word_1_508' title='bbox 1705 978 1830 1003; x_wconf 88' lang='lat' dir='ltr'><strong>rectum</strong></span> <span class='ocrx_word' id='word_1_509' title='bbox 1854 972 2007 1003; x_wconf 88' lang='lat' dir='ltr'><strong>iudicium</strong></span> <span class='ocrx_word' id='word_1_510' title='bbox 2031 979 2061 1003; x_wconf 90' lang='lat' dir='ltr'><strong>et</strong></span> 
     </span>
     <span class='ocr_line' id='line_1_77' title="bbox 1082 1013 2062 1055; baseline 0 -10"><span class='ocrx_word' id='word_1_511' title='bbox 1082 1015 1114 1045; x_wconf 93' lang='lat' dir='ltr'><strong>in</strong></span> <span class='ocrx_word' id='word_1_512' title='bbox 1149 1013 1318 1045; x_wconf 88' lang='lat' dir='ltr'><strong>voluntate</strong></span> <span class='ocrx_word' id='word_1_513' title='bbox 1350 1013 1487 1044; x_wconf 84' lang='lat' dir='ltr'><strong>liberam</strong></span> <span class='ocrx_word' id='word_1_514' title='bbox 1516 1013 1712 1045; x_wconf 86' lang='lat' dir='ltr'><strong>electionem</strong></span> <span class='ocrx_word' id='word_1_515' title='bbox 1736 1025 1796 1044; x_wconf 89' lang='lat' dir='ltr'><strong>seu</strong></span> <span class='ocrx_word' id='word_1_516' title='bbox 1819 1019 1996 1055; x_wconf 77' lang='grc' dir='ltr'><strong><em>προαίρεσιν</em></strong></span> <span class='ocrx_word' id='word_1_517' title='bbox 2019 1015 2062 1045; x_wconf 84' lang='grc'><strong>311</strong></span> 
     </span>
     <span class='ocr_line' id='line_1_78' title="bbox 1082 1055 2061 1097; baseline 0 -10"><span class='ocrx_word' id='word_1_518' title='bbox 1082 1064 1173 1088; x_wconf 89' lang='lat' dir='ltr'><strong>recte</strong></span> <span class='ocrx_word' id='word_1_519' title='bbox 1196 1055 1393 1094; x_wconf 85' lang='lat' dir='ltr'><strong>faciendum,</strong></span> <span class='ocrx_word' id='word_1_520' title='bbox 1416 1057 1531 1097; x_wconf 76' lang='lat' dir='ltr'><strong>inquit,</strong></span> <span class='ocrx_word' id='word_1_521' title='bbox 1555 1057 1715 1087; x_wconf 88' lang='lat' dir='ltr'><strong>accedere</strong></span> <span class='ocrx_word' id='word_1_522' title='bbox 1724 1058 1766 1091; x_wconf 75' lang='lat'><strong>⁶⁵)</strong></span> <span class='ocrx_word' id='word_1_523' title='bbox 1791 1064 1955 1097; x_wconf 87' lang='lat' dir='ltr'><strong>oportere.</strong></span> <span class='ocrx_word' id='word_1_524' title='bbox 1990 1057 2061 1087; x_wconf 81' lang='lat' dir='ltr'><strong>Mo-</strong></span> 
     </span>
     <span class='ocr_line' id='line_1_79' title="bbox 1082 1099 2061 1141; baseline 0 -11"><span class='ocrx_word' id='word_1_525' title='bbox 1082 1101 1283 1131; x_wconf 85' lang='lat' dir='ltr'><strong>derationem</strong></span> <span class='ocrx_word' id='word_1_526' title='bbox 1311 1100 1412 1141; x_wconf 85' lang='lat' dir='ltr'><strong>igitur</strong></span> <span class='ocrx_word' id='word_1_527' title='bbox 1435 1099 1598 1140; x_wconf 86' lang='lat' dir='ltr'><strong>quandam</strong></span> <span class='ocrx_word' id='word_1_528' title='bbox 1620 1100 1808 1130; x_wconf 89' lang='lat' dir='ltr'><strong>interiorem</strong></span> <span class='ocrx_word' id='word_1_529' title='bbox 1831 1099 2006 1130; x_wconf 85' lang='lat' dir='ltr'><strong>affectuum</strong></span> <span class='ocrx_word' id='word_1_530' title='bbox 2030 1106 2061 1130; x_wconf 92' lang='lat' dir='ltr'><strong>et</strong></span> 
     </span>
     <span class='ocr_line' id='line_1_80' title="bbox 1082 1141 2061 1182; baseline -0.002 -9"><span class='ocrx_word' id='word_1_531' title='bbox 1082 1143 1248 1174; x_wconf 84' lang='lat' dir='ltr'><strong>actionum</strong></span> <span class='ocrx_word' id='word_1_532' title='bbox 1264 1145 1307 1176; x_wconf 69' lang='grc'><strong>66)</strong></span> <span class='ocrx_word' id='word_1_533' title='bbox 1353 1141 1515 1182; x_wconf 71' lang='lat' dir='ltr'><strong>postulat,</strong></span> <span class='ocrx_word' id='word_1_534' title='bbox 1556 1152 1640 1182; x_wconf 88' lang='lat' dir='ltr'><strong>quae</strong></span> <span class='ocrx_word' id='word_1_535' title='bbox 1673 1143 1805 1182; x_wconf 89' lang='lat' dir='ltr'><strong>proprie</strong></span> <span class='ocrx_word' id='word_1_536' title='bbox 1838 1149 2001 1173; x_wconf 80' lang='lat' dir='ltr'><strong>vocantur</strong></span> <span class='ocrx_word' id='word_1_537' title='bbox 2017 1145 2061 1176; x_wconf 73' lang='grc'><strong>67)</strong></span> 
     </span>
     <span class='ocr_line' id='line_1_81' title="bbox 1081 1184 2060 1224; baseline 0 -10"><span class='ocrx_word' id='word_1_538' title='bbox 1081 1185 1182 1223; x_wconf 74' lang='grc' dir='ltr'><strong>ἠθική.</strong></span> <span class='ocrx_word' id='word_1_539' title='bbox 1226 1184 1303 1214; x_wconf 90' lang='lat' dir='ltr'><strong>Non</strong></span> <span class='ocrx_word' id='word_1_540' title='bbox 1326 1190 1434 1215; x_wconf 88' lang='lat' dir='ltr'><strong>autem</strong></span> <span class='ocrx_word' id='word_1_541' title='bbox 1458 1190 1594 1215; x_wconf 84' lang='lat' dir='ltr'><strong>accusat</strong></span> <span class='ocrx_word' id='word_1_542' title='bbox 1615 1184 1797 1215; x_wconf 87' lang='lat' dir='ltr'><strong>naturalem</strong></span> <span class='ocrx_word' id='word_1_543' title='bbox 1820 1185 2060 1224; x_wconf 81' lang='lat' dir='ltr'><strong>immunditiem,</strong></span> 
     </span>
     <span class='ocr_line' id='line_1_82' title="bbox 1080 1225 2061 1268; baseline -0.001 -10"><span class='ocrx_word' id='word_1_544' title='bbox 1080 1238 1142 1258; x_wconf 86' lang='lat' dir='ltr'><strong>nec</strong></span> <span class='ocrx_word' id='word_1_545' title='bbox 1166 1228 1287 1258; x_wconf 89' lang='lat' dir='ltr'><strong>iudicat</strong></span> <span class='ocrx_word' id='word_1_546' title='bbox 1303 1230 1347 1263; x_wconf 52' lang='grc' dir='ltr'>(ἰδ’)</span> <span class='ocrx_word' id='word_1_547' title='bbox 1370 1225 1427 1257; x_wconf 87' lang='grc'><strong>1113</strong></span> <span class='ocrx_word' id='word_1_548' title='bbox 1449 1235 1575 1257; x_wconf 83' lang='lat' dir='ltr'><strong>summa</strong></span> <span class='ocrx_word' id='word_1_549' title='bbox 1599 1228 1676 1257; x_wconf 70' lang='lat' dir='ltr'><strong>vitia</strong></span> <span class='ocrx_word' id='word_1_550' title='bbox 1698 1228 1876 1268; x_wconf 80' lang='lat' dir='ltr'><strong>pugnantia</strong></span> <span class='ocrx_word' id='word_1_551' title='bbox 1902 1238 1975 1258; x_wconf 92' lang='lat' dir='ltr'><strong>cum</strong></span> <span class='ocrx_word' id='word_1_552' title='bbox 1997 1228 2061 1268; x_wconf 89' lang='lat' dir='ltr'><strong>pri-</strong></span> 
     </span>
     <span class='ocr_line' id='line_1_83' title="bbox 1080 1268 2061 1307; baseline 0.001 -8"><span class='ocrx_word' id='word_1_553' title='bbox 1080 1280 1134 1300; x_wconf 86' lang='lat' dir='ltr'><strong>ma</strong></span> <span class='ocrx_word' id='word_1_554' title='bbox 1156 1269 1282 1305; x_wconf 76' lang='lat' dir='ltr'><strong>tabula,</strong></span> <span class='ocrx_word' id='word_1_555' title='bbox 1307 1270 1543 1300; x_wconf 83' lang='lat' dir='ltr'><strong>dubitationem</strong></span> <span class='ocrx_word' id='word_1_556' title='bbox 1566 1270 1607 1300; x_wconf 88' lang='lat' dir='ltr'><strong>de</strong></span> <span class='ocrx_word' id='word_1_557' title='bbox 1629 1268 1720 1307; x_wconf 81' lang='lat' dir='ltr'><strong>Deo,</strong></span> <span class='ocrx_word' id='word_1_558' title='bbox 1745 1280 1803 1300; x_wconf 89' lang='lat' dir='ltr'><strong>cor</strong></span> <span class='ocrx_word' id='word_1_559' title='bbox 1827 1279 1950 1300; x_wconf 79' lang='lat' dir='ltr'><strong>vacans</strong></span> <span class='ocrx_word' id='word_1_560' title='bbox 1974 1277 2061 1300; x_wconf 83' lang='lat' dir='ltr'><strong>metu</strong></span> 
     </span>
     <span class='ocr_line' id='line_1_84' title="bbox 1081 1310 2060 1349; baseline -0.001 -6"><span class='ocrx_word' id='word_1_561' title='bbox 1081 1319 1113 1344; x_wconf 91' lang='lat' dir='ltr'><strong>et</strong></span> <span class='ocrx_word' id='word_1_562' title='bbox 1136 1311 1310 1343; x_wconf 86' lang='lat' dir='ltr'><strong>dilectione</strong></span> <span class='ocrx_word' id='word_1_563' title='bbox 1333 1311 1408 1349; x_wconf 92' lang='lat' dir='ltr'><strong>Dei,</strong></span> <span class='ocrx_word' id='word_1_564' title='bbox 1430 1310 1645 1343; x_wconf 82' lang='lat' dir='ltr'><strong>diffidentiam</strong></span> <span class='ocrx_word' id='word_1_565' title='bbox 1669 1319 1699 1342; x_wconf 90' lang='lat' dir='ltr'><strong>et</strong></span> <span class='ocrx_word' id='word_1_566' title='bbox 1723 1311 1849 1343; x_wconf 88' lang='lat' dir='ltr'><strong>similes</strong></span> <span class='ocrx_word' id='word_1_567' title='bbox 1868 1313 2004 1343; x_wconf 90' lang='lat' dir='ltr'><strong>morbos</strong></span> <span class='ocrx_word' id='word_1_568' title='bbox 2029 1314 2060 1343; x_wconf 94' lang='lat' dir='ltr'><strong>in</strong></span> 
     </span>
     <span class='ocr_line' id='line_1_85' title="bbox 1080 1354 1568 1386; baseline -0.004 0"><span class='ocrx_word' id='word_1_569' title='bbox 1080 1361 1197 1386; x_wconf 85' lang='lat' dir='ltr'><strong>natura</strong></span> <span class='ocrx_word' id='word_1_570' title='bbox 1218 1355 1360 1386; x_wconf 90' lang='lat' dir='ltr'><strong>hominis</strong></span> <span class='ocrx_word' id='word_1_571' title='bbox 1383 1354 1568 1385; x_wconf 86' lang='lat' dir='ltr'><strong>haerentes.</strong></span> 
     </span>
    </p>

    <p class='ocr_par' dir='ltr' id='par_1_20' title="bbox 1078 1396 2061 2026">
     <span class='ocr_line' id='line_1_86' title="bbox 1166 1396 2059 1438; baseline 0 -10"><span class='ocrx_word' id='word_1_572' title='bbox 1166 1398 1211 1428; x_wconf 89' lang='lat' dir='ltr'><strong>At</strong></span> <span class='ocrx_word' id='word_1_573' title='bbox 1233 1397 1302 1428; x_wconf 82' lang='lat' dir='ltr'><strong>Lex</strong></span> <span class='ocrx_word' id='word_1_574' title='bbox 1326 1396 1389 1428; x_wconf 90' lang='lat' dir='ltr'><strong>Dei</strong></span> <span class='ocrx_word' id='word_1_575' title='bbox 1411 1407 1477 1428; x_wconf 87' lang='lat' dir='ltr'><strong>non</strong></span> <span class='ocrx_word' id='word_1_576' title='bbox 1500 1403 1625 1428; x_wconf 81' lang='lat' dir='ltr'><strong>tantuin</strong></span> <span class='ocrx_word' id='word_1_577' title='bbox 1647 1397 1783 1438; x_wconf 84' lang='lat' dir='ltr'><strong>requirit</strong></span> <span class='ocrx_word' id='word_1_578' title='bbox 1802 1404 1935 1428; x_wconf 79' lang='lat' dir='ltr'><strong>externa</strong></span> <span class='ocrx_word' id='word_1_579' title='bbox 1959 1396 2059 1434; x_wconf 73' lang='lat' dir='ltr'><strong>facta,</strong></span> 
     </span>
     <span class='ocr_line' id='line_1_87' title="bbox 1080 1438 2061 1481; baseline 0 -11"><span class='ocrx_word' id='word_1_580' title='bbox 1080 1447 1135 1471; x_wconf 85' lang='lat' dir='ltr'><strong>aut</strong></span> <span class='ocrx_word' id='word_1_581' title='bbox 1148 1439 1236 1471; x_wconf 90' lang='lat' dir='ltr'><strong>illam</strong></span> <span class='ocrx_word' id='word_1_582' title='bbox 1248 1439 1447 1481; x_wconf 84' lang='lat' dir='ltr'><strong>diligentiam</strong></span> <span class='ocrx_word' id='word_1_583' title='bbox 1465 1438 1698 1470; x_wconf 87' lang='lat' dir='ltr'><strong>frenandorum</strong></span> <span class='ocrx_word' id='word_1_584' title='bbox 1720 1439 1907 1477; x_wconf 87' lang='lat' dir='ltr'><strong>affectuum,</strong></span> <span class='ocrx_word' id='word_1_585' title='bbox 1931 1440 1972 1470; x_wconf 91' lang='lat' dir='ltr'><strong>de</strong></span> <span class='ocrx_word' id='word_1_586' title='bbox 1996 1451 2061 1481; x_wconf 88' lang='lat' dir='ltr'><strong>qua</strong></span> 
     </span>
     <span class='ocr_line' id='line_1_88' title="bbox 1080 1482 2060 1523; baseline 0 -10"><span class='ocrx_word' id='word_1_587' title='bbox 1080 1482 1274 1523; x_wconf 87' lang='lat' dir='ltr'><strong>Philosophi</strong></span> <span class='ocrx_word' id='word_1_588' title='bbox 1297 1482 1485 1523; x_wconf 76' lang='lat' dir='ltr'><strong>loquunnu·,</strong></span> <span class='ocrx_word' id='word_1_589' title='bbox 1509 1483 1569 1513; x_wconf 89' lang='lat' dir='ltr'><strong>sed</strong></span> <span class='ocrx_word' id='word_1_590' title='bbox 1591 1483 1762 1523; x_wconf 85' lang='lat' dir='ltr'><strong>praecipit,</strong></span> <span class='ocrx_word' id='word_1_591' title='bbox 1786 1489 1820 1513; x_wconf 93' lang='lat' dir='ltr'><strong>ut</strong></span> <span class='ocrx_word' id='word_1_592' title='bbox 1843 1489 1960 1513; x_wconf 86' lang='lat' dir='ltr'><strong>natura</strong></span> <span class='ocrx_word' id='word_1_593' title='bbox 1980 1483 2060 1513; x_wconf 70' lang='lat' dir='ltr'><strong>inie-</strong></span> 
     </span>
     <span class='ocr_line' id='line_1_89' title="bbox 1080 1524 2060 1567; baseline 0 -11"><span class='ocrx_word' id='word_1_594' title='bbox 1080 1536 1140 1567; x_wconf 86' lang='lat' dir='ltr'><strong>gre</strong></span> <span class='ocrx_word' id='word_1_595' title='bbox 1162 1526 1292 1557; x_wconf 88' lang='lat' dir='ltr'><strong>obediat</strong></span> <span class='ocrx_word' id='word_1_596' title='bbox 1313 1525 1405 1563; x_wconf 84' lang='lat' dir='ltr'><strong>Deo,</strong></span> <span class='ocrx_word' id='word_1_597' title='bbox 1439 1525 1564 1556; x_wconf 89' lang='lat' dir='ltr'><strong>firmam</strong></span> <span class='ocrx_word' id='word_1_598' title='bbox 1588 1526 1629 1556; x_wconf 87' lang='lat' dir='ltr'><strong>de</strong></span> <span class='ocrx_word' id='word_1_599' title='bbox 1652 1525 1725 1556; x_wconf 89' lang='lat' dir='ltr'><strong>Deo</strong></span> <span class='ocrx_word' id='word_1_600' title='bbox 1749 1526 1894 1556; x_wconf 87' lang='lat' dir='ltr'><strong>notitiam</strong></span> <span class='ocrx_word' id='word_1_601' title='bbox 1928 1524 2060 1563; x_wconf 86' lang='lat' dir='ltr'><strong>habeat,</strong></span> 
     </span>
     <span class='ocr_line' id='line_1_90' title="bbox 1080 1567 2058 1608; baseline -0.001 -9"><span class='ocrx_word' id='word_1_602' title='bbox 1080 1579 1194 1599; x_wconf 91' lang='lat' dir='ltr'><strong>verum</strong></span> <span class='ocrx_word' id='word_1_603' title='bbox 1218 1574 1249 1598; x_wconf 93' lang='lat' dir='ltr'><strong>et</strong></span> <span class='ocrx_word' id='word_1_604' title='bbox 1272 1576 1465 1608; x_wconf 89' lang='lat' dir='ltr'><strong>perpetuum</strong></span> <span class='ocrx_word' id='word_1_605' title='bbox 1489 1569 1646 1607; x_wconf 85' lang='lat' dir='ltr'><strong>timorem,</strong></span> <span class='ocrx_word' id='word_1_606' title='bbox 1670 1567 1797 1598; x_wconf 91' lang='lat' dir='ltr'><strong>firmam</strong></span> <span class='ocrx_word' id='word_1_607' title='bbox 1820 1568 1973 1605; x_wconf 81' lang='lat' dir='ltr'><strong>fiduciam</strong></span> <span class='ocrx_word' id='word_1_608' title='bbox 1986 1567 2058 1607; x_wconf 91' lang='lat' dir='ltr'><strong>Dei,</strong></span> 
     </span>
     <span class='ocr_line' id='line_1_91' title="bbox 1079 1609 2058 1645; baseline 0 -4"><span class='ocrx_word' id='word_1_609' title='bbox 1079 1611 1248 1641; x_wconf 88' lang='lat' dir='ltr'><strong>ardentem</strong></span> <span class='ocrx_word' id='word_1_610' title='bbox 1270 1621 1422 1641; x_wconf 88' lang='lat' dir='ltr'><strong>amorem.</strong></span> <span class='ocrx_word' id='word_1_611' title='bbox 1467 1610 1552 1645; x_wconf 82' lang='lat' dir='ltr'><strong>Quia</strong></span> <span class='ocrx_word' id='word_1_612' title='bbox 1579 1620 1660 1641; x_wconf 84' lang='lat' dir='ltr'><strong>vero</strong></span> <span class='ocrx_word' id='word_1_613' title='bbox 1690 1617 1806 1641; x_wconf 86' lang='lat' dir='ltr'><strong>natura</strong></span> <span class='ocrx_word' id='word_1_614' title='bbox 1829 1609 1969 1641; x_wconf 87' lang='lat' dir='ltr'><strong>hominis</strong></span> <span class='ocrx_word' id='word_1_615' title='bbox 1992 1621 2058 1641; x_wconf 88' lang='lat' dir='ltr'><strong>non</strong></span> 
     </span>
     <span class='ocr_line' id='line_1_92' title="bbox 1080 1652 2058 1694; baseline 0 -11"><span class='ocrx_word' id='word_1_616' title='bbox 1080 1661 1130 1684; x_wconf 88' lang='lat' dir='ltr'><strong>est</strong></span> <span class='ocrx_word' id='word_1_617' title='bbox 1154 1652 1240 1690; x_wconf 88' lang='lat' dir='ltr'><strong>talis,</strong></span> <span class='ocrx_word' id='word_1_618' title='bbox 1262 1664 1329 1684; x_wconf 71' lang='lat' dir='ltr'><strong>vox</strong></span> <span class='ocrx_word' id='word_1_619' title='bbox 1353 1653 1454 1694; x_wconf 86' lang='lat' dir='ltr'><strong>Legis</strong></span> <span class='ocrx_word' id='word_1_620' title='bbox 1478 1660 1530 1684; x_wconf 85' lang='lat' dir='ltr'><strong>est</strong></span> <span class='ocrx_word' id='word_1_621' title='bbox 1550 1653 1704 1684; x_wconf 88' lang='lat' dir='ltr'><strong>iudicium</strong></span> <span class='ocrx_word' id='word_1_622' title='bbox 1721 1653 1784 1684; x_wconf 92' lang='lat' dir='ltr'><strong>Dei</strong></span> <span class='ocrx_word' id='word_1_623' title='bbox 1810 1654 1968 1684; x_wconf 86' lang='lat' dir='ltr'><strong>damnans</strong></span> <span class='ocrx_word' id='word_1_624' title='bbox 1982 1664 2058 1694; x_wconf 87' lang='lat' dir='ltr'><strong>pec-</strong></span> 
     </span>
     <span class='ocr_line' id='line_1_93' title="bbox 1080 1695 2059 1737; baseline 0 -11"><span class='ocrx_word' id='word_1_625' title='bbox 1080 1702 1186 1728; x_wconf 88' lang='lat' dir='ltr'><strong>catum</strong></span> <span class='ocrx_word' id='word_1_626' title='bbox 1215 1697 1246 1726; x_wconf 93' lang='lat' dir='ltr'><strong>in</strong></span> <span class='ocrx_word' id='word_1_627' title='bbox 1276 1703 1393 1726; x_wconf 87' lang='lat' dir='ltr'><strong>natura</strong></span> <span class='ocrx_word' id='word_1_628' title='bbox 1417 1702 1542 1726; x_wconf 88' lang='lat' dir='ltr'><strong>nostra.</strong></span> <span class='ocrx_word' id='word_1_629' title='bbox 1588 1696 1661 1726; x_wconf 88' lang='lat' dir='ltr'><strong>Hoc</strong></span> <span class='ocrx_word' id='word_1_630' title='bbox 1690 1697 1788 1727; x_wconf 86' lang='lat' dir='ltr'><strong>sentit</strong></span> <span class='ocrx_word' id='word_1_631' title='bbox 1809 1695 1932 1728; x_wconf 85' lang='lat' dir='ltr'><strong>Paulus</strong></span> <span class='ocrx_word' id='word_1_632' title='bbox 1955 1697 2059 1737; x_wconf 91' lang='lat' dir='ltr'><strong>inqui-</strong></span> 
     </span>
     <span class='ocr_line' id='line_1_94' title="bbox 1081 1738 2057 1779; baseline 0 -10"><span class='ocrx_word' id='word_1_633' title='bbox 1081 1749 1140 1770; x_wconf 89' lang='lat' dir='ltr'><strong>ens</strong></span> <span class='ocrx_word' id='word_1_634' title='bbox 1165 1739 1273 1777; x_wconf 85' lang='lat' dir='ltr'><strong>[Rom.</strong></span> <span class='ocrx_word' id='word_1_635' title='bbox 1298 1739 1327 1775; x_wconf 79' lang='lat'><strong>7,</strong></span> <span class='ocrx_word' id='word_1_636' title='bbox 1354 1739 1440 1777; x_wconf 78' lang='lat'><strong>14.]:</strong></span> <span class='ocrx_word' id='word_1_637' title='bbox 1464 1738 1534 1769; x_wconf 72' lang='lat' dir='ltr'><strong>Lex</strong></span> <span class='ocrx_word' id='word_1_638' title='bbox 1557 1745 1607 1769; x_wconf 85' lang='lat' dir='ltr'><strong>est</strong></span> <span class='ocrx_word' id='word_1_639' title='bbox 1630 1738 1828 1779; x_wconf 81' lang='lat' dir='ltr'><strong>spiritualiS,</strong></span> <span class='ocrx_word' id='word_1_640' title='bbox 1851 1739 1883 1769; x_wconf 90' lang='lat' dir='ltr'><strong>id</strong></span> <span class='ocrx_word' id='word_1_641' title='bbox 1907 1745 1968 1776; x_wconf 87' lang='lat' dir='ltr'><strong>est,</strong></span> <span class='ocrx_word' id='word_1_642' title='bbox 1991 1749 2057 1769; x_wconf 92' lang='lat' dir='ltr'><strong>non</strong></span> 
     </span>
     <span class='ocr_line' id='line_1_95' title="bbox 1081 1781 2057 1821; baseline 0 -9"><span class='ocrx_word' id='word_1_643' title='bbox 1081 1789 1133 1812; x_wconf 86' lang='lat' dir='ltr'><strong>est</strong></span> <span class='ocrx_word' id='word_1_644' title='bbox 1155 1788 1278 1812; x_wconf 84' lang='lat' dir='ltr'><strong>tantum</strong></span> <span class='ocrx_word' id='word_1_645' title='bbox 1302 1781 1435 1821; x_wconf 85' lang='lat' dir='ltr'><strong>politica</strong></span> <span class='ocrx_word' id='word_1_646' title='bbox 1457 1781 1632 1821; x_wconf 72' lang='lat' dir='ltr'><strong>sapientia,</strong></span> <span class='ocrx_word' id='word_1_647' title='bbox 1654 1782 1861 1821; x_wconf 82' lang='lat' dir='ltr'><strong>praecipiens</strong></span> <span class='ocrx_word' id='word_1_648' title='bbox 1885 1783 1926 1812; x_wconf 92' lang='lat' dir='ltr'><strong>de</strong></span> <span class='ocrx_word' id='word_1_649' title='bbox 1952 1788 2057 1812; x_wconf 76' lang='lat' dir='ltr'><strong>exter-</strong></span> 
     </span>
     <span class='ocr_line' id='line_1_96' title="bbox 1079 1823 2056 1865; baseline -0.002 -10"><span class='ocrx_word' id='word_1_650' title='bbox 1079 1825 1130 1855; x_wconf 85' lang='lat' dir='ltr'><strong>nis</strong></span> <span class='ocrx_word' id='word_1_651' title='bbox 1154 1825 1339 1855; x_wconf 79' lang='lat' dir='ltr'><strong>actionibus</strong></span> <span class='ocrx_word' id='word_1_652' title='bbox 1362 1824 1393 1854; x_wconf 91' lang='lat' dir='ltr'><strong>in</strong></span> <span class='ocrx_word' id='word_1_653' title='bbox 1417 1824 1483 1854; x_wconf 75' lang='lat' dir='ltr'><strong>vita</strong></span> <span class='ocrx_word' id='word_1_654' title='bbox 1506 1823 1610 1861; x_wconf 85' lang='lat' dir='ltr'><strong>civili,</strong></span> <span class='ocrx_word' id='word_1_655' title='bbox 1635 1825 1695 1855; x_wconf 86' lang='lat' dir='ltr'><strong>sed</strong></span> <span class='ocrx_word' id='word_1_656' title='bbox 1719 1830 1771 1854; x_wconf 88' lang='lat' dir='ltr'><strong>est</strong></span> <span class='ocrx_word' id='word_1_657' title='bbox 1788 1823 1889 1865; x_wconf 88' lang='lat' dir='ltr'><strong>longe</strong></span> <span class='ocrx_word' id='word_1_658' title='bbox 1911 1823 1976 1854; x_wconf 86' lang='grc'><strong>3113</strong></span> <span class='ocrx_word' id='word_1_659' title='bbox 1999 1825 2056 1855; x_wconf 85' lang='lat' dir='ltr'><strong>do-</strong></span> 
     </span>
     <span class='ocr_line' id='line_1_97' title="bbox 1079 1865 2056 1907; baseline -0.001 -9"><span class='ocrx_word' id='word_1_660' title='bbox 1079 1868 1183 1898; x_wconf 87' lang='lat' dir='ltr'><strong>ctrina</strong></span> <span class='ocrx_word' id='word_1_661' title='bbox 1218 1866 1372 1907; x_wconf 82' lang='lat' dir='ltr'><strong>flagitans</strong></span> <span class='ocrx_word' id='word_1_662' title='bbox 1396 1865 1586 1907; x_wconf 85' lang='lat' dir='ltr'><strong>spirituales</strong></span> <span class='ocrx_word' id='word_1_663' title='bbox 1610 1873 1733 1904; x_wconf 84' lang='lat' dir='ltr'><strong>motus,</strong></span> <span class='ocrx_word' id='word_1_664' title='bbox 1768 1866 1894 1898; x_wconf 87' lang='lat' dir='ltr'><strong>firmam</strong></span> <span class='ocrx_word' id='word_1_665' title='bbox 1918 1868 1958 1897; x_wconf 92' lang='lat' dir='ltr'><strong>de</strong></span> <span class='ocrx_word' id='word_1_666' title='bbox 1981 1866 2056 1897; x_wconf 84' lang='lat' dir='ltr'><strong>Deo</strong></span> 
     </span>
     <span class='ocr_line' id='line_1_98' title="bbox 1078 1908 2056 1949; baseline -0.001 -9"><span class='ocrx_word' id='word_1_667' title='bbox 1078 1910 1236 1946; x_wconf 72' lang='lat' dir='ltr'><strong>notitiam,</strong></span> <span class='ocrx_word' id='word_1_668' title='bbox 1260 1910 1427 1940; x_wconf 87' lang='lat' dir='ltr'><strong>ardentem</strong></span> <span class='ocrx_word' id='word_1_669' title='bbox 1451 1915 1483 1940; x_wconf 89' lang='lat' dir='ltr'><strong>et</strong></span> <span class='ocrx_word' id='word_1_670' title='bbox 1505 1908 1686 1949; x_wconf 83' lang='lat' dir='ltr'><strong>perfectam</strong></span> <span class='ocrx_word' id='word_1_671' title='bbox 1708 1908 1927 1949; x_wconf 82' lang='lat' dir='ltr'><strong>dilectionem,</strong></span> <span class='ocrx_word' id='word_1_672' title='bbox 1951 1916 1986 1941; x_wconf 92' lang='lat' dir='ltr'><strong>ut</strong></span> <span class='ocrx_word' id='word_1_673' title='bbox 2011 1911 2056 1940; x_wconf 92' lang='lat' dir='ltr'><strong>di-</strong></span> 
     </span>
     <span class='ocr_line' id='line_1_99' title="bbox 1079 1951 2055 1993; baseline 0.001 -10"><span class='ocrx_word' id='word_1_674' title='bbox 1079 1954 1121 1983; x_wconf 86' lang='lat' dir='ltr'><strong>cit</strong></span> <span class='ocrx_word' id='word_1_675' title='bbox 1145 1952 1215 1983; x_wconf 68' lang='lat' dir='ltr'><strong>Les</strong></span> <span class='ocrx_word' id='word_1_676' title='bbox 1239 1951 1350 1988; x_wconf 59' lang='lat' dir='ltr'><strong>{Deun</strong></span> <span class='ocrx_word' id='word_1_677' title='bbox 1374 1952 1482 1990; x_wconf 75' lang='lat'><strong>6‚5.1:</strong></span> <span class='ocrx_word' id='word_1_678' title='bbox 1505 1951 1634 1993; x_wconf 88' lang='lat' dir='ltr'><strong>Diligas</strong></span> <span class='ocrx_word' id='word_1_679' title='bbox 1646 1951 1823 1983; x_wconf 89' lang='lat' dir='ltr'><strong>Dominum</strong></span> <span class='ocrx_word' id='word_1_680' title='bbox 1836 1952 1942 1983; x_wconf 90' lang='lat' dir='ltr'><strong>Deum</strong></span> <span class='ocrx_word' id='word_1_681' title='bbox 1966 1959 2055 1984; x_wconf 91' lang='lat' dir='ltr'><strong>tuum</strong></span> 
     </span>
     <span class='ocr_line' id='line_1_100' title="bbox 1078 1995 1547 2026; baseline -0.011 0"><span class='ocrx_word' id='word_1_682' title='bbox 1078 2006 1118 2026; x_wconf 81' lang='lat' dir='ltr'><strong>ex</strong></span> <span class='ocrx_word' id='word_1_683' title='bbox 1142 2002 1210 2026; x_wconf 89' lang='lat' dir='ltr'><strong>toto</strong></span> <span class='ocrx_word' id='word_1_684' title='bbox 1233 1995 1345 2025; x_wconf 89' lang='lat' dir='ltr'><strong>corde.</strong></span> <span class='ocrx_word' id='word_1_685' title='bbox 1545 2018 1547 2021; x_wconf 92' lang='lat'><strong>.</strong></span> 
     </span>
    </p>

    <p class='ocr_par' dir='ltr' id='par_1_21' title="bbox 1076 2036 2055 2246">
     <span class='ocr_line' id='line_1_101' title="bbox 1164 2036 2055 2078; baseline -0.001 -9"><span class='ocrx_word' id='word_1_686' title='bbox 1164 2038 1231 2069; x_wconf 86' lang='lat' dir='ltr'><strong>Sed</strong></span> <span class='ocrx_word' id='word_1_687' title='bbox 1252 2036 1409 2068; x_wconf 83' lang='lat' dir='ltr'><strong>Monachi</strong></span> <span class='ocrx_word' id='word_1_688' title='bbox 1434 2037 1476 2067; x_wconf 86' lang='lat' dir='ltr'><strong>de</strong></span> <span class='ocrx_word' id='word_1_689' title='bbox 1497 2036 1588 2078; x_wconf 87' lang='lat' dir='ltr'><strong>Lege</strong></span> <span class='ocrx_word' id='word_1_690' title='bbox 1612 2036 1692 2075; x_wconf 92' lang='lat' dir='ltr'><strong>Dei,</strong></span> <span class='ocrx_word' id='word_1_691' title='bbox 1726 2044 1761 2068; x_wconf 91' lang='lat' dir='ltr'><strong>ut</strong></span> <span class='ocrx_word' id='word_1_692' title='bbox 1784 2038 1825 2068; x_wconf 90' lang='lat' dir='ltr'><strong>de</strong></span> <span class='ocrx_word' id='word_1_693' title='bbox 1849 2036 1935 2068; x_wconf 74' lang='lat' dir='ltr'><strong>civili</strong></span> <span class='ocrx_word' id='word_1_694' title='bbox 1958 2039 2055 2068; x_wconf 86' lang='lat' dir='ltr'><strong>disci—</strong></span> 
     </span>
     <span class='ocr_line' id='line_1_102' title="bbox 1077 2079 2055 2121; baseline -0.001 -10"><span class='ocrx_word' id='word_1_695' title='bbox 1077 2079 1162 2121; x_wconf 73' lang='lat' dir='ltr'><strong>plina</strong></span> <span class='ocrx_word' id='word_1_696' title='bbox 1198 2080 1300 2110; x_wconf 79' lang='lat' dir='ltr'><strong>locuti</strong></span> <span class='ocrx_word' id='word_1_697' title='bbox 1329 2087 1423 2117; x_wconf 88' lang='lat' dir='ltr'><strong>sunt,</strong></span> <span class='ocrx_word' id='word_1_698' title='bbox 1457 2080 1607 2110; x_wconf 79' lang='lat' dir='ltr'><strong>dixerunt</strong></span> <span class='ocrx_word' id='word_1_699' title='bbox 1631 2079 1713 2121; x_wconf 89' lang='lat' dir='ltr'><strong>Legi</strong></span> <span class='ocrx_word' id='word_1_700' title='bbox 1735 2080 1798 2111; x_wconf 91' lang='lat' dir='ltr'><strong>Dei</strong></span> <span class='ocrx_word' id='word_1_701' title='bbox 1822 2079 1975 2111; x_wconf 86' lang='lat' dir='ltr'><strong>satisfieri</strong></span> <span class='ocrx_word' id='word_1_702' title='bbox 1996 2091 2055 2121; x_wconf 82' lang='lat' dir='ltr'><strong>per</strong></span> 
     </span>
     <span class='ocr_line' id='line_1_103' title="bbox 1077 2121 2055 2163; baseline 0 -9"><span class='ocrx_word' id='word_1_703' title='bbox 1077 2124 1162 2154; x_wconf 87' lang='lat' dir='ltr'><strong>hanc</strong></span> <span class='ocrx_word' id='word_1_704' title='bbox 1186 2123 1390 2162; x_wconf 87' lang='lat' dir='ltr'><strong>disciplinam</strong></span> <span class='ocrx_word' id='word_1_705' title='bbox 1411 2121 1542 2158; x_wconf 60' lang='lat' dir='ltr'><strong>‚ciw&#39;lem</strong></span> <span class='ocrx_word' id='word_1_706' title='bbox 1565 2121 1915 2163; x_wconf 84' lang='lat' dir='ltr'><strong>seuPhilosophicam,</strong></span> <span class='ocrx_word' id='word_1_707' title='bbox 1938 2124 1970 2154; x_wconf 89' lang='lat' dir='ltr'><strong>id</strong></span> <span class='ocrx_word' id='word_1_708' title='bbox 1992 2132 2055 2161; x_wconf 85' lang='lat' dir='ltr'><strong>est,</strong></span> 
     </span>
     <span class='ocr_line' id='line_1_104' title="bbox 1076 2165 2054 2207; baseline 0 -10"><span class='ocrx_word' id='word_1_709' title='bbox 1076 2176 1135 2207; x_wconf 88' lang='lat' dir='ltr'><strong>per</strong></span> <span class='ocrx_word' id='word_1_710' title='bbox 1158 2167 1321 2197; x_wconf 76' lang='lat' dir='ltr'><strong>exteriora</strong></span> <span class='ocrx_word' id='word_1_711' title='bbox 1349 2176 1450 2206; x_wconf 87' lang='lat' dir='ltr'><strong>opera</strong></span> <span class='ocrx_word' id='word_1_712' title='bbox 1474 2172 1505 2196; x_wconf 90' lang='lat' dir='ltr'><strong>et</strong></span> <span class='ocrx_word' id='word_1_713' title='bbox 1528 2165 1791 2206; x_wconf 88' lang='lat' dir='ltr'><strong>qualemcunque</strong></span> <span class='ocrx_word' id='word_1_714' title='bbox 1814 2172 1968 2196; x_wconf 88' lang='lat' dir='ltr'><strong>conatum</strong></span> <span class='ocrx_word' id='word_1_715' title='bbox 1998 2177 2054 2197; x_wconf 84' lang='lat' dir='ltr'><strong>vo—</strong></span> 
     </span>
     <span class='ocr_line' id='line_1_105' title="bbox 1076 2207 2054 2246; baseline -0.001 -6"><span class='ocrx_word' id='word_1_716' title='bbox 1076 2208 1220 2246; x_wconf 79' lang='lat' dir='ltr'><strong>luntatis,</strong></span> <span class='ocrx_word' id='word_1_717' title='bbox 1244 2209 1369 2239; x_wconf 84' lang='lat' dir='ltr'><strong>etiamsi</strong></span> <span class='ocrx_word' id='word_1_718' title='bbox 1393 2210 1424 2239; x_wconf 90' lang='lat' dir='ltr'><strong>in</strong></span> <span class='ocrx_word' id='word_1_719' title='bbox 1448 2214 1554 2238; x_wconf 90' lang='lat' dir='ltr'><strong>mente</strong></span> <span class='ocrx_word' id='word_1_720' title='bbox 1577 2208 1808 2246; x_wconf 84' lang='lat' dir='ltr'><strong>dubitationes,</strong></span> <span class='ocrx_word' id='word_1_721' title='bbox 1831 2209 1862 2239; x_wconf 90' lang='lat' dir='ltr'><strong>in</strong></span> <span class='ocrx_word' id='word_1_722' title='bbox 1887 2207 2054 2239; x_wconf 67' lang='lat' dir='ltr'><strong>voluntate</strong></span> 
     </span>
    </p>
   </div>
   <div class='ocr_carea' id='block_1_16' title="bbox 1181 2279 1275 2282">
    <p class='ocr_par' dir='ltr' id='par_1_22' title="bbox 1181 2279 1275 2282">
     <span class='ocr_line' id='line_1_106' title="bbox 1181 2279 1275 2282; baseline 0 0"><span class='ocrx_word' id='word_1_723' title='bbox 1181 2279 1275 2282; x_wconf 95' lang='lat' dir='ltr'><strong> </strong></span> 
     </span>
    </p>
   </div>
   <div class='ocr_carea' id='block_1_17' title="bbox 1076 2279 1176 2285">
    <p class='ocr_par' dir='ltr' id='par_1_23' title="bbox 1076 2279 1176 2285">
     <span class='ocr_line' id='line_1_107' title="bbox 1076 2279 1176 2285; baseline 0 0"><span class='ocrx_word' id='word_1_724' title='bbox 1076 2279 1176 2285; x_wconf 95' lang='lat' dir='ltr'><strong> </strong></span> 
     </span>
    </p>
   </div>
   <div class='ocr_carea' id='block_1_18' title="bbox 1076 2311 2052 2372">
    <p class='ocr_par' dir='ltr' id='par_1_24' title="bbox 1076 2311 2052 2372">
     <span class='ocr_line' id='line_1_108' title="bbox 1076 2311 2052 2343; baseline -0.001 -6"><span class='ocrx_word' id='word_1_725' title='bbox 1076 2314 1121 2341; x_wconf 73' lang='lat'><strong>64)</strong></span> <span class='ocrx_word' id='word_1_726' title='bbox 1139 2318 1201 2337; x_wconf 82' lang='lat' dir='ltr'><strong>voce</strong></span> <span class='ocrx_word' id='word_1_727' title='bbox 1229 2311 1415 2343; x_wconf 77' lang='lat' dir='ltr'><strong>praedicatum]</strong></span> <span class='ocrx_word' id='word_1_728' title='bbox 1445 2311 1517 2336; x_wconf 80' lang='lat' dir='ltr'><strong>Editt.</strong></span> <span class='ocrx_word' id='word_1_729' title='bbox 1540 2312 1559 2336; x_wconf 93' lang='lat'><strong>1.</strong></span> <span class='ocrx_word' id='word_1_730' title='bbox 1580 2312 1603 2335; x_wconf 86' lang='lat'><strong>3.</strong></span> <span class='ocrx_word' id='word_1_731' title='bbox 1622 2312 1644 2335; x_wconf 86' lang='grc'><strong>6.</strong></span> <span class='ocrx_word' id='word_1_732' title='bbox 1664 2312 1686 2335; x_wconf 90' lang='grc'><strong>7.</strong></span> <span class='ocrx_word' id='word_1_733' title='bbox 1714 2317 1775 2335; x_wconf 72' lang='lat' dir='ltr'><strong>voce</strong></span> <span class='ocrx_word' id='word_1_734' title='bbox 1806 2317 1895 2337; x_wconf 77' lang='lat' dir='ltr'><strong>rursus</strong></span> <span class='ocrx_word' id='word_1_735' title='bbox 1920 2312 2052 2342; x_wconf 78' lang='lat' dir='ltr'><strong>praedica-</strong></span> 
     </span>
     <span class='ocr_line' id='line_1_109' title="bbox 1144 2350 1196 2372; baseline -0.019 0"><span class='ocrx_word' id='word_1_736' title='bbox 1144 2350 1196 2372; x_wconf 91' lang='lat' dir='ltr'><strong>tum</strong></span> 
     </span>
    </p>
   </div>
   <div class='ocr_carea' id='block_1_19' title="bbox 1073 2397 1817 2581">
    <p class='ocr_par' dir='ltr' id='par_1_25' title="bbox 1075 2397 1532 2429">
     <span class='ocr_line' id='line_1_110' title="bbox 1075 2397 1532 2429; baseline -0.007 -6"><span class='ocrx_word' id='word_1_737' title='bbox 1075 2399 1120 2429; x_wconf 88' lang='lat'><strong>65)</strong></span> <span class='ocrx_word' id='word_1_738' title='bbox 1141 2397 1273 2428; x_wconf 73' lang='lat' dir='ltr'><strong>accedere]</strong></span> <span class='ocrx_word' id='word_1_739' title='bbox 1295 2397 1367 2421; x_wconf 80' lang='lat' dir='ltr'><strong>Editt.</strong></span> <span class='ocrx_word' id='word_1_740' title='bbox 1391 2397 1410 2421; x_wconf 92' lang='lat'><strong>1.</strong></span> <span class='ocrx_word' id='word_1_741' title='bbox 1430 2398 1453 2422; x_wconf 84' lang='grc'><strong>3.</strong></span> <span class='ocrx_word' id='word_1_742' title='bbox 1474 2402 1532 2421; x_wconf 79' lang='lat' dir='ltr'><strong>esse</strong></span> 
     </span>
    </p>

    <p class='ocr_par' dir='ltr' id='par_1_26' title="bbox 1074 2446 1817 2529">
     <span class='ocr_line' id='line_1_111' title="bbox 1075 2446 1817 2479; baseline -0.003 -5"><span class='ocrx_word' id='word_1_743' title='bbox 1075 2451 1120 2479; x_wconf 80' lang='grc'><strong>66)</strong></span> <span class='ocrx_word' id='word_1_744' title='bbox 1140 2448 1279 2477; x_wconf 79' lang='lat' dir='ltr'><strong>actionum]</strong></span> <span class='ocrx_word' id='word_1_745' title='bbox 1298 2448 1370 2472; x_wconf 78' lang='lat' dir='ltr'><strong>Ediu.</strong></span> <span class='ocrx_word' id='word_1_746' title='bbox 1391 2449 1431 2472; x_wconf 76' lang='lat'><strong>22.</strong></span> <span class='ocrx_word' id='word_1_747' title='bbox 1452 2448 1492 2472; x_wconf 73' lang='grc'><strong>24.</strong></span> <span class='ocrx_word' id='word_1_748' title='bbox 1513 2448 1552 2470; x_wconf 76' lang='lat'><strong>28.</strong></span> <span class='ocrx_word' id='word_1_749' title='bbox 1573 2448 1614 2472; x_wconf 85' lang='lat'><strong>30.</strong></span> <span class='ocrx_word' id='word_1_750' title='bbox 1633 2446 1672 2471; x_wconf 75' lang='lat'><strong>34.</strong></span> <span class='ocrx_word' id='word_1_751' title='bbox 1692 2448 1817 2472; x_wconf 83' lang='lat' dir='ltr'><strong>actionem</strong></span> 
     </span>
     <span class='ocr_line' id='line_1_112' title="bbox 1074 2498 1683 2529; baseline -0.002 -5"><span class='ocrx_word' id='word_1_752' title='bbox 1074 2501 1120 2529; x_wconf 78' lang='lat'><strong>67)</strong></span> <span class='ocrx_word' id='word_1_753' title='bbox 1138 2499 1269 2528; x_wconf 68' lang='lat' dir='ltr'><strong>vocantur]</strong></span> <span class='ocrx_word' id='word_1_754' title='bbox 1289 2498 1361 2523; x_wconf 76' lang='lat' dir='ltr'><strong>Editt.</strong></span> <span class='ocrx_word' id='word_1_755' title='bbox 1386 2500 1455 2523; x_wconf 74' lang='lat'><strong>1—7.</strong></span> <span class='ocrx_word' id='word_1_756' title='bbox 1474 2498 1497 2521; x_wconf 87' lang='lat'><strong>9.</strong></span> <span class='ocrx_word' id='word_1_757' title='bbox 1520 2498 1557 2522; x_wconf 79' lang='lat'><strong>1‘2.</strong></span> <span class='ocrx_word' id='word_1_758' title='bbox 1579 2500 1683 2523; x_wconf 70' lang='lat' dir='ltr'><strong>vocatur</strong></span> 
     </span>
    </p>

    <p class='ocr_par' dir='ltr' id='par_1_27' title="bbox 1073 2549 1558 2581">
     <span class='ocr_line' id='line_1_113' title="bbox 1073 2549 1558 2581; baseline -0.006 -5"><span class='ocrx_word' id='word_1_759' title='bbox 1073 2552 1120 2581; x_wconf 84' lang='lat'><strong>68)</strong></span> <span class='ocrx_word' id='word_1_760' title='bbox 1139 2550 1242 2581; x_wconf 86' lang='lat' dir='ltr'><strong>iudicat]</strong></span> <span class='ocrx_word' id='word_1_761' title='bbox 1265 2549 1336 2574; x_wconf 86' lang='lat' dir='ltr'><strong>Editt.</strong></span> <span class='ocrx_word' id='word_1_762' title='bbox 1358 2550 1447 2573; x_wconf 71' lang='lat'><strong>1—12.</strong></span> <span class='ocrx_word' id='word_1_763' title='bbox 1466 2549 1558 2574; x_wconf 81' lang='lat' dir='ltr'><strong>indicat</strong></span> 
     </span>
    </p>
   </div>
  </div>
 </body>
</html>
