2358 2933
88 102 148 133 149

150 331 178 349 15

153 554 183 572 20

127 754 168 783 63,
188 753 210 777 b.

166 1173 190 1191 10

169 1434 194 1452 1⁵

168 1676 198 1694 20

171 1919 202 1938 ‘25

146 1962 188 1991 64,
206 1967 230 1985 a.

130 1994 191 2025 (34,
211 1995 247 2024 b.)

563 98 586 127 1.
610 95 711 128 LOCI
732 93 1011 127 THEOLOGICI:
1034 93 1073 124 B.

240 191 378 230 quisque
402 191 521 227 poterit
543 189 726 219 aestimare.
750 186 877 228 Adsshos
904 196 970 216 non
986 195 1057 225 per-

240 233 342 262 tinent
364 232 494 270 proprie
516 230 580 261 hae
591 229 684 261 Pauli
697 229 889 260 sententiae.
913 227 983 257 Lex
996 228 1059 257 vir-

240 279 293 303 tus
316 272 401 308 irae,
429 271 533 301 virtus
556 273 699 309 peceati,
722 270 915 301 ministratio
944 268 1060 298 mortis·

241 320 303 345 etc.
337 312 541 352 Quamquam
567 310 619 341 his
649 313 746 340 etiam
773 311 828 343 lex
856 312 975 341 damno
1008 310 1061 346 sit,

241 355 330 396 quod
354 364 395 384 ex
418 363 457 384 ea
478 352 602 384 idolum
625 349 833 387 sibisaciant,
847 353 964 382 deinde
982 350 1062 382 nihil

242 407 308 428 11011
331 401 508 435 operentur
531 405 604 425 cum
626 391 780 424 ineffabili
793 392 933 432 quadam
952 394 1062 421 cordis

241 445 309 470 tum
350 438 505 478 superbia
526 442 594 467 tum
614 433 776 466 molestia.

284 497 337 527 Ex
359 495 463 527 altero
477 504 598 537 genere
621 499 708 530 sunt,
732 492 773 522 ad
787 490 954 532 «1110511130
974 498 1059 521 sen-¹

243 540 375 576 tentiae,
399 538 469 568 Lex
492 539 596 568 virtus
618 535 759 576 peccati,
782 535 886 564 virtus
908 533 978 563 irae
1001 538 1063 562 etc.

244 582 418 622 pertinent,
442 580 560 620 quibus
578 577 685 618 legem
699 577 780 607 deus
798 574 937 612 revelat,
954 580 1065 604 051011-

245 624 357 663 ditque
380 622 492 658 corda,
517 627 549 651 et
571 630 655 660 quos
679 628 781 649 5011511
794 617 921 657 peccati
941 617 991 646 sui
1003 622 1066 647 ter-

245 670 294 695 ret
318 665 400 694 deus
430 669 462 693 et
492 660 671 692 confundit.
701 660 742 691 Hi
772 660 900 690 demum
931 664 1007 689 sunt
1035 658 1066 688 in

246 706 364 747 quibus
388 715 447 744 per
469 704 577 745 legem
601 704 681 734 deus
705 708 871 742 operatur.
905 700 941 731 In
964 700 1068 741 hypo-

247 748 336 778 critis
360 745 529 786 nihil¹agit
551 745 616 781 lex,
639 745 699 775 sed
721 744 784 784 ipsi
807 743 972 783 quandam
983 742 1068 783 legis

246 790 406 825 umbram,
428 789 544 818 umbra
567 786 707 827 quadam
725 785 951 826 hypocriticae
979 784 1069 815 iusti-

247 832 313 861 tiae
336 829 492 861 referunt.
536 829 573 857 In
601 828 653 857 his
682 836 761 856 vere
793 837 832 855 ac.
862 826 993 866 proprie
1015 825 1069 855 lex

249 873 317 912 agit
340 872 458 911 quibus
471 869 655 900 ostenditur
677 873 859 908 peccatum.
884 867 981 901 Quod
994 868 1070 908 quia

249 922 328 944 vere
349 912 396 949 fit,
420 922 439 942 a
463 912 524 942 deo
546 911 594 947 fit,
618 916 650 941 et
673 914 781 940 vocat!
800 908 865 943 hoc
888 919 971 948 opus
990 909 1070 939 scri-

248 961 354 995 ptura,
377 954 539 990 iudicium,
562 954 645 983 iram
669 952 731 988 dei,
754 950 898 982 furorem
923 952 991 988 dei,
1014 951 1069 981 ad-

249 1003 407 1037 spectum,
431 994 555 1026 vultum
577 996 646 1025 irae
670 1000 731 1024 etc.
747 992 838 1022 Psal.
862 993 979 1023 XCVI.
1005 996 1068 1030 [vs.

248 1039 278 1068 2.
289 1041 312 1075 z]
336 1038 492 1068 Iudicium
508 1036 670 1066 correctio
684 1035 772 1065 sedis
789 1035 871 1072 eius,
894 1035 982 1076 Ignis
995 1040 1071 1065 ante

248 1081 356 1120 ipsum
378 1079 566 1119 praecedet,
590 1083 621 1108 01
643 1076 851 1107 inflammabit
877 1077 909 1107 in
934 1077 1071 1107 circuitu

249 1122 398 1153 inimicos
422 1122 502 1151 eius.
547 1118 743 1150 Alluxeruut
756 1117 888 1159 fulgura
912 1120 982 1149 eius
1000 1119 1071 1148 orbi

251 1170 370 1200 terrae,
396 1163 474 1193 vidit
497 1168 714 1192 etcommota
736 1167 786 1192 est
810 1166 910 1191 terra.
938 1160 1071 1191 Montes

252 1206 336 1237 sicut
359 1215 435 1236 cera
458 1205 621 1235 fluxerunt
644 1214 664 1234 a
686 1203 770 1234 facie
794 1203 925 1239 domini,
949 1214 969 1233 a
988 1202 1072 1232 facie

252 1248 371 1279 domini
395 1247 499 1277 omnis
523 1252 620 1277 terra.
644 1244 733 1276 Psal.
757 1244 891 1276 LXXV.
919 1248 983 1283 [vs.
1006 1244 1070 1282 9.:]

252 1289 305 1321 De
332 1288 426 1320 caelo
457 1289 599 1320 auditum
629 1286 736 1318 fecisti
772 1287 949 1324 iudicium,
985 1293 1072 1317 terra

253 1332 384 1362 tremuit
407 1337 439 1362 et
462 1330 593 1371 quievit.
623 1329 665 1360 Et
688 1329 826 1360 Zachar.
850 1328 902 1358 111.
928 1329 973 1367 [2,
987 1328 1036 1359 13.
1048 1331 1071 1366 z]

254 1372 357 1404 Sileat
380 1373 484 1403 omnis
509 1381 586 1402 caro
609 1382 629 1402 a
651 1370 737 1402 facie
761 1371 890 1402 domini.
924 1371 1002 1401 Esa.
1017 1369 1072 1401 XI.

255 1418 319 1454 [vs.
338 1416 401 1453 4.:]
425 1414 591 1445 Percutiet
613 1420 734 1445 terram
756 1414 851 1455 virga
870 1413 1022 1450 01-1515111,
1043 1419 1073 1443 et

254 1458 370 1498 spiritu
392 1456 553 1487 labiorum
577 1466 712 1486 suorum
741 1455 913 1487 interficiet
931 1456 1073 1496 impium.

255 1499 406 1530 Abacuk.
431 1499 482 1528 III.
508 1501 571 1536 [vs.
594 1498 656 1536 6.:]
694 1498 833 1539 Aspexit
862 1504 893 1528 et
924 1497 1075 1528 dissolvit

258 1547 386 1582 gentes,
403 1546 436 1571 et
450 1541 580 1571 contriti
595 1546 671 1571 sunt
686 1547 815 1571 montes
828 1539 941 1570 seculi.
965 1540 1075 1574 Quan-

259 1593 357 1623 quam
387 1583 464 1622 quid
490 1582 604 1612 attinet
630 1581 732 1613 multa
764 1592 964 1622 congerere,
1002 1592 1075 1612 cum

257 1624 341 1655 haec
364 1624 460 1663 plane
484 1623 589 1654 altera
611 1625 793 1663 scripturae
815 1633 893 1664 pars
916 1624 974 1660 sit,
1007 1623 1077 1653 Lex

260 1672 291 1697 et
313 1665 397 1707 legis
428 1675 510 1705 opus
535 1666 744 1697 occiderelet
773 1666 939 1702 damnare,
969 1670 1077 1695 osten-

260 1708 339 1738 dere
362 1707 505 1738 radicem
528 1707 655 1747 peccati
677 1708 781 1737 nostri
805 1713 836 1737 et
866 1705 1077 1738 confundere.

261 1749 437 1780 Mortificat
461 1759 527 1780 non
551 1749 720 1779 avaritiam
744 1754 867 1779 tantum
897 1755 953 1779 aut
974 1748 1078 1778 libidi-

262 1802 347 1829 nem,
370 1792 430 1822 sed
453 1796 552 1831 caput
574 1791 716 1821 omnium
743 1790 905 1821 malorum
935 1800 1079 1821 amorem

261 1835 377 1871 nostri,
399 1834 552 1864 iudicium
573 1833 727 1870 rationis,
758 1838 789 1863 et
819 1833 974 1873 quidquid
1003 1832 1080 1863 boni

262 1876 325 1907 sibi
347 1876 475 1906 videtur
497 1875 621 1906 habere
649 1881 775 1905 natura.
820 1874 880 1905 Hic
910 1875 1080 1914 adparebit

263 1922 518 1958 quam'puteant
546 1918 683 1948 virtutes
710 1915 872 1954 morales,
897 1927 994 1957 quam
1017 1917 1081 1946 sint

267 1959 610 2000 pollutus¹menstruo
643 1969 788 1999 pannus,
824 1959 965 1989 iustitiae
1007 1968 1081 1988 san-

265 2008 391 2033 ctorum
400 2003 456 2039 s⁹).
480 2001 752 2041 Quandoquidem
775 2001 871 2031 etiam
894 2000 1012 2031 Mosen
1028 2010 1082 2030 ex-

266 2043 408 2075 clamare
431 2045 575 2085 oportuit
598 2043 716 2081 [Exod.
739 2042 792 2079 34,
811 2043 866 2080 7.].
913 2042 1032 2073 Coram
1052 2048 1083 2073 te

266 2097 307 2117 ne
330 2087 487 2117 innocens
512 2086 641 2126 quidem
664 2091 715 2116 est
736 2085 903 2116 innocens.
927 2084 968 2114 Et
980 2085 1085 2115 Naum

269 2129 315 2166 [1,
334 2127 379 2165 3.]
404 2128 566 2159 Mundans
590 2137 655 2157 non
678 2125 776 2158 faciet
798 2128 1016 2157 innocentem.
1044 2126 1085 2156 Et

268 2170 377 2201 David
401 2170 470 2208 [Ps.
497 2170 568 2207 142,
590 2170 649 2207 2.],
672 2169 722 2200 Ne
737 2175 740 2192 ¹
754 2170 857 2199 intres
881 2170 913 2198 in
932 2169 1086 2199 iudicium

269 2222 342 2243 cum
366 2222 464 2243 servo
487 2218 555 2242 tuo.
584 2211 625 2242 Et
649 2211 719 2249 [Ps.
742 2211 773 2248 6,
796 2211 854 2248 2.],
877 2211 1016 2241 Domine
1045 2220 1087 2241 ne

269 2255 301 2284 in
313 2253 424 2285 furore
436 2260 492 2284 tuo
504 2263 624 2294 arguas
636 2263 698 2284 me.
720 2253 763 2283 Et
774 2253 892 2284 Esaiae
904 2252 1086 2283 XXXVIII.

271 2299 334 2334 [vs.
350 2296 414 2334 13.]
438 2295 609 2332 Ezechias,
633 2295 734 2330 Quasi
750 2294 804 2325 100
817 2296 967 2325 contrivit
982 2295 1087 2325 omnia

271 2348 350 2369 ossa
371 2348 454 2369 mea.
498 2338 541 2368 Et
559 2337 622 2368 1100
645 2343 696 2367 051
719 2337 806 2377 quod
828 2338 1019 2377 parcissime
1043 2338 1087 2367 di-

120 2466 166 2497 89)
185 2466 212 2490 111
231 2471 310 2494 marg.
329 2464 371 2489 Ed.
383 2466 419 2489 2:
438 2464 547 2489 Virtutes
559 2463 721 2493 sophisticae.
733 2463 775 2487 Ed.
788 2464 809 2487 7.
823 2465 846 2487 et
858 2463 883 2487 in
895 2464 1017 2488 Genesin:
1038 2464 1090 2488 Vir-

189 2500 256 2524 tutes
274 2498 446 2528 Theologicae.
466 2499 537 2527 (om.
558 2497 600 2521 Ed.
622 2498 666 2523 1.).

1097 92 1236 124 PRIMA
1259 89 1415 122 EORUM
1438 86 1593 120 AETAS.

1103 185 1160 221 xit,
1182 190 1218 214 111
1241 182 1326 214 50101
1349 181 1457 212 01111113
1479 179 1641 210 Iohannes
1667 177 1712 215 [l,
1739 177 1831 213 17.:].
1859 175 1924 206 Per

1080 212 1083 242 Ι
1103 226 1222 257 Mosen
1241 224 1295 256 lex
1319 225 1396 255 data
1425 228 1490 259 est,
1519 222 1624 262 gratia
1652 225 1685 250 et
1708 219 1830 249 veritas
1845 216 1849 239 ¹
1867 227 1926 257 per

1105 268 1235 298 Ihesum
1247 266 1412 297 Christum
1422 264 1509 295 facta
1520 269 1581 293 est.
1599 262 1732 292 Veritas
1745 259 1926 301 hypocrisi,

1106 310 1212 350 gratia
1234 307 1337 339 furori
1351 307 1403 337 dei
1416 306 1602 347 opponitur,
1625 302 1767 333 Proinde
1781 312 1854 332 cum
1869 311 1927 341 per

1105 351 1236 381 Ihesum
1249 349 1414 381 Clu-istim)
1438 348 1553 389 gratia,
1575 347 1684 382 idest,
1704 343 1929 375 misericordia

1107 399 1139 424 01
1162 392 1257 423 favor
1281 392 1334 422 dei
1356 396 1470 431 partus
1494 390 1547 425 sit,
1576 395 1606 418 et
1630 397 1733 418 verax
1761 387 1793 416 in
1828 385 1929 415 corde

1107 439 1222 462 nostro
1244 434 1377 469 iustitia,
1400 440 1539 462 necesse
1563 436 1613 460 est
1638 435 1673 459 ut
1697 428 1754 467 lex
1777 426 1929 468 hypocri-

1108 474 1155 503 sis
1178 479 1313 507 tanltum
1336 479 1451 502 auctor
1473 474 1526 508 sit,
1550 482 1623 502 cum
1638 470 1791 501 cohercet
1811 469 1930 499 invitos

1109 522 1139 546 et
1164 513 1342 545 frementes
1365 514 1526 544 adversus
1551 513 1663 549 deum,
1687 518 1718 542 et
1740 512 1825 547 irae,
1855 520 1929 540 011111

1111 558 1241 588 damnat
1264 566 1325 586 nos
1348 564 1435 586 reos.

1155 615 1211 646 Sic
1234 613 1357 645 Paulus
1381 614 1423 644 ad
1441 612 1535 643 Rom.
1557 611 1628 641 vll.
1652 611 1706 641 ubi
1730 611 1770 640 de
1793 611 1825 640 vi
1848 609 1932 650 legis

1113 657 1363 698 diligentissime
1387 655 1550 686 disseruit.
1591 653 1765 683 Peccatum
1788 661 1855 681 11011
1879 661 1933 681 00-

1114 700 1213 740 gnovi
1236 699 1299 729 nisi
1322 708 1382 738 per
1394 697 1512 738 legem.
1536 695 1620 725 Nam
1634 693 1935 733 concupiscentiam

1113 742 1313 777 nesciebam,
1336 740 1398 770 nisi
1422 738 1637 773 lexidiceret,
1684 736 1758 766 Non
1782 734 1935 773 concupi-

1114 793 1200 814 5005.
1225 782 1313 813 Idem
1336 792 1407 822 cap.
1421 781 1474 810 III.
1500 783 1564 818 [vs.
1587 778 1671 815 20.:1
1687 788 1744 818 per
1757 776 1865 817 legem
1882 786 1935 806 00-

1115 825 1215 865 gnitio
1240 824 1379 863 peccati,
1404 823 1497 862 quasi
1521 822 1619 857 dicat,
1642 820 1825 861 hypocritis
1849 816 1934 848 falso

1113 875 1320 907 persuasum,
1343 865 1451 905 parari
1481 862 1555 903 lege
1578 863 1751 898 iustitiam,
1781 871 1855 891 cum
1883 858 1936 890 lex

1113 914 1239 938 tantum
1268 907 1420 938 ostendat
1451 906 1541 936 cordi
1577 910 1758 943 peccatum.
1809 902 1938 932 Deinde

1114 950 1292 980 occasione
1315 954 1453 988 accepta
1476 952 1648 987 peccatum
1671 956 1729 985 per
1752 944 1938 975 mandatum

1114 993 1147 1022 111
1169 1001 1231 1023 me.
1243 996 1413 1031 operatum
1428 995 1478 1019 est
1492 997 1621 1018 omnem
1629 986 1937 1026 concupiscentiam.

1114 1034 1150 1063 Id
1181 1033 1319 1070 est,1ubi
1347 1032 1441 1071 coepi
1463 1030 1548 1071 legis
1581 1040 1664 1059 onus
1683 1029 1819 1060 sentire.
1855 1027 1938 1057 adeo

1115 1073 1194 1105 nihil
1216 1073 1399 1115 profectum
1424 1078 1475 1103 est.
1498 1072 1583 1113 lege,
1606 1077 1641 1102 ut
1671 1069 1939 1110 concupiscentia

1116 1117 1221 1157 magis
1247 1117 1343 1147 etiam
1365 1116 1491 1145 irritata
1504 1115 1647 1154 coeperit
1660 1112 1801 1143 fremere
1811 1114 1857 1151 9⁰)
1883 1111 1939 1141 ad-

1116 1168 1234 1189 versus
1251 1158 1403 1189 iudicium
1420 1163 1451 1187 et
1467 1156 1668 1187 voluntatem
1684 1155 1745 1185 dei.
1770 1155 1853 1184 Nam
1868 1153 1940 1183 sine

1116 1200 1190 1243 lege
1219 1205 1484 1241 peccatumvemt
1508 1204 1688 1233 mortuum,
1718 1196 1782 1227 hoc
1812 1201 1878 1232 est,
1908 1196 1941 1225 ni

1116 1243 1170 1274 lex
1193 1243 1269 1273 mihi
1292 1244 1325 1273 in
1349 1242 1449 1272 corde
1473 1246 1645 1281 peccatum
1664 1239 1883 1274 ostendisset,
1908 1238 1940 1267 ni

1116 1296 1168 1316 me
1191 1294 1310 1316 50115115
1334 1284 1461 1325 peccati
1490 1282 1746 1317 conterruisset,
1777 1278 1941 1310 mortuum

1117 1326 1232 1358 fuisset
1244 1332 1428 1367 peccatum,
1441 1335 1507 1356 non
1529 1324 1745 1355 efferbuisset.
1766 1322 1841 1352 Vixi
1857 1322 1942 1352 enim

1117 1369 1292 1410 aliquando
1317 1370 1388 1399 sine
1411 1367 1496 1408 lege.
1548 1367 1620 1397 Fuit
1651 1365 1783 1406 aliquod
1802 1370 1941 1403 tempuS,

1118 1423 1192 1443 cum
1214 1413 1319 1442 iustus
1343 1409 1419 1440 mihi
1443 1410 1589 1446 viderer,
1621 1407 1819 1449 legem³non
1850 1406 1940 1436 vide-

1118 1456 1203 1491 bam,
1227 1454 1377 1493 adeoque
1391 1462 1454 1482 nec
1473 1456 1654 1491 peccatum.
1679 1451 1788 1489 Atque
1810 1448 1854 1478 ibi
1875 1454 1942 1478 tum

1118 1502 1290 1537 peccatum
1313 1494 1579 1535 conquiescebat,
1603 1503 1665 1523 nec
1689 1491 1796 1531 palam
1818 1491 1941 1520 irasce-

1119 1541 1214 1570 batur
1237 1539 1311 1575 1100,
1324 1537 1383 1567 sed
1396 1546 1469 1567 cum
1481 1536 1627 1566 venisset
1645 1534 1845 1569 mandatum,
1867 1541 1943 1572 pec-

1120 1588 1227 1612 catum
1251 1580 1377 1616 revixit,
1401 1588 1464 1619 ego
1487 1583 1596 1608 autem
1607 1582 1756 1607 mortuus
1776 1585 1858 1611 sum,
1877 1573 1942 1604 hoc

1121 1630 1182 1660 est,
1207 1632 1280 1653 cum
1302 1622 1367 1652 iam
1384 1619 1458 1661 lege
1490 1619 1691 1650 ostendisset
1719 1617 1795 1648 mihi
1826 1626 1941 1656 pecca-

1121 1672 1188 1696 tum
1212 1665 1304 1701 deus,
1329 1663 1552 1693 ex'uscitatum
1576 1666 1626 1692 est
1656 1665 1845 1700 peccatum,
1877 1667 1940 1699 ego

1122 1705 1281 1737 confusus
1306 1715 1389 1741 sum,
1412 1703 1618 1744 pavefactus,
1642 1702 1805 1738 inhorrui,
1835 1701 1941 1731 brevi-

1122 1755 1172 1779 ter
1194 1754 1343 1779 mortuus
1367 1756 1449 1777 sum.
1479 1746 1520 1775 Et
1544 1752 1612 1775 tum
1635 1745 1764 1785 quidem
1792 1743 1942 1782 adparuit

1123 1800 1206 1831 quae
1230 1790 1279 1820 w's
1298 1788 1383 1829 legis
1407 1793 1506 1818 esset.
1531 1787 1666 1816 Prodita
1680 1786 1808 1826 quidem
1823 1784 1877 1814 lex
1893 1790 1943 1814 est

1122 1838 1156 1863 ut
1168 1833 1365 1867 viveremus,
1389 1830 1450 1860 sed
1463 1840 1536 1860 cum
1554 1827 1664 1859 facere
1683 1837 1747 1858 11011
1766 1827 1942 1867 possimus',

1123 1874 1235 1905 mortis
1248 1882 1406 1911 organum
1425 1877 1485 1901 est.
1509 1871 1654 1910 Etssquae
1669 1879 1788 1900 caussa
1806 1874 1856 1898 est
1874 1874 1944 1898 tau-

1124 1918 1197 1947 dem
1203 1926 1262 1946 cur
1268 1914 1323 1945 lex
1332 1913 1502 1944 occiderit?
1510 1913 1581 1942 Lex
1589 1910 1765 1952 spiritualis
1775 1916 1835 1948 est,
1844 1911 1875 1940 id
1884 1917 1945 1947 est,

1125 1954 1435 1999 exigit'spiritualia,
1451 1955 1633 1985 veritatem.
1649 1954 1745 1984 fidem
1759 1952 1944 1994 glorifican-

1125 2008 1190 2031 tem
1213 1999 1320 2035 deum,
1344 2007 1488 2028 amorem
1511 1997 1574 2035 dei,
1598 2007 1660 2037 ego
1693 2006 1772 2026 vero
1803 1993 1945 2025 carnalis

1126 2053 1216 2079 sum,
1254 2038 1459 2077 incredulus,
1488 2040 1645 2080 ignorans
1674 2038 1744 2068 dei.
1779 2037 1947 2077 insipiens,

1128 2093 1240 2116 amans
1260 2083 1322 2113 mei
1346 2088 1424 2113 etc.'

1171 2143 1342 2182 Nusquam
1361 2141 1425 2171 vim
1444 2140 1656 2180 rationesque
1676 2138 1758 2179 legis
1776 2144 1840 2168 tam
1860 2137 1948 2177 copi-

1130 2195 1188 2215 ose
1207 2184 1359 2215 tractaw't
1377 2181 1559 2223 Apostolus
1575 2181 1706 2217 Paulus,
1726 2187 1759 2211 ut
1779 2180 1843 2210 hoc
1862 2179 1950 2216 loco,

1131 2238 1227 2268 quem
1244 2226 1492 2266 proposuimus,
1519 2225 1550 2255 in
1576 2234 1641 2264 quo
1666 2233 1731 2253 11011
1756 2223 1852 2253 video
1873 2222 1948 2262 quid

1132 2269 1311 2301 desiderari
1330 2268 1444 2307 possit.
1497 2266 1689 2297 obscuritas
1709 2264 1799 2295 nulla
1818 2270 1885 2301 est,
1904 2264 1950 2294 ni-

1131 2311 1177 2341 hil
1191 2312 1193 2318 ⁸
1207 2311 1408 2351 impeditum.
1427 2308 1543 2349 plana,
1563 2314 1676 2348 aperta
1696 2308 1817 2337 onmia.
1843 2312 1875 2337 ut
1896 2307 1952 2336 du-

1134 2354 1227 2385 bitari
1253 2363 1318 2383 non
1344 2352 1447 2392 possit
1474 2352 1514 2382 de
1541 2351 1610 2381 eius
1637 2350 1808 2380 sententia.
1855 2348 1950 2383 Quod

1133 2496 1179 2523 90)
1204 2495 1326 2525 fremere]
1346 2495 1388 2519 Ed.
1410 2496 1431 2519 7.
1451 2499 1476 2519 et
1496 2495 1521 2519 111
1541 2495 1663 2519 Genesin:
1684 2494 1776 2519 furere.

1910 2544 1954 2571 10*

2018 82 2079 113 150

1994 227 2020 245 10

2000 476 2026 494 15

1999 735 2013 753 ‘2
2016 735 2030 752 0

2002 995 2032 1014 25

1975 1039 2014 1065 64.
2034 1037 2057 1061 b.

2008 1411 2033 1429 10

2012 1664 2037 1683 15

2008 1876 2038 1894 20

1965 1985 2010 2015 (35
2021 2003 2027 2010 .
2046 1984 2081 2013 a.)

1991 2138 2031 2163 65.
2042 2142 2065 2160 a.
