2358 2933
95 117 161 149 989

96 212 177 241 iram
190 219 294 241 *suam
316 209 367 240 his
388 208 715 249 horrendispoenis,
737 215 774 240 ut
795 209 1003 244 cu'm2evertit
1015 208 1078 239 So-

97 253 255 290 domam‚'
272 257 328 283 aut
352 261 426 283 cum
447 249 533 282 fame
553 256 612 282 aut
633 250 821 292 pestilentia
843 256 930 281 totas
953 250 1077 282 Gentes

98 294 198 326 delet.
238 299 252 321 J
294 316 351 333 -
424 310 426 313 >
510 312 542 316 =·
623 297 626 301 '
825 296 827 298 '
897 312 899 314 -

183 352 288 385 Multa
321 353 423 395 igitur
454 351 541 383 mala
573 353 605 383 in
641 348 784 393 imperiis
813 351 979 382 ducantur
1004 362 1078 384 esse

96 395 216 427 fatales
238 405 365 437 poenae
389 401 419 425 et
438 393 590 436 exempla
611 395 719 437 iustae
740 394 809 425 irae
827 393 893 424 Dei
915 395 1078 426 adversus

97 437 228 470 s'celera
258 437 435 469 hominum.
481 437 549 467 Imo
571 437 648 468 inde
671 438 778 477 usque
803 437 843 467 ab
867 437 957 467 initio
980 438 1078 477 impe-

95 481 144 512 ria
167 482 199 511 in
223 481 368 511 deterius
393 489 555 511 conversa
579 484 667 517 sunt,
691 479 793 509 crevit
817 480 980 517 servitus,
1004 480 1077 520 quia

96 528 237 563 peccata
271 521 438 553 hominum
469 525 654 552 creverunt.
701 520 811 551 Prima
834 521 1023 553 monarchia
1047 523 1077 552 in

94 571 203 596 statua
224 563 373 596 Danielis
407 564 548 605 pingitur
570 565 693 601 aurea,
727 564 875 594 secunda
908 570 1078 606 argentea,

94 608 189 640 tertia
222 617 340 645 aenea,
376 606 492 648 quarta
518 605 639 636 ferrea.
684 605 792 636 Pedes
829 606 945 647 partim
969 605 1077 648 ‘ferrei

93 650 211 691 partim
233 648 312 681 lutei
336 655 429 687 sunt,
462 648 526 679 hoc
551 653 618 686 est,
647 654 816 688 postrema
849 654 957 680 aetate
981 659 1078 690 quae-

95 693 170 723 dam
200 697 294 723 erunt
318 701 419 722 saeva
441 690 593 732 imperia,
628 696 663 721 ut
686 690 881 728 Turoicum,
914 692 1077 733 quaedam

94 734 240 772 infirma,
275 732 373 775 plena
406 734 570 775 ignaviae.
615 732 754 764 Multum
779 739 887 764 autern
912 733 1077 766 confusio-

95 787 172 808 num
206 776 301 807 affert
323 776 466 817 ignavia,
500 781 535 808 ut
559 785 613 806 res
638 776 783 807 ostendit
805 776 837 807 in
860 775 970 807 multis
995 776 1076 808 Ger-

95 819 222 850 maniae
245 817 340 849 locis.

150 865 152 867 ’
180 869 298 911 Longe
320 867 490 910 pulehn'or
513 874 622 900 status
651 868 712 900 fuit
734 870 828 911 regni
850 869 972 900 Iudaici
997 875 1076 902 tem-

94 922 176 953 pore
199 912 367 953 Iosaphat,
392 922 490 953 quam
512 918 587 952 post
611 912 752 943 reditum
776 922 817 942 ex
835 910 1021 953 Babylone,
1045 918 1077 943 et

94 960 212 996 postea
241 965 314 986 cum
338 954 528 995 a'Syriacis
553 961 585 984 et
609 955 650 985 ab
675 953 852 996 Aegyptiis
875 955 1012 996 regibus
1036 965 1076 985 ac

94 992 227 1029 tandem
258 1007 278 1028 a
300 996 458 1027 Romanis
482 996 601 1027 Iudaea
624 995 733 1028 multis
756 997 861 1027 modis
888 1003 1076 1035 vexaretur,

95 1040 154 1070 sed
177 1045 286 1070 tamen
309 1039 484 1070 manebant
508 1037 606 1080 aliqui
629 1039 720 1070 nervi
743 1038 889 1080 politiae.
925 1039 959 1069 ld
971 1050 1076 1081 agno-

95 1082 232 1113 scebant
263 1081 309 1122 pii
343 1081 538 1112 beneficium
571 1080 635 1112 Dei
670 1092 757 1112 esse.
813 1081 944 1113 Interim
977 1081 1075 1119 mala,

117 1134 180 1155 uae
213 1123 352 1162 fiebant,
390 1124 541 1154 sciebant
573 1124 716 1164 permitti
744 1124 897 1155 divinitus
922 1130 1075 1164 tanquam

95 1134 213 1199 {itales
236 1175 383 1207 poenaS,
419 1171 450 1197 et
479 1167 597 1198 moesti
621 1177 660 1198 ac
685 1172 855 1208 gementes
879 1165 1076 1204 tolerabant,

96 1214 127 1240 et
150 1219 211 1240 sua
234 1209 397 1240 modestia
420 1214 452 1239 et
461 1209 507 1249 33)
538 1208 705 1250 diligentia
727 1209 760 1239 in
783 1209 871 1239 omni
895 1207 1006 1239 officio
1030 1208 1076 1238 le-

95 1251 245 1288 mebant,
279 1261 345 1282 non
380 1251 552 1282 irritabant
582 1251 788 1286 contumacia
822 1257 878 1281 aut
911 1251 1076 1281 seditioni-

96 1295 177 1331 bus,
201 1292 310 1324 Deum
330 1293 426 1323 etiam
451 1293 607 1331 orabant,
630 1300 665 1324 ut.
688 1293 854 1334 mitigaret
872 1294 1074 1324 servitutem.

182 1351 265 1383 Cum
287 1351 456 1382 audissent
467 1353 511 1386 3⁴)
536 1363 556 1383 a
587 1351 779 1383 Ptolemaeo
802 1351 950 1383 Lathuro
979 1353 1075 1383 inter·

95 1394 181 1426 fecta
215 1404 292 1425 esse
315 1393 509 1425 ludaeorum
543 1395 659 1436 viginti
680 1393 781 1425 millia
804 1400 837 1425 et
860 1401 997 1426 coactos
1021 1405 1074 1426 ca-

119 1438 205 1469 tivos
238 1437 333 1467 vesci
367 1436 521 1468 carnibus
554 1435 802 1468 interfectorum
835 1444 1008 1477 parentum
1043 1443 1076 1468 et

95 1448 250 1516 Fratrum,
283 1479 439 1510 videbant
461 1478 639 1510 Diabolum
668 1480 830 1510 rabiosius
866 1480 1014 1520 grassari
1043 1480 1074 1510 in

96 1523 185 1553 hunc
207 1520 377 1562 populum,
399 1531 496 1561 quam
519 1522 551 1552 in
574 1526 704 1552 ceteras
729 1521 865 1559 Gentes,
889 1528 921 1552 et
940 1531 1016 1553 sese
1036 1523 1075 1553 de

97 1564 299 1606 poenitentia
321 1571 354 1594 et
377 1563 417 1594 de
439 1563 648 1595 invocatione
672 1563 1021 1601 commonefaciebant,
1044 1570 1076 1595 et

95 1613 203 1638 tamen
237 1612 357 1637 norant
385 1606 540 1637 vaticinia
563 1607 689 1644 divina,
722 1605 866 1647 politiam
889 1616 1075 1637 mansuram

98 1659 190 1685 esse,
224 1648 331 1680 donec
359 1648 503 1679 Messias
539 1649 796 1680 concionaturus
828 1655 928 1680 esset.
984 1649 1076 1681 Haec

96 1690 239 1733 praefari
272 1692 313 1722 de
348 1691 535 1721 discrimine
559 1692 683 1722 ordinis
705 1690 829 1732 politici
853 1698 886 1722 et
910 1691 1076 1723 confusio-

96 1744 190 1771 num,
225 1744 311 1774 quae
335 1734 482 1764 ordinem
506 1735 740 1772 interturbant,
763 1739 799 1764 ut
822 1734 850 1764 si
873 1733 1076 1765 harmoniam

96 1778 128 1807 in
163 1775 327 1808 cantilena
362 1776 458 1807 bonis
492 1777 628 1808 musicis
660 1782 749 1807 recte
774 1777 967 1807 canentibus
991 1776 1075 1808 alius

97 1819 258 1860 quispiam
281 1817 394 1849 furens
419 1816 564 1849 clamore
587 1829 648 1850 suo
680 1820 931 1856 interturbaret,
961 1829 1076 1850 neces-

97 1862 217 1892 sarium
241 1870 318 1892 esse
342 1861 435 1898 duxi,
460 1867 494 1891 ut
518 1868 734 1902 praeparetur
757 1861 864 1894 lector
887 1862 928 1892 ad
953 1869 1074 1899 cetera,

96 1913 158 1934 nec
190 1909 327 1944 propter
362 1902 592 1941 confusiones,
632 1913 716 1944 quae
739 1903 870 1934 aliunde
903 1905 1076 1941 accedunt,

98 1946 227 1977 damnet
264 1944 421 1976 beneficia
451 1946 569 1977 divina.
614 1945 709 1976 Alias
732 1952 839 1977 autem
864 1947 946 1977 ordo
969 1947 1076 1988 politi·

98 1998 156 2018 cus
180 1989 298 2029 magis,
322 1987 405 2018 alias
416 1989 461 2023 3⁵)
484 1989 592 2019 minus
616 1995 668 2018 est
691 1989 836 2029 integer3
882 1988 965 2020 alias
988 1989 1075 2030 plus.

97 2029 179 2061 alias
213 2032 319 2061 minus
351 2036 403 2061 est
426 2029 664 2062 confusionum.
713 2031 781 2062 Sed
805 2041 935 2072 semper
957 2033 988 2063 in
1011 2032 1075 2063 hac

97 2073 216 2104 misera
236 2078 267 2102 et
289 2082 489 2103 aerumnosa
507 2074 574 2104 vita
596 2074 627 2103 in
646 2074 790 2113 imperiis
804 2072 924 2105 multae
936 2085 1075 2116 magnae

98 2113 308 2146 difficultates
343 2115 503 2152 existunt,
537 2121 604 2146 tum
638 2117 714 2157 quia
736 2115 902 2148 Diabolus
936 2124 1076 2148 conatur

97 2156 211 2188 facere
232 2157 374 2188 maiores
398 2157 642 2197 dissipationes,
666 2164 731 2189 tum
755 2160 831 2200 quia
854 2159 996 2190 humana
1018 2170 1076 2190 na-

98 2205 171 2231 tura
187 2209 248 2240 per
271 2209 346 2230 sese
366 2205 418 2229 est
441 2199 615 2232 imbecillis
639 2206 669 2231 et
692 2200 791 2232 facile
814 2203 883 2232 suis
908 2202 1076 2234 erroribus

98 2247 129 2272 et
164 2242 396 2282 cupiditatibus
429 2249 538 2273 movet
571 2253 626 2274 res
657 2244 795 2275 iniustas
820 2249 850 2275 et
872 2244 1075 2275 harmoniam

98 2285 304 2322 interturbat,
338 2290 404 2316 tum
438 2285 513 2325 quia
545 2283 664 2316 fatales
687 2296 815 2326 poenae
837 2286 959 2318 multae
983 2298 1076 2319 acce-

99 2327 191 2363 dunt,
213 2327 245 2357 in
270 2327 388 2367 quibus
407 2337 547 2367 magnae
572 2327 652 2359 fiunt
676 2335 707 2358 et
731 2339 906 2370 regnorum
932 2336 961 2361 et
981 2331 1076 2361 disci-

98 2446 144 2476 33)
164 2446 200 2477 et]
221 2446 292 2476 corp.
315 2448 386 2471 1-8,
406 2453 435 2471 ac

100 2497 145 2527 34)
165 2497 309 2528 audissent]
327 2497 401 2523 Editt.
423 2498 461 2521 22.
482 2497 523 2520 24.
544 2498 661 2523 28—34..
681 2500 740 2530 Opp-
762 2501 784 2523 1.
806 2501 827 2522 2.
849 2501 1006 2527 audivissent

99 2547 144 2575 35)
164 2548 239 2578 alias]
259 2548 331 2578 corp.
353 2549 376 2571 2.
396 2549 420 2570 4.
442 2550 491 2578 ηρ.
513 2554 613 2574 errore:
634 2550 698 2574 alius

573 116 594 145 1.
621 115 721 147 Loci
743 114 1021 147 THEOLOGICI:
1044 115 1087 147 D.

1110 114 1269 146 TERTiA·
1291 113 1447 146 EORUM
1470 113 1626 145 AETAS.
2042 117 2104 149 990

1120 207 1229 248 plinae
1261 208 1538 248 perturbationes.
1595 206 1637 237 Et
1669 205 1734 237 hae
1764 216 1905 238 caussae
1933 218 2047 240 omnes
2071 212 2100 241 in

1121 250 1185 281 hac
1207 255 1377 290 postrema
1399 255 1534 280 senecta
1556 250 1662 290 magis
1683 256 1894 281 concurrunt.

1206 293 1333 323 Natura
1350 291 1516 323 hominum
1537 297 1694 333 tanquam
1719 291 1836 323 effoeta
1859 293 1930 323 sine
1952 292 2021 324 ulla
2045 295 2101 325 du-

1121 335 1280 366 bitatione
1301 333 1496 366 imbecillior
1510 340 1586 372 ssest,
1609 345 1706 377 quam
1729 333 1789 365 fuit
1810 336 1912 373 initio,
1936 336 2021 367 sicut
2045 337 2101 367 do-

1124 378 1167 407 cti
1190 377 1388 408 distribuunt.
1411 383 1560 418 tempora
1581 378 1672 408 iuxta
1695 376 1834 408 hominis
1852 384 1981 418 parteS,
2010 379 2100 410 initio

1122 420 1211 450 aiunt
1232 429 1395 461 regnasse
1417 419 1450 449 τὸ
1467 419 1648 458 ἡγεμονικόν,
1666 421 1700 451 id
1724 426 1785 457 est,
1804 422 1963 451 rationem
1983 423 2101 462 guber-

1122 462 1289 492 natricem.
1334 462 1435 492 Artes
1470 463 1554 492 enim
1589 473 1609 492 a
1642 463 1754 502 primis
1777 464 1925 502 patribus
1949 464 2101 495 inventae

1124 511 1199 534 sunt
1223 510 1256 535 et
1278 504 1439 543 sapientia
1461 503 1611 534 homines
1633 505 1739 545 magis
1764 516 1860 546 quam
1884 508 1916 537 vi
1939 508 2100 547 regeban-

1123 553 1184 577 tur.
1229 545 1359 576 Deinde
1381 547 1543 589 successit
1566 545 1719 578 bellatrix
1743 554 1853 585 aetaS,
1887 549 1919 579 in
1951 559 2015 590 qua
2037 550 2099 580 iam

1122 589 1257 629 imperia
1291 590 1390 619 armis
1427 590 1605 620 constituta
1628 595 1722 627 sunt,
1756 596 1787 621 et
1812 596 1952 631 quatuor
1973 601 2100 622 monar—

1123 631 1217 661 chiae
1243 631 1320 661 indc
1342 640 1448 672 usque
1471 632 1513 662 ab
1535 631 1692 663 Abrahae
1715 637 1862 673 tempore
1885 634 1926 664 ad
1950 633 2099 664 Theodo-

1122 674 1207 704 sium
1241 674 1353 704 orbem
1387 679 1546 704 terrarum
1580 680 1744 705 rexerunt.
1790 675 1914 706 Secuta
1932 681 1984 706 est
2006 683 2098 707 aetas

1122 721 1301 756 postrema,
1322 716 1355 746 in
1380 726 1444 757 qua
1468 717 1627 747 dominari
1651 717 1740 748 aiunt
1764 719 1989 756 ἐπιθυμητικόν.
2035 718 2100 749 Na·

1122 765 1195 789 tura
1224 758 1390 789 hominum
1422 757 1511 790 facta
1533 757 1721 801 languidior
1742 770 1804 791 nec
1829 761 2010 801 sapientiae
2033 767 2099 792 stu-

1123 801 1188 838 det,
1223 807 1259 832 ut
1293 800 1388 839 olim,
1421 811 1483 832 nec
1506 800 1581 832 illos
1605 803 1786 833 acerrimos
1810 802 1944 833 labores
1967 802 2100 834 militiae

1123 844 1276 883 suscipit,
1300 854 1384 885 quos
1408 844 1614 876 sustinebant
1636 843 1713 875 olim
1735 846 1796 876 viri
1820 844 1943 883 sorteS,
1977 845 2097 884 David,

1122 885 1291 923 Achilles,
1322 885 1448 928 Cyrus,
1471 886 1678 924 Alexander,
1703 887 1883 925 Hannibal,
1906 887 2097 925 Marcellus,

1123 928 1253 968 Scipio,
1288 928 1325 959 C.
1358 928 1493 966 Caesar,
1528 930 1586 960 sed
1609 929 1700 960 velut
1725 936 1881 961 enervata
1907 929 2044 962 delicias
2068 938 2098 962 et

1122 970 1310 1011 voluptates
1346 972 1482 1011 quaerit.
1528 971 1707 1003 Praeterea
1731 983 1804 1003 cum
1826 979 1965 1013 peccata
1989 984 2098 1004 cumu-

1121 1012 1189 1044 lata
1211 1014 1276 1043 sint
1299 1019 1465 1054 tempore,
1499 1024 1627 1055 poenae
1651 1025 1783 1056 quoque
1806 1021 1992 1047 creverunt.
2039 1015 2098 1046 His

1121 1056 1353 1087 occasionibus
1377 1056 1540 1088 Diabolus
1573 1057 1674 1088 utitur
1702 1064 1734 1088 et
1767 1057 1926 1089 infirmam
1949 1064 2098 1089 naturam

1121 1099 1286 1128 rabiosius
1309 1105 1417 1140 urget.
1463 1099 1548 1130 Odio
1572 1100 1667 1130 etiam
1691 1100 1754 1131 Dei
1784 1106 1816 1131 et
1839 1100 1979 1138 Christi,
2003 1110 2099 1141 quem

1121 1142 1183 1171 seit
1215 1150 1282 1171 non
1316 1141 1361 1171 ita
1393 1140 1496 1172 multo
1530 1148 1606 1182 post
1629 1140 1738 1182 palam
1759 1148 1932 1174 venturum
1956 1152 2033 1173 esse
2057 1143 2099 1173 ad

1120 1183 1328 1213 iudicandum
1362 1189 1394 1214 et
1416 1183 1588 1214 Ecclesiae
1623 1185 1775 1215 daturum
1799 1186 1886 1215 bona
1909 1191 2045 1216 aeterna
2068 1192 2098 1216 et

1121 1225 1325 1256 abiecturum
1349 1225 1511 1257 Diabolos
1546 1233 1577 1257 et
1600 1227 1718 1267 impios
1741 1228 1774 1258 in
1798 1233 1952 1259 aeternos
1975 1228 2098 1258 crucia—

1121 1274 1187 1305 tus,
1210 1268 1315 1298 saevit
1336 1269 1368 1298 in
1391 1269 1465 1308 ipso
1489 1270 1554 1300 fine
1573 1278 1653 1300 suae
1676 1270 1858 1311 tyrannidis
1882 1271 2036 1301 atrocius·

1206 1309 1298 1341 Haec
1333 1311 1533 1352 cogitemus,
1567 1321 1640 1343 cum
1671 1311 1887 1344 confusiones
1910 1323 2097 1355 regnorum,

1121 1350 1293 1390 tumultus,
1326 1352 1538 1393 profusiones
1562 1361 1593 1385 et
1615 1356 1772 1394 βουλιμίας
1805 1355 2010 1397 Principum.
2046 1367 2098 1386 ex-

1120 1394 1293 1434 pilationes
1325 1395 1437 1436 populi
1469 1404 1500 1428 et
1534 1395 1618 1427 alias
1652 1398 1802 1428 miserias
1836 1399 2005 1430 servitutis
2029 1409 2099 1430 cre-

1121 1447 1217 1467 scere
1252 1439 1434 1476 cernimus,
1468 1446 1499 1469 et
1528 1438 1590 1470 has
1613 1449 1789 1470 aerumnas
1812 1442 1864 1482 pie
1888 1440 2031 1471 tolerare
2054 1442 2098 1471 di-

1122 1489 1266 1517 scamuS,
1289 1485 1321 1510 ct
1343 1480 1448 1511 Deum
1473 1491 1622 1519 oremus,
1655 1488 1690 1512 ut
1725 1481 1831 1524 aliqua
1845 1485 1891 1523 36)
1926 1482 2098 1515 Ecclesiae

1121 1532 1202 1552 suae
1223 1521 1365 1562 hospitia
1389 1530 1499 1555 servet
1522 1531 1553 1555 et
1578 1530 1682 1566 regat.

1207 1564 1326 1595 Omnia
1360 1576 1462 1607 regna
1497 1568 1647 1598 omnibus
1681 1568 1844 1598 aetatibus
1879 1570 1967 1600 circa
2003 1569 2098 1601 finem

1121 1607 1228 1648 magis
1246 1607 1433 1640 turbulenta
1454 1608 1597 1640 fuerunt.
1643 1609 1781 1645 Quoties
1804 1610 1894 1642 multi
1908 1611 2024 1653 Syriae
2047 1623 2097 1643 re-

1122 1659 1182 1690 ges
1206 1660 1270 1680 uno
1294 1655 1440 1692 tempore
1464 1653 1505 1683 de
1529 1662 1631 1694 regno
1655 1653 1866 1685 dimicarunt.
1904 1654 2098 1692 Antiochus,

1121 1691 1289 1733 Tryphon,
1311 1692 1498 1726 Demetrius
1522 1702 1553 1726 et
1577 1694 1647 1726 alii!
1672 1694 1835 1729 Quantum
1858 1695 1915 1727 fuit
1938 1696 2097 1728 bellorum

1122 1733 1264 1765 civilium
1297 1736 1381 1766 inter
1403 1736 1571 1768 Romanos
1595 1737 1765 1778 Principes
1795 1749 1813 1769 a
1837 1739 1963 1770 Severo
1982 1750 2098 1781 usque,

1120 1782 1157 1807 ut
1179 1777 1220 1807 de
1243 1779 1480 1810 vetustioribns
1505 1779 1654 1811 civilibus
1679 1779 1775 1811 bellis
1799 1791 1865 1812 non
1885 1782 2007 1813 dicam!
2044 1782 2098 1813 Vi-

1122 1819 1226 1850 dimus
1263 1826 1294 1850 et
1328 1820 1391 1852 hac
1419 1828 1527 1853 aetate
1551 1822 1773 1854 infelicissime
1798 1825 1991 1855 dimicantes
2015 1826 2097 1856 duos

1120 1861 1232 1903 Reges
1266 1863 1307 1893 de
1330 1863 1511 1896 Pannonia.
1558 1865 1702 1896 Prorsus
1732 1867 1830 1907 igitur
1854 1866 2024 1898 Ecclesiae
2047 1878 2099 1898 sa-

1121 1905 1240 1945 pientia
1259 1905 1417 1947 singulari
1442 1918 1525 1948 opus
1545 1914 1595 1938 cst
1616 1910 1657 1939 ad
1678 1908 1831 1939 serendas
1857 1909 1916 1940 lias
1936 1910 2097 1947 miserias,

1121 1947 1161 1977 (le
1196 1948 1313 1988 quibus
1348 1955 1379 1979 et
1403 1949 1553 1981 Christus
1587 1961 1648 1982 nos
1678 1958 1869 1991 praemonet
1891 1953 2097 1993 praedicens,

1120 1988 1241 2020 ultimis
1265 1993 1467 2031 temporibus
1490 2004 1608 2035 magna
1633 1993 1731 2031 bella,
1757 2005 1895 2036 magnas
1920 2005 2096 2037 regnorum

1121 2033 1231 2063 ruinas
1254 2039 1285 2063 ct
1309 2033 1505 2074 populorum
1528 2038 1700 2078 angustias
1724 2036 1849 2068 suturas
1874 2047 1960 2068 esse.

1206 2075 1301 2105 Nunc
1324 2076 1422 2116 igitur
1445 2079 1543 2109 redeo
1568 2080 1611 2110 ad
1634 2079 1844 2119 principalem
1859 2082 2095 2121 quaestionem.

1120 2118 1206 2147 unde
1240 2119 1305 2148 sint
1335 2119 1489 2160 imperia,
1524 2132 1564 2152 an
1584 2122 1715 2162 politica
1740 2121 1851 2153 officia
1875 2124 1937 2153 sint
1963 2134 2016 2153 res
2040 2125 2096 2153 bo-

1120 2169 1193 2197 nae,
1218 2166 1249 2190 et
1272 2170 1313 2190 an
1327 2160 1523 2194 Christianis
1536 2163 1632 2195 liceat
1646 2174 1762 2206 gerere
1773 2165 1999 2206 Magistratus,
2012 2176 2096 2197 eme-

1120 2212 1168 2240 re,
1193 2203 1349 2240 vendere,
1372 2203 1464 2247 fungi
1487 2216 1622 2238 munere
1641 2208 1794 2244 iudicum,
1815 2217 1954 2238 caussas
1979 2208 2096 2239 afferre

1120 2245 1151 2275 in
1175 2243 1282 2275 forum
1306 2255 1385 2276 suas
1404 2248 1457 2279 vel
1481 2248 1619 2287 alienas,
1643 2248 1793 2287 militare,
1816 2251 1916 2280 armis
1930 2250 2096 2292 depellere

1120 2286 1304 2324 latrocinia,
1329 2289 1416 2320 bella
1440 2289 1585 2332 legitima
1609 2302 1737 2333 gerere.
1783 2292 1835 2323 Ad
1858 2292 1941 2324 haec
1959 2295 2095 2335 prinnun

1098 2356 1099 2364 ,
1122 2330 1326 2371 respondeo:
1371 2332 1412 2362 Et
1447 2332 1641 2375 Coniugium
1673 2341 1702 2365 et
1738 2333 1891 2375 politicus
1927 2337 2007 2367 ordo
2043 2347 2095 2367 res

1121 2379 1195 2403 sunt
1220 2372 1324 2403 aDeo
1350 2381 1484 2406 aeterno
1508 2377 1672 2408 institutae
1696 2384 1725 2408 et
1746 2379 1950 2419 approbatae
1964 2389 2095 2420 expres-

1098 2440 1100 2447 ,
1121 2425 1157 2445 sa
1183 2425 1266 2445 voce
1290 2416 1411 2453 divina,
1436 2424 1467 2448 et
1492 2424 1646 2459 quantum
1672 2421 1747 2450 boni
1771 2421 1802 2450 in
1825 2420 1958 2460 politico
1983 2422 2095 2451 ordine

1098 2569 1101 2582 ,
1122 2552 1166 2577 36)
1186 2553 1279 2583 aliqua]
1301 2554 1372 2579 Editt.
1393 2556 1432 2577 22.
1454 2556 1491 2580 24.
1512 2556 1550 2580 23.
1571 2556 1610 2579 30,
1632 2557 1672 2579 34.
1693 2558 1791 2587 aliquae
