2358 2933
273 124 332 159 735

271 219 345 262 getii
369 220 524 251 beneficia
550 229 636 257 esse,
672 229 757 261 quae
790 218 912 261 alioqui
935 230 999 251 uno
1022 222 1123 252 verbo
1149 221 1240 253 lusti·
1261 226 1263 233 '

272 264 429 294 ficationis
454 262 781 303 comprehenduntur.

270 346 419 381 Qt‘ARE
443 345 556 377 OPVS
569 345 649 376 EST
668 345 908 376 EVANGELII
920 345 1238 378 PROMISSIONE‘?

353 421 531 462 Postquam
555 428 672 452 natura
697 421 836 452 humana
861 431 1022 463 oppressa
1037 430 1087 454 est
1099 430 1236 464 peccato

268 473 296 494 et
321 472 425 494 morte
449 475 507 504 pro
533 471 582 494 ter
601 464 695 494 Adae
719 463 865 504 lapsum,
901 465 1026 495 etiamsi
1049 471 1158 496 manet
1180 465 1238 496 ali-

268 517 331 547 qua
365 507 477 536 notitia
537 507 624 547 egis,
659 513 783 540 tamen.
819 507 894 547 quia
917 506 1029 538 haeret
1059 508 1090 537 in
1120 514 1236 539 natura

290 555 454 580 eccatum.
490 549 709 579 conscientiae
744 559 809 579 non
843 556 981 589 possunt
1018 556 1162 580 statuere
1196 551 1236 581 de

267 561 349 622 Deo.
373 591 460 631 quod
482 589 558 621 velit
582 591 772 632 ignoscere,
808 592 835 621 si
868 590 946 622 nihil
969 592 1030 622 nisi
1052 590 1159 634 legem
1181 602 1236 623 au-

267 634 364 664 diant.
412 632 478 663 Lex
510 634 594 663 enim
612 643 677 664 non
701 634 796 664 docet
821 634 922 675 gratis
946 635 1062 664 remitti
1085 642 1234 676 peccata.

266 676 394 707 Scimus
429 682 535 705 autem
566 685 626 706 nos
658 685 721 706 non
753 677 823 706 sine
846 682 985 716 peccato
1011 686 1104 708 esse:
1139 678 1236 717 idque

266 719 403 748 maxime
429 719 606 754 cernimus,
630 728 702 748 cum
726 719 842 749 iudicio
866 718 927 749 Dei
950 728 1028 748 vere
1050 719 1235 759 perterrefi-

265 769 318 791 unt
353 767 489 790 nientcS.
546 760 605 790 Est
638 761 736 801 igitur
758 771 841 801 opus
866 761 1007 801 gratuita
1030 762 1233 792 remissione.

266 803 341 833 ldeo
368 802 458 833 Deus
492 812 551 842 per
584 803 840 833 misericordiam
875 802 1051 841 revelavit,
1081 813 1117 834 se
1152 803 1235 834 velle

264 846 358 875 nobis
393 845 567 885 ignoscere
595 854 635 874 ac
659 846 832 875 restituere
851 845 948 875 vitam
971 851 1148 876 aeternam.
1194 845 1233 876 Et

264 887 383 917 addidit
420 888 581 917 victimam
616 897 675 927 pro
699 888 805 924 nobis,
840 885 964 916 scilicet
990 886 1103 917 Filium
1127 898 1232 924 suuni.

263 938 296 962 ut
321 930 478 960 sciremus
501 929 583 959 haec
608 930 700 959 nobis
723 936 858 970 propter
881 928 996 959 Filium
1020 930 1144 966 donari,
1168 940 1232 960 non

263 980 397 1013 propter
420 973 609 1013 dignitatem
633 980 778 1003 nostram
803 978 858 1002 aut
882 972 995 1001 merita
1017 978 1139 1002 nostra.
1186 972 1234 1002 ld-

263 1025 325 1056 que
360 1014 571 1045 Evanwelium
605 1015 715 1044 statim
748 1014 945 1054 promissum
979 1024 1018 1044 ac
1054 1013 1233 1045 revelatum

263 1064 311 1088 est
347 1063 421 1097 post
469 1066 582 1097 apsum
605 1055 718 1093 Adae,
754 1065 794 1086 ne
829 1056 1014 1092 deesset⁴⁴)
1049 1055 1233 1087 consolatio

263 1100 385 1140 primae
407 1097 453 1129 illi
474 1097 654 1130 Ecclesiae.

347 1141 471 1182 Estque
494 1151 592 1172 unum
615 1147 646 1171 et
670 1141 755 1171 idem
779 1139 1005 1182 Evangelinm,
1029 1151 1093 1181 quo
1118 1150 1231 1171 omnes

262 1185 366 1215 sancti
389 1184 430 1214 ab
454 1184 543 1214 initio
566 1183 674 1213 mundi
699 1182 816 1213 salvati
841 1189 914 1213 sunt
941 1184 1091 1213 omnibus
1111 1189 1232 1223 tempo-

261 1228 368 1262 ribuS‚
403 1225 525 1256 Adam.
559 1225 648 1262 Noe,
683 1224 868 1261 Abraham,
898 1225 1012 1261 Iacob,
1036 1224 1232 1265 Prophetae,

260 1267 421 1310 Apostoli.
451 1268 524 1299 Non
549 1274 598 1297 est
621 1268 720 1308 igitur
742 1268 994 1309 imaginandum,
1017 1266 1133 1297 Patres
1158 1266 1231 1307 lege

261 1319 396 1342 naturae
431 1310 578 1341 salvatos
614 1319 707 1340 esse.
738 1309 878 1340 Iudaeos
912 1309 987 1350 lege
1009 1309 1136 1350 Moysi,
1170 1319 1231 1339 nos

261 1353 381 1385 salvari
405 1361 521 1383 nostra
545 1353 685 1393 quadani
709 1352 792 1393 lege.
839 1352 904 1382 lino
929 1362 993 1382 una
1017 1350 1067 1382 lex
1093 1358 1142 1381 est
1166 1362 1231 1381 mo-

261 1395 342 1427 ralis
367 1397 507 1426 onmium
531 1401 687 1431 aetatum,
722 1395 863 1424 omnium
888 1395 1050 1435 gentium.
1075 1400 1108 1423 ut
1133 1403 1231 1432 supra

260 1439 419 1475 diximus.
455 1438 512 1467 scd
546 1447 607 1467 nec
642 1437 757 1467 Patres
793 1446 853 1466 nec
883 1436 991 1466 ludaei
1026 1446 1086 1465 nec
1110 1435 1233 1465 Gentes

260 1491 320 1512 nec
343 1492 404 1511 nos
428 1481 501 1511 ideo
526 1479 703 1516 salvamur,
728 1480 802 1519 quia
825 1477 889 1519 legi
903 1476 1142 1508 satisfacimus:
1177 1487 1232 1507 ne-

259 1535 310 1555 mo
346 1524 428 1554 enim
461 1522 527 1564 legi
556 1520 722 1551 satisfacit.
768 1520 807 1550 Et
831 1519 885 1550 lex
909 1519 1060 1560 relinquit
1085 1520 1232 1550 dubitan-

259 1575 309 1598 tes
345 1565 574 1596 conscientias,
622 1564 729 1604 Atque
765 1562 826 1592 hoc
850 1564 986 1593 interest
1010 1563 1093 1592 inter
1115 1561 1232 1592 Patres

260 1617 291 1641 et
305 1607 566 1649 Xenophontem,
580 1605 772 1637 Ciceronem
785 1615 825 1635 ac
839 1604 960 1636 similes
974 1605 1062 1635 viros
1077 1604 1231 1644 optimosz

260 1653 381 1693 Legem
400 1656 517 1680 norant
541 1649 681 1689 utrique.
710 1648 768 1678 sed
789 1646 1002 1688 Evangelium
1027 1657 1093 1676 non
1115 1654 1230 1676 norant

260 1696 396 1735 utrique.
425 1691 622 1733 Xenophon,
644 1690 760 1721 Cicero
779 1696 809 1720 et
830 1688 953 1721 similes
975 1689 1178 1725 dubitabant,
1188 1690 1232 1719 ¹¹⁵)

260 1748 302 1769 an
325 1736 398 1767 Deo
423 1744 523 1766 curae
546 1739 669 1770 essent,
693 1743 734 1763 an
753 1731 911 1762 haberent
924 1731 1031 1762 Deum
1049 1731 1233 1771 propitium.

260 1790 302 1811 an
338 1778 571 1809 exaudirentur
599 1786 618 1806 a
643 1775 727 1806 Deo.
773 1774 842 1804 Etsi
867 1775 950 1805 enim
973 1773 1080 1815 legem
1104 1779 1232 1803 norant.

262 1829 366 1853 tamen
401 1820 553 1850 videbant
585 1828 621 1848 se
644 1827 709 1848 non
734 1827 811 1847 esse
834 1818 1038 1847 innocentes·
1084 1815 1156 1846 Lex
1178 1825 1234 1845 au-

262 1872 326 1895 tem
350 1864 445 1894 docet
468 1861 574 1892 Deum
596 1860 770 1900 propitium
794 1869 869 1889 esse
893 1858 963 1896 his,
988 1859 1041 1899 qui
1065 1864 1139 1888 sunt
1164 1857 1234 1887 sine

262 1914 409 1948 peccato.
454 1904 527 1934 Non
561 1908 679 1933 norant
701 1900 917 1939 Evangelium
953 1902 993 1931 de
1021 1901 1163 1941 gratuita
1185 1909 1234 1929 re-

263 1949 417 1979 missione
440 1951 663 1987 peccatorum.
710 1934 877 1974 Abraham
901 1954 992 1980 vero,
1017 1943 1112 1973 lacob
1138 1948 1169 1972 et
1193 1942 1234 1972 si—

264 1991 368 2026 miles,
392 1990 465 2030 quia
490 1995 607 2019 norant
632 1985 863 2028 Evangelium,
888 1986 1077 2016 statuebant
1101 1985 1163 2014 sibi
1186 1993 1235 2014 re—

264 2033 342 2063 mitti
365 2037 515 2072 peccata.
548 2040 585 2060 se
607 2029 730 2060 habere
748 2028 854 2058 Deum
878 2028 1070 2068 propitium.
1102 2036 1138 2056 se
1160 2025 1234 2056 Deo

266 2084 363 2106 curae
387 2083 479 2104 esse.
510 2082 547 2102 se
569 2072 715 2102 exaudiri
738 2081 757 2101 a
779 2070 870 2100 Deo.
906 2070 1030 2100 etiamsi
1055 2074 1165 2099 essent
1189 2069 1235 2098 in·

267 2117 364 2158 digni.
410 2115 486 2145 Ideo
511 2115 667 2155 scriptum
690 2120 739 2144 est
765 2112 859 2149 IGen.
888 2113 937 2142 15.
961 2112 1022 2150 6.]:
1067 2110 1234 2141 Abraham

269 2157 494 2192 crediditDeo,
519 2163 550 2187 et
573 2162 757 2196 reputatum
781 2161 831 2185 est
855 2155 883 2185 ei
907 2155 946 2184 ad
972 2154 1134 2185 iustitiam.
1162 2152 1235 2183 Una

268 2208 316 2232 est
337 2199 401 2237 lex,
425 2206 455 2229 et
476 2205 592 2229 natura
613 2204 692 2228 nota
715 2197 865 2228 omnibus
890 2198 1042 2238 gentibus
1065 2202 1164 2236 atque
1184 2205 1235 2225 ae-

268 2244 406 2277 tatibus3
437 2248 485 2271 est
510 2247 539 2271 et
562 2251 660 2271 unum
682 2238 913 2280 Evangehum,
948 2239 1008 2269 sed
1031 2248 1095 2268 non
1119 2243 1236 2267 natura

270 2292 396 2321 notum,
428 2293 539 2313 verum
573 2282 753 2313 revelatum
787 2282 950 2312 divinitus·
1002 2281 1078 2310 Ideo
1112 2278 1235 2310 Paulus

271 2325 403 2367 [Ephes.
427 2325 464 2362 6,
490 2324 553 2362 194
577 2330 673 2355 vocat
698 2325 887 2365 mysterium
911 2323 1150 2354 absconditum.
1195 2321 1235 2351 Et

270 2370 408 2400 loannes
433 2368 475 2405 [l,
490 2366 551 2405 184
576 2368 635 2398 ait:
664 2365 782 2403 Filius,
806 2367 860 2407 qui
884 2372 933 2396 est
955 2366 987 2396 in
1012 2365 1083 2395 sinu
1117 2363 1235 2401 Patris,

271 2414 341 2452 ipse
375 2410 535 2441 enarraw't
569 2409 674 2439 nobis.
720 2408 786 2439 Sed
815 2408 898 2439 haec
922 2407 1028 2438 omnia
1051 2412 1144 2437 erunt
1166 2404 1236 2436 illu-

274 2508 318 2535 u)
339 2504 453 2532 deesset]
471 2503 542 2528 Editt.
561 2502 599 2526 22.
619 2503 657 2524 24.
679 2502 717 2526 28.
736 2502 856 2527 deessent

276 2557 320 2584 45)
341 2552 498 2583 dubitabant]
519 2553 588 2583 ςοηι
609 2553 631 2574 2.
651 2553 674 2574 4,
693 2555 742 2582 typ.
763 2558 863 2576 errore:
882 2552 993 2576 dubitant

895 127 1004 159 PHIL.
1026 127 1129 160 MEL-
1152 128 1335 161 SCRIPTA
1358 129 1631 164 DOGMATICA.

2192 138 2251 170 736

1285 224 1422 261 striora,
1458 234 1530 255 cum
1565 225 1709 256 dicemus
1742 225 1839 266 paulo
1866 233 1943 268 post
1966 228 2006 259 de
2028 229 2132 269 gratia
2154 236 2185 261 et
2209 231 2249 262 de

1284 266 1520 297 iustificatione.

1367 308 1452 343 Quia
1482 314 1588 338 autem
1622 308 1761 339 diximus
1794 309 1878 341 idem
1900 310 2114 353 Evangelium
2145 311 2249 345 fuisse

1282 355 1424 389 patrum,
1459 350 1632 381 videndum
1660 356 1728 389 est,
1757 353 1920 392 quomodo
1949 354 2057 384 statim
2086 355 2129 385 ab
2158 354 2248 386 initio

1281 391 1495 423 Evam-elium
1519 391 1699 423 revelatum
1722 393 1774 424 sit.
1804 394 1856 425 Ac
1879 395 1986 426 citabo
2008 405 2131 436 paucos
2151 406 2249 438 quos-

1282 434 1356 465 dam
1376 416 1483 472 locos,
1506 435 1548 465 ad
1570 444 1652 475 quos
1671 436 1703 466 in
1722 434 1862 467 lectione
1880 436 2248 478 Prophetarum-referri

1282 475 1403 506 similes
1429 477 1566 512 debent:
1611 477 1694 508 Nam
1713 477 1927 519 Evangelium
1950 479 2103 519 paulatim
2127 480 2248 512 clarius

1282 517 1461 549 revelatum
1483 526 1549 551 est;
1585 525 1615 549 et
1641 521 1810 560 apparebit
1832 519 2015 561 Prophetas
2037 523 2248 562 praedicasse

1281 559 1365 591 hanc
1384 562 1557 601 gratuitam
1581 561 1891 593 reconciliationem.

1366 602 1545 633 Promissio
1577 604 1616 634 de
1641 603 1772 635 Christo
1797 610 1828 635 et
1851 605 2017 636 beneficiis
2042 605 2165 637 Christi
2184 607 2245 648 pri-

1280 655 1365 675 mum
1401 645 1545 676 revelata
1579 652 1628 676 est
1651 646 1745 677 Adae
1773 647 1880 677 statim
1913 653 1990 687 post
2023 646 2168 688 lapsum,
2201 655 2247 687 ut,

1281 698 1353 717 cum
1377 688 1543 718 incidisset
1566 687 1598 717 in
1620 688 1699 718 iram
1712 688 1774 719 Dei
1797 694 1828 719 et
1845 696 1993 727 mortem,
2016 688 2151 721 haberet
2170 700 2248 721 con-

1281 728 1491 765 solationem,
1526 739 1590 770 qua
1613 730 1711 761 sciret
1736 737 1768 761 et
1791 731 1896 762 Deum
1919 742 2048 762 rursum
2071 732 2246 773 propitium

1280 781 1367 808 esse,
1397 777 1427 802 et
1448 770 1530 808 fore,
1553 777 1588 802 ut
1611 781 1699 802 mors
1723 772 1896 813 aliquando
1920 772 2118 805 aboleretur.
2163 774 2246 805 Nam

1279 812 1360 843 haec
1395 814 1459 843 duo
1493 813 1652 844 beneficia
1679 813 1769 844 clare
1797 816 1948 855 proponit
1971 815 2027 846 illa
2049 817 2151 856 prima
2172 826 2247 857 pro-

1279 855 1409 887 missio.
1439 866 1523 896 quae
1546 856 1607 886 etsi
1631 857 1838 887 subobscura
1862 858 2005 895 videtur,
2024 863 2131 888 tamen
2152 858 2247 889 Adae

1279 898 1309 927 in
1333 907 1368 928 re
1390 898 1554 937 praesenti
1573 907 1638 927 non
1661 897 1718 928 suit
1744 899 1902 929 obseura:
1926 899 2109 930 Inimicitias
2127 909 2246 940 ponam

1278 940 1360 969 inter
1382 945 1415 970 te
1440 945 1472 970 et
1495 939 1676 977 mulierem,
1700 946 1730 971 et
1755 942 1837 971 inter
1861 950 1973 971 semen
1997 947 2084 972 tuum
2108 948 2140 972 et
2157 940 2246 973 illius

1279 992 1408 1019 semen,
1436 983 1540 1023 ipsum
1565 987 1712 1012 conteret
1736 989 1832 1022 caput
1860 989 1966 1021 tuum,
1995 989 2026 1014 et
2055 989 2090 1014 tu
2115 983 2245 1014 insidia·

1278 1025 1365 1055 beris
1390 1023 1546 1054 calcaneo
1570 1025 1650 1055 eius.
1674 1024 1832 1056 Mirabilis
1857 1025 1999 1056 narratio
2023 1031 2085 1063 est,
2108 1031 2139 1056 et
2161 1035 2246 1066 quae

1277 1067 1381 1106 impiis
1412 1065 1548 1097 ridicula
1578 1072 1608 1096 et
1636 1065 1790 1098 fabulosa
1818 1068 1920 1098 videri
1951 1068 2074 1107 possit3
2115 1068 2174 1099 sed
2201 1067 2244 1108 pii

1278 1109 1387 1139 vident.
1405 1117 1459 1138 res
1477 1109 1636 1139 maximas
1661 1109 1815 1139 brevibus
1837 1109 1950 1139 verbis
1974 1109 2174 1150 significatas
2193 1118 2244 1140 es-

1278 1161 1324 1181 se.
1371 1150 1578 1180 Describitur
1599 1151 1684 1180 enim
1707 1151 1794 1180 initio
1818 1159 1924 1191 poena
1945 1152 2091 1190 peccati,
2119 1149 2245 1182 scilicet

1277 1193 1364 1233 quod
1392 1198 1527 1232 propter
1549 1198 1720 1232 peccatum
1743 1191 1905 1223 Diabolus
1929 1191 2050 1223 crudeli
2074 1193 2245 1234 tyrannide

1277 1240 1453 1265 vexaturus
1489 1235 1530 1264 sit
1560 1243 1664 1274 genus
1699 1234 1886 1272 humanum,
1919 1233 2071 1265 videlicet
2099 1235 2245 1275 peccatis

1277 1283 1307 1307 et
1331 1282 1452 1311 morte:
1483 1277 1565 1306 sicut
1589 1277 1662 1315 ipsa
1684 1277 1793 1306 mundi
1816 1275 1951 1307 historia
1975 1282 2128 1314 testatur,
2161 1286 2245 1317 quae

1277 1326 1343 1350 tota
1367 1320 1397 1349 in
1421 1318 1483 1348 hac
1501 1316 1648 1348 horribili
1668 1319 1827 1348 concione
1840 1318 1934 1348 Adae
1952 1319 2039 1358 picta
2051 1319 2244 1349 ostenditur.

1362 1361 1489 1391 Deinde
1512 1360 1640 1390 additur
1662 1361 1770 1390 brevis
1797 1361 1972 1400 descriptio
1996 1361 2088 1400 regni
2112 1359 2245 1398 Christi,

1276 1402 1418 1433 futurum
1453 1409 1558 1432 tamen
1592 1412 1685 1439 esse,
1719 1409 1753 1432 ut
1787 1411 1898 1432 semen
1921 1400 2064 1432 mulieris
2097 1408 2243 1433 conterat

1278 1451 1384 1484 caput,
1409 1445 1470 1474 hoc
1493 1450 1555 1480 est,
1575 1453 1710 1484 regnum
1733 1445 1910 1484 serpentis,
1933 1443 1998 1475 hoc
2021 1450 2091 1481 est,
2113 1443 2245 1474 aboleat

1277 1492 1447 1527 peccatum
1483 1492 1513 1516 et
1547 1492 1694 1516 mortem.
1750 1486 1821 1516 Hac
1855 1485 2082 1516 consolatione
2112 1486 2246 1528 erigitur

1277 1529 1392 1565 Adam,
1416 1528 1569 1569 agnoscit
1591 1537 1626 1558 se
1648 1527 1770 1558 habere
1792 1527 1898 1558 Deum
1921 1527 2095 1567 placatum,
2115 1529 2176 1558 etsi
2199 1528 2245 1558 vi-

1277 1572 1330 1602 det
1353 1581 1390 1601 se
1413 1571 1581 1611 indignum
1611 1576 1642 1600 et
1665 1570 1862 1600 immundum
1885 1579 1975 1600 esse:
2022 1569 2135 1607 Videt,
2168 1569 2245 1610 quid

1277 1613 1433 1650 amiserit,
1457 1613 1517 1643 sed
1540 1618 1693 1653 expectat.
1714 1622 1826 1642 semen
1848 1610 1944 1649 illud,
1967 1622 2032 1652 quo
2054 1613 2175 1642 amissa
2200 1612 2245 1642 iu-

1278 1656 1364 1687 stitia
1395 1662 1426 1686 et
1449 1655 1515 1685 vita
1538 1660 1673 1685 aeterna
1695 1655 1915 1685 restituantur.
1960 1653 2030 1684 Hac
2048 1653 2167 1685 fiducia
2187 1654 2245 1684 mi—

1278 1698 1477 1729 sericordiae
1499 1695 1605 1737 placet
1625 1696 1716 1732 Deo3
1741 1702 1772 1726 et
1794 1697 1883 1737 quod
1905 1696 2048 1733 additur,
2070 1694 2245 1726 Diabolum

1278 1741 1502 1771 insidiaturum
1520 1748 1593 1769 esse
1613 1736 1771 1769 calcaneo
1784 1738 1977 1776 sen1inis‚⁴⁶)
1994 1736 2145 1779 intelligit
2162 1736 2245 1774 sore,

1278 1790 1311 1814 ut
1338 1788 1367 1813 et
1392 1781 1542 1813 Christus
1567 1787 1597 1811 et
1622 1782 1727 1811 sancti
1749 1779 1937 1822 affligantur
1958 1781 1991 1811 in
2014 1779 2077 1810 hac
2099 1780 2189 1816 vita‚‘
2213 1786 2243 1810 et

1278 1832 1385 1856 tamen
1410 1823 1561 1854 Christus
1585 1823 1694 1853 vincat
1718 1832 1854 1864 regnum
1876 1821 2019 1853 Diaboli.

1364 1867 1485 1897 Postea
1518 1870 1695 1896 renovatur
1729 1864 1813 1895 haec
1851 1865 2025 1904 promissio
2059 1864 2101 1894 ad
2140 1863 2245 1894 Abra-

1278 1910 1352 1940 ham
1388 1908 1521 1946 [Genes.
1544 1908 1602 1944 22,
1628 1907 1707 1944 18.]:
1742 1906 1776 1937 In
1810 1907 1933 1937 semine
1966 1913 2021 1937 tuo
2052 1906 2245 1936 benedicen-

1279 1958 1330 1983 tur
1354 1960 1468 1982 omnes
1493 1950 1629 1980 Gentes.
1676 1949 1844 1989 Significat
1871 1949 1955 1978 enim
1984 1957 2097 1978 omnes
2121 1947 2244 1978 Gentes

1279 1996 1340 2024 iam
1369 1992 1559 2024 maledictas
1590 2000 1683 2027 esse,
1718 1990 1783 2020 hoe
1806 1996 1872 2027 est,
1895 1989 2002 2020 Deum
2025 1990 2122 2020 irasci
2145 1990 2245 2020 omni-

1280 2038 1341 2067 bus
1385 2035 1564 2071 Gentibus,
1612 2042 1733 2073 easque
1774 2042 1954 2073 oppressas
1995 2041 2070 2062 esse
2107 2037 2245 2072 peccato

1279 2086 1310 2109 et
1332 2083 1451 2113 morte,
1475 2076 1542 2107 Sed
1564 2073 1716 2112 futurum,
1740 2080 1774 2105 ut
1796 2084 1856 2114 per
1867 2072 2020 2105 Abrahae
2042 2083 2154 2104 semen
2175 2083 2245 2104 rur·

1279 2131 1350 2152 sum
1384 2121 1425 2150 ab
1457 2118 1508 2148 his
1542 2116 1635 2148 malis
1659 2115 1848 2147 liberentur.
1893 2116 2001 2156 Atque
2022 2116 2067 2146 ita
2088 2116 2244 2156 interpre-

1279 2170 1388 2194 tantur
1409 2161 1495 2192 hanc
1518 2159 1766 2199 promissionem
1789 2159 1851 2199 ipsi
1873 2157 2036 2199 Apostoli,
2058 2164 2094 2190 ut
2116 2163 2245 2188 constat

1280 2216 1318 2236 exv
1338 2203 1442 2235 Paulo
1466 2209 1495 2233 et
1521 2212 1560 2232 ex
1584 2201 1687 2231 Actis.
1722 2201 1896 2231 Praeterea
1918 2201 1950 2231 iu
1973 2200 2087 2231 eadem
2109 2199 2245 2230 historia

1280 2246 1432 2278 Abrahae
1465 2245 1593 2275 additur
1625 2244 1733 2284 imago
1762 2242 2007 2273 iustificationis.
2052 2242 2144 2273 Deus
2168 2251 2245 2272 con-

1280 2289 1406 2320 solatur
1429 2286 1595 2318 Abraham
1628 2286 1740 2316 dicens
1765 2284 1899 2322 {Genes
1926 2284 1980 2323 15,
2010 2284 2067 2322 l.]:
2112 2281 2188 2315 Noli
2210 2284 2247 2314 ti-

1280 2342 1383 2368 mere,
1412 2329 1485 2371 Ego
1521 2339 1593 2359 sum
1626 2334 1794 2368 protector
1828 2333 1912 2357 tuus.
1957 2327 2057 2357 Addit
2074 2327 2151 2357 item
2171 2336 2246 2366 pro-

1280 2374 1468 2405 missionem
1492 2372 1531 2402 de
1554 2370 1696 2401 Semine.
1741 2369 1824 2400 Huic
1847 2369 1921 2400 voci
1945 2369 2048 2399 credit
2069 2367 2245 2405 Abraham,

1282 2483 1327 2508 45)
1346 2485 1371 2505 et
1389 2480 1454 2511 quod
1474 2482 1582 2511 additur7
1594 2495 1624 2499 -
1644 2481 1762 2505 calcaneo
1782 2481 1905 2512 seminis]
1925 2480 1967 2505 Ed.
1990 2481 2009 2505 1.
2028 2478 2187 2510 typothetae
2203 2483 2245 2503 er-

1259 2522 1262 2550 )
1350 2520 1431 2539 rore:
1459 2518 1483 2539 et
1503 2515 1568 2545 quod
1594 2514 1707 2543 seminis,
1733 2514 1842 2544 additur,
1862 2528 1893 2531 —
1912 2517 2029 2539 calcaneo
2057 2512 2123 2543 (pro
2142 2511 2247 2537 seminis

1260 2554 1261 2557 ¹
1351 2549 1421 2573 Editt.
1440 2548 1461 2573 2.
1480 2549 1503 2573 9.
1518 2553 1682 2579 per-perum:
1702 2548 1804 2578 semini)

2326 2915 2351 2933 {3
