2358 2933
162 279 189 296 10

128 329 165 354 17,
184 334 207 352 a.

163 499 188 517 15

157 751 187 769 20

111 954 167 981 137.
186 954 209 977 b.

163 1342 188 1359 10

151 1874 181 1892 20

111 2085 165 2112 1:38,
184 2090 205 2108 a.

156 2430 164 2454 1

565 141 587 170 Ι.
613 140 712 171 LOCI
735 138 1009 171 THEOLOGICI:
1032 140 1071 171 B.
1095 139 1234 171 PRIMA
1257 139 1413 171 EORUM
1435 139 1591 170 AETAS.

245 234 336 274 scopi
370 232 459 274 lege,
496 234 555 263 sed
578 243 638 273 pro
663 242 763 263 onere
787 238 923 262 externo
947 229 1064 262 inter-¹

242 276 392 317 preteriS,
415 281 449 306 ut
473 274 583 305 solent
607 274 795 315 spirituales
818 280 850 304 et
874 275 894 304 ii
919 275 973 314 qui
999 274 1065 304 ‘in-

246 317 460 358 telliguntffla)
487 318 722 348 conscientiam
740 317 855 347 vinciri
878 315 968 346 nulla
991 315 1066 356 lege

243 360 385 391 humana
406 370 519 399 posse.
566 360 622 390 Sic
644 359 805 389 iudicabis
829 359 870 389 de
891 357 968 399 lege
989 357 1066 397 Epi-

244 403 353 442 scopi,
387 408 423 432 ut
453 403 493 432 de
516 402 689 443 tyrannide
711 402 923 441 magistratus
948 399 1065 431 civilis.

244 445 408 484 Quidquid
431 446 514 474 enim
536 444 693 484 Episcopi
715 449 847 483 praeter
869 443 1067 482 scripturam

244 488 415 527 imperant,
441 487 443 497 '
468 487 616 527 tyrannis
651 491 711 515 est.
767 485 852 515 Nam
885 484 1066 524 imperandi

244 530 294 560 ius
324 539 390 559 non
420 529 553 559 habent.
603 527 706 558 Feres
737 537 776 557 ea
806 537 907 558 onera
930 532 1067 566 propter

245 572 430 608 caritatem,
459 572 549 601 iuxta
576 569 656 600 illud
681 568 809 607 [Matth.
834 570 864 606 5,
889 569 967 607 39.]‚
1003 568 1066 603 Qui

244 621 276 644 te
299 615 502 653 percusserit
525 614 556 643 in
581 613 747 649 dextram,
776 613 912 642 obverte
936 617 965 641 et
990 612 1067 641 sini-

244 662 356 686 stram.
412 655 517 686 Porro
549 655 577 685 si
607 655 678 685 sine
702 653 861 684 scandalo
884 655 996 694 possis
1021 653 1067 683 di-

243 707 376 728 versum
410 696 540 734 facere,
573 696 654 727 nihil
688 702 789 727 vetat.
835 696 879 726 Ut
914 697 942 726 si
965 696 1036 726 sine
1063 697 1065 705 '

243 745 334 770 motu
356 738 489 780 publico
514 741 625 779 possis
650 738 824 779 effringere
843 748 1021 774 carcerem,
1035 739 1066 768 in

245 793 309 823 quo
333 792 352 812 a
374 788 516 822 tyranno
540 782 669 812 vinctus
692 782 833 817 teneris,
863 781 943 811 nihil
966 786 1066 811 vetat.

244 825 338 854 quta
360 823 442 854 illud
467 824 508 861 [1.
534 823 611 854 Cor.
636 824 667 861 7,
690 823 770 861 21.]‚
806 823 841 853 Si
864 830 960 863 potes
984 822 1068 853 liber

245 866 327 904 fieri,
351 867 455 907 magis
480 872 583 896 utere.
629 866 670 896 Et
689 865 842 896 Christus
866 866 1069 905 dispensavit

246 909 286 939 de
321 909 550 939 traditionibus
580 908 776 947 pharisaicis
805 907 921 938 Matth.
950 907 1007 937 IX.
1037 913 1067 937 et

246 951 315 982 XII.
339 950 391 981 De
414 950 544 991 legibus
571 952 573 962 '
598 956 707 981 autem
739 949 889 981 civilibus
914 960 979 980 non
1004 950 1068 979 dis-

245 994 405 1034 pensavit.
440 993 481 1023 Et
504 993 699 1032 pharisaicis
722 991 852 1033 legibus
877 993 1068 1032 dispensan-

246 1037 296 1065 dis
330 1034 503 1065 liberiores
537 1044 650 1065 sumus
684 1041 718 1065 ut
753 1044 838 1075 quae
862 1040 893 1065 et
916 1035 1068 1073 privatim

246 1076 449 1118 singulorum
471 1078 596 1117 magis,
630 1086 726 1117 quam
761 1078 944 1107 communia
968 1086 1068 1107 onera

247 1121 321 1156 sint,
346 1126 377 1150 et
396 1120 631 1149 conscientiam
645 1117 961 1159 facile¹illaqueent.
986 1119 1069 1149 Sunt

246 1168 354 1192 autem
378 1162 519 1192 omnium
542 1160 651 1202 legum
680 1160 894 1191 humanarum
919 1167 948 1191 et
974 1171 1068 1201 regu-

245 1203 278 1234 la
302 1210 332 1235 et
356 1204 575 1243 dispensatio,
603 1203 687 1234 fides
717 1209 748 1233 et
772 1205 893 1234 caritas
917 1204 1068 1244 adeoque

247 1252 278 1277 et
311 1247 506 1277 necessitas.
561 1245 652 1276 Haec
686 1245 805 1276 liberat
839 1247 880 1276 ab
918 1247 1068 1276 omnibus

247 1289 492 1326 traditionibus,
527 1289 631 1319 sicubi
666 1286 721 1318 vel
744 1291 851 1319 anima
874 1287 929 1319 vel
952 1298 1068 1328 corpo-

244 1332 291 1361 ris
321 1331 386 1361 vita
413 1341 474 1370 per
506 1331 713 1361 traditionem
743 1331 885 1362 adducta
908 1329 1011 1362 fue‘rit
1036 1331 1067 1361 in

245 1373 430 1404 discrimen.

482 1457 542 1488 DE
577 1456 830 1488 SCANDALO.

289 1532 428 1567 Quaeris
474 1539 582 1563 autem
626 1539 789 1573 quatenus
835 1533 987 1564 habenda
1026 1534 1069 1563 sit

245 1574 394 1605 scandali
427 1575 533 1605 ratio?
587 1574 731 1606 Primum
765 1578 906 1606 omnium
940 1586 1068 1613 moneo,

245 1617 333 1657 quod
368 1623 400 1647 et
432 1623 529 1647 antea
552 1616 648 1647 fidem
679 1623 711 1647 et
740 1619 908 1648 caritatem
932 1618 1067 1659 regulas

245 1668 321 1690 csse
350 1659 501 1689 om'nium
529 1658 731 1690 functionum
759 1659 984 1698 humanarum,
1009 1662 1068 1691 sed

244 1702 276 1731 in
299 1701 351 1731 his
375 1701 457 1731 fides
480 1703 589 1740 potior
612 1708 672 1732 est.

286 1743 346 1773 Est
370 1750 479 1774 autem
493 1744 685 1774 scandalum
699 1745 848 1783 offensio,
866 1756 930 1786 qua
948 1747 980 1776 in
992 1756 1067 1786 pro-

244 1787 331 1816 ximo
356 1792 410 1816 aut
433 1786 516 1817 fides
539 1793 594 1816 aut
618 1787 739 1817 caritas
763 1786 912 1818 laeditur.
969 1788 1066 1818 Fides

244 1834 277 1858 ut
305 1828 333 1858 si
364 1828 440 1868 quid
470 1839 489 1858 a
519 1830 625 1859 sacris
653 1828 756 1859 literis
781 1830 938 1861 doceatur
961 1831 1066 1862 diver-

242 1882 325 1909 sum,
351 1870 354 1880 ¹
378 1870 460 1901 fides
483 1872 621 1911 proximi
645 1871 828 1903 offenditur.
873 1873 1066 1904 Huiusmodi

243 1911 435 1944 scandalum
475 1920 545 1944 tota
585 1914 733 1944 doctrina
767 1914 968 1946 scholastica
1002 1922 1064 1951 est,

243 1966 327 1997 quae
351 1955 607 1993 satisfactiones,
632 1967 716 1997 quae
740 1967 842 1997 opera
864 1957 957 1989 liberi
980 1960 1064 1989 arbi-

241 1999 293 2029 trii
322 1999 467 2038 probans
503 2000 691 2029 obscuravit
725 2000 873 2039 gratiam.
918 2000 971 2031 De
1000 2000 1064 2031 1108

242 2050 365 2081 genere
378 2040 530 2071 Christus
553 2040 695 2081 loquitur
717 2041 832 2072 Matth.
858 2042 975 2073 XVIII.
1001 2047 1063 2080 [vs.

242 2083 303 2120 6-:1
352 2082 414 2117 Qui
445 2082 727 2114 scandalizaverit
753 2094 852 2114 unum
871 2085 912 2115 de
935 2085 1062 2125 pusillis

242 2125 312 2155 istis
343 2126 398 2165 qui
427 2126 458 2155 in
488 2135 540 2155 1118
569 2126 705 2156 credunt
733 2127 835 2156 satius
859 2126 965 2158 fuerat
990 2139 1063 2159 eum

242 2165 329 2197 mola
352 2167 494 2197 asinaria
517 2167 558 2197 de
582 2167 668 2198 80110
691 2178 856 2208 suspensa
879 2170 1063 2201 demersum

243 2219 318 2239 esse
342 2215 403 2240 etc.
450 2208 579 2240 Caritas
602 2208 742 2241 laeditur
764 2212 792 2241 si
815 2213 888 2251 quis
913 2219 1063 2253 egentem

242 2261 307 2281 non
338 2252 487 2288 adiuvet,
516 2252 709 2283 interturbet
740 2253 913 2293 publicam
935 2266 1061 2295 pacem.

241 2293 293 2323 De
327 2293 390 2324 hoe
424 2304 545 2334 genere
579 2294 729 2325 Christus
771 2295 913 2337 loquitur
946 2297 1061 2328 Matth-

246 2335 346 2366 XVII.
373 2339 437 2375 [VS.
461 2336 526 2374 :2621
551 2337 591 2367 de
614 2338 734 2368 tributo
765 2338 996 2378 persolvendo.
1021 2351 1062 2371 ne

245 2378 506 2409 scandalizemus
531 2388 599 2408 eos.

288 2420 323 2451 In
351 2421 389 2451 iis
419 2432 503 2462 quae
533 2422 706 2462 exiguntur
727 2423 797 2453 iure
820 2424 945 2461 divino,
972 2423 1062 2455 nullo

89 2565 146 2593 31³)
166 2565 320 2595 intelligunt]
339 2565 380 2589 Ed.
402 2567 424 2589 2.
444 2566 538 2595 mmm.
559 2571 660 2590 errore:
680 2566 812 2595 intelgunt.

241 2622 359 2642 MELANTH.
375 2623 441 2643 OPEB.
456 2623 505 2642 vol..
521 2624 571 2643 XXI.

1112 238 1268 272 respectu
1291 230 1455 269 scandali,
1478 232 1594 271 iuriffl)
1626 231 1734 261 divino
1767 232 1934 270 obtempe-

1111 275 1256 304 randum
1281 280 1342 312 est,
1366 273 1561 311 faciendum,
1586 279 1618 304 et
1637 273 1819 303 docendum
1838 272 1933 313 quod¹

1112 317 1253 357 exigitur
1286 317 1356 346 iure
1391 317 1510 347 divino.
1566 316 1704 355 Semper
1739 316 1825 346 enim
1853 314 1935 344 fides

1113 359 1238 388 caritati
1262 357 1482 398 praeferenda
1505 364 1565 388 est.
1598 358 1708 398 Atque
1730 357 1797 388 huc
1818 357 1937 387 iterum

1112 398 1188 430 facit
1213 401 1301 440 quod
1325 406 1376 430 est
1398 401 1431 431 in
1447 401 1540 430 Actis
1554 400 1593 430 V.
1618 403 1682 437 [vs.
1705 399 1791 438 29.:]
1831 399 1937 439 Opor-

1112 448 1158 472 tet
1181 443 1243 472 deo
1267 443 1373 483 magis
1398 443 1532 472 obedire
1556 452 1653 482 quam
1675 441 1871 472 hominibus.
1895 441 1938 471 Et

1113 483 1264 520 Christus
1288 484 1391 524 inquit
1415 484 1545 522 [Matth.
1572 484 1622 521 10,
1644 483 1723 521 34.]‚
1750 484 1826 513 Non
1848 481 1935 514 velut

1111 536 1226 566 pacem
1259 527 1386 557 mittere
1420 526 1481 555 sed
1517 525 1671 566 gladium.
1728 525 1783 556 Sic
1816 524 1936 555 Daniel

1113 578 1179 598 non
1204 569 1451 607 obtemperabat
1473 567 1539 608 legi
1563 569 1603 598 de
1626 573 1714 597 statu
1738 578 1838 598 aurea
1860 567 1939 597 ado-

1114 611 1226 641 randa.
1283 611 1353 640 Nec
1377 620 1438 640 nos
1461 620 1635 650 pareamus
1659 610 1763 649 impiis
1787 610 1938 650 principi-

1113 654 1174 684 bus
1199 653 1428 683 damnantibus
1452 651 1665 693 Evangelium
1692 651 1756 681 hoc
1780 658 1938 691 tempore.

1156 695 1193 726 In
1222 696 1261 725 iis
1292 704 1376 735 quae
1408 700 1484 725 sunt
1506 695 1585 725 iuris
1608 694 1739 725 humani
1764 700 1796 724 et
1817 694 1935 729 media,

1114 743 1149 768 ut
1173 739 1175 748 '
1201 736 1400 775 coelibatus,
1424 737 1590 768 abstinere
1620 748 1639 767 a
1669 737 1841 773 carnibus,
1872 746 1939 766 non

1115 779 1240 821 obligat
1255 780 1385 810 traditio
1404 779 1546 810 humana
1568 780 1600 809 in
1625 790 1705 814 casu
1718 779 1938 810 necessitatis.

1114 822 1196 852 Nam
1212 828 1242 853 et
1257 821 1409 852 Christus
1422 822 1462 852 (18
1483 822 1591 852 divina
1614 821 1704 863 lege,
1731 823 1761 852 in
1785 831 1865 851 casu
1884 831 1940 851 ne-

1115 865 1280 895 cessitatis
1305 865 1486 904 dispensat.
1521 864 1636 894 Matth.
1660 864 1715 894 XI.
1732 864 1854 901 [12,1.]
1878 863 1936 894 Di-

1115 906 1250 947 scipulis
1281 907 1391 946 spicas
1416 906 1626 937 vellentibus.
1673 906 1802 941 Quanto
1834 906 1939 946 magis

1115 948 1190 979 licet
1213 949 1386 979 homi‘num
1409 950 1602 980 traditiones
1633 950 1659 979 si
1683 950 1868 980 necessitas
1892 949 1938 978 xi-

1115 998 1168 1021 tae
1191 990 1337 1032 postulet
1360 990 1496 1022 violare.
1552 990 1656 1022 Multo
1686 992 1792 1033 magis
1815 989 1940 1022 violare

1114 1033 1223 1070 liceat,
1258 1034 1285 1063 si
1319 1033 1523 1073 periclitetur
1557 1034 1674 1071 anima,
1714 1040 1749 1064 ut
1778 1035 1806 1064 si
1827 1039 1941 1064 uratur

1115 1076 1285 1113 sacerdOS,
1308 1081 1345 1106 ut
1367 1082 1497 1106 vocant.
1528 1075 1619 1107 quta
1641 1075 1721 1107 illud
1741 1076 1778 1106 II.
1792 1075 1939 1106 Corinth.

1114 1117 1172 1149 ult.
1204 1118 1268 1155 [1:3‚
1295 1118 1344 1148 10.
1355 1121 1376 1155 :]
1422 1118 1510 1149 Data
1533 1124 1584 1150 est
1606 1120 1709 1150 no'bis
1733 1125 1882 1160 potestas
1906 1119 1939 1149 in

1115 1160 1379 1191 aedificationem
1402 1171 1468 1191 non
1490 1162 1524 1192 in
1542 1162 1808 1193 destructionem.
1855 1161 1938 1192 Pau-

1114 1202 1167 1233 lus
1197 1203 1238 1233 ad
1263 1201 1395 1233 Coloss.
1420 1203 1456 1233 II.
1481 1204 1613 1235 damnat
1642 1203 1736 1246 leges
1761 1215 1845 1246 quae
1870 1214 1940 1234 cor-

1115 1255 1176 1285 pus
1201 1246 1374 1276 immodice
1398 1252 1546 1277 onerant.

1159 1287 1280 1319 Coram
1325 1287 1510 1328 pharisaeis
1555 1290 1763 1331 exigentibus
1804 1300 1938 1322 suarum

1115 1331 1325 1362 traditionum
1359 1331 1644 1369 observationem,
1668 1333 1762 1373 quasi
1786 1343 1940 1364 necessa-

1115 1374 1183 1403 riae
1197 1372 1199 1382 *
1213 1374 1279 1403 sint
1302 1373 1344 1403 ad
1368 1372 1524 1412 salutem,
1551 1373 1643 1405 nullo
1666 1382 1822 1417 respectu
1845 1386 1939 1406 scan-

1116 1414 1180 1446 dali
1215 1414 1388 1446 xiolentiun
1433 1416 1526 1447 Fecit
1557 1416 1623 1448 hoc
1656 1418 1688 1448 in
1722 1419 1792 1449 iure
1827 1419 1938 1449 divino

1114 1457 1250 1495 Paulus,
1275 1468 1348 1489 cum
1370 1458 1477 1489 Titum
1501 1461 1734 1491 circumcidere
1753 1460 1874 1498 nollet,
1898 1462 1940 1491 ad

1116 1499 1223 1531 Galat.
1248 1500 1284 1529 11.
1298 1502 1344 1538 83))
1380 1504 1442 1537 [vs.
1466 1502 1522 1540 3.].
1558 1502 1688 1537 Quanto
1713 1504 1818 1544 magis
1842 1502 1939 1534 liceat

1115 1543 1147 1572 in
1171 1541 1280 1573 stultis
1305 1544 1533 1575 traditionibus
1556 1546 1736 1585 papisticis.
1782 1545 1823 1576 Et
1847 1545 1939 1576 Chri-

1115 1590 1185 1615 stus
1209 1586 1299 1615 iubet
1322 1587 1479 1617 sinendos
1512 1597 1587 1618 esse
1612 1598 1669 1618 eos
1694 1587 1696 1597 ¹
1723 1589 1776 1628 qui
1800 1588 1937 1619 scanda-

1113 1626 1297 1658 lizabantur
1321 1629 1408 1669 quod
1431 1631 1521 1660 coeci
1546 1636 1672 1666 essent,
1707 1636 1737 1661 et
1763 1640 1938 1662 coecorum

1115 1670 1227 1700 duces.

1156 1712 1336 1744 Docendae
1370 1712 1530 1746 libertatis
1565 1718 1671 1757 gratia
1704 1717 1829 1749 violare
1859 1717 1935 1750 licet

1113 1755 1306 1785 traditiones
1329 1755 1501 1795 humanas,
1524 1764 1560 1788 ut
1582 1758 1765 1801 intelligant
1783 1761 1934 1801 imperiti,

1112 1808 1177 1827 non
1202 1799 1332 1837 peccari
1357 1800 1481 1830 etiamsi
1505 1801 1581 1841 quid
1605 1808 1720 1832 contra
1733 1803 1934 1834 tradi'tiones

1111 1839 1277 1871 hominum
1300 1841 1479 1872 admittant.
1526 1842 1627 1873 Plane
1651 1845 1682 1874 in
1706 1843 1761 1874 tali
1786 1855 1867 1876 casu
1885 1856 1935 1876 re-

1111 1882 1283 1923 prehendit
1327 1883 1460 1914 Petrum
1492 1884 1616 1916 Paulus
1654 1885 1775 1924 [Galat.
1821 1888 1852 1925 2,
1895 1888 1932 1917 ll

1111 1929 1230 1966 seqq.]‚
1255 1926 1342 1966 quod
1366 1933 1512 1957 cesserat
1536 1928 1703 1967 imperitis,
1728 1927 1820 1970 leges
1835 1928 1934 1960 stulte

1111 1969 1364 1999 observantibus
1395 1974 1425 1999 et
1454 1970 1577 2009 ignaris
1600 1969 1758 2002 libertatis
1781 1971 1933 2014 Evange-

1109 2009 1202 2040 licae.

1153 2052 1250 2093 Apud
1273 2052 1420 2083 infirmos
1445 2060 1476 2084 et
1507 2056 1560 2095 qui
1591 2056 1737 2092 nondum
1754 2056 1931 2088 audierunt¹

1108 2094 1334 2135 Evangelium,
1348 2094 1533 2127 faciendum
1550 2104 1599 2128 est
1613 2100 1756 2129 caritatis
1775 2098 1929 2138 officium,

1110 2143 1142 2167 et
1165 2138 1374 2168 serviendum
1397 2139 1625 2170 traditionibus
1648 2140 1810 2178 humanis,
1833 2142 1931 2172 modo

1110 2186 1224 2210 contra
1258 2181 1401 2211 divinum
1434 2181 1484 2211 ius
1508 2181 1588 2212 nihil
1611 2184 1828 2213 admittamus.
1876 2184 1930 2215 Sic

1108 2220 1230 2252 Paulus
1254 2223 1286 2251 in
1309 2222 1403 2252 Actis
1427 2224 1492 2261 ml,
1516 2225 1557 2254 24
1569 2228 1666 2265 sqq.],
1690 2225 1928 2261 Hierosolvmis

1109 2268 1214 2294 1·a¹sus
1240 2270 1307 2301 est,
1339 2276 1412 2295 cum
1439 2266 1472 2295 in
1496 2272 1586 2296 tanta
1609 2266 1810 2298 multitudine
1832 2261 1928 2308 pauci

1109 2306 1282 2336 admodum
1313 2313 1442 2344 essent,
1474 2310 1526 2348 qui
1551 2308 1733 2339 libertatem
1756 2310 1930 2351 Evangeli-

1110 2358 1181 2378 cam
1205 2349 1285 2379 satis
1308 2349 1538 2390 intelligerent.
1573 2351 1613 2381 Et
1636 2351 1688 2382 hic
1712 2351 1834 2383 Paulus
1858 2363 1929 2392 per-

1108 2397 1206 2430 petuo
1230 2390 1352 2422 mavult
1375 2393 1528 2422 carnibus
1548 2394 1724 2431 abstinere,
1749 2405 1845 2435 quam
1864 2393 1929 2425 fra-

1108 2519 1153 2545 82)
1172 2519 1230 2548 iuri]
1248 2519 1290 2543 Ed.
1312 2520 1333 2543 7.
1351 2519 1413 2543 iure.

1107 2569 1152 2597 83)
1173 2569 1214 2598 IL]
1233 2570 1269 2594 sic
1288 2570 1389 2600 scripsi3
1410 2570 1480 2595 Editt.
1505 2571 1524 2594 1.
1545 2571 1566 2594 2.
1586 2571 1667 2595 male:
1687 2571 1703 2594 1.
1740 2590 1743 2593 .

1850 2626 1877 2649 15

2027 137 2090 169 226

2005 276 2030 293 ιο

1980 326 2033 354 (71,
2054 325 2091 354 b.)

2003 493 2030 511 15

2014 704 2033 728 11

2003 746 2034 764 20

1960 958 2015 986 138,
2036 958 2059 983 b.

2008 1303 2038 1327 III

2008 1379 2034 1397 10

2006 1591 2031 1609 1⁵

1998 1729 2037 1755 1111

1999 1807 2030 1824 ⁴20

1952 2111 2008 2137 1:39,
2028 2118 2051 2135 a.
