2358 2933
141 136 184 168 85

206 535 232 553 10

202 774 228 793 15

195 988 225 1007 20

177 1245 200 1272 5,
210 1249 232 1268 a.

191 1585 215 1603 10

190 1835 216 1854 15

152 1952 238 1984 (3.11.)

186 2050 216 2068 *20

627 137 650 167 I.
673 137 776 168 LOCI
797 137 1072 169 THEOLOGICI:
1094 138 1133 169 Β.

295 229 356 259 11111
379 234 411 258 et
434 228 594 259 beneficia
617 229 738 260 Christi
762 230 999 260 obscurassent
1021 231 1116 260 nobis

293 268 371 300 illae
399 269 519 301 stultae
550 271 798 311 disputationes.
864 271 930 302 lam
957 272 985 301 si
1016 271 1116 302 libeat

292 312 568 352 ingeniosomihi
591 322 668 343 esse
699 314 731 343 in
761 323 797 343 re
825 324 891 343 non
914 315 1115 351 necessaria,

291 351 389 384 facile
413 364 532 394 queam
555 361 705 385 evertere
718 365 933 395 quaecunque
952 365 1012 396 pro
1042 356 1116 386 fidei

293 395 454 435 dogmatis
485 398 713 437 argumentaS)
742 398 982 436 produxerunt,
1021 404 1052 428 et
1082 399 1114 427 in

290 434 342 466 his
365 447 462 478 quam
484 437 585 468 multa
609 439 729 468 rectius
752 448 812 478 pro
828 438 1022 470 haeresibus
1045 441 1113 479 qui-

291 479 431 509 busdam
453 477 564 509 facere
587 480 748 517 videntur,
773 491 870 520 quam
893 491 952 520 pro
977 480 1112 511 catholi-

291 522 339 550 cis
363 521 535 561 dogmatis.
559 520 718 562 Reliquos
741 532 821 552 vero
845 521 938 553 locos
952 524 1112 563 ,lpeccati
1133 536 1134 545 ¹

289 563 365 599 vim,
388 561 507 602 legem,
529 564 678 603 gratiam,
703 564 757 603 qui
780 565 952 604 ignorarit,
976 575 1041 595 non
1065 566 1110 595 vi-

288 603 351 633 deo
389 605 552 644 quomodo
582 604 803 635 Christianum
835 609 1001 644 vocem9),
1036 617 1109 638 nam

287 654 328 675 ex
351 644 402 675 his
425 647 556 685 proprie
581 645 732 677 Christus
757 649 986 688 cognoscitur,
1011 650 1109 689 siqui-

278 687 359 726 dem
381 686 447 717 hoc
470 693 521 717 est
544 686 709 719 Christum
733 699 957 730 cognoscere,
987 691 1108 720 benefi-

285 731 335 760 cia
359 730 429 759 eius
454 739 671 770 cognoscere,
696 741 772 768 non,
797 733 885 771 quod
908 733 960 762 isti
977 733 1106 767 docent,

284 773 354 802 eius
377 776 523 808 naturaS,
546 773 662 802 modos
686 774 932 814 incarnationis,
946 776 1105 811 contueri,

281 813 323 843 Ni
346 812 434 841 scias
457 813 488 842 in
513 824 609 853 quem
632 825 727 845 usum
745 826 877 846 carnem
900 817 1050 853 induerit,
1075 822 1107 847 et

283 853 371 885 cruci
395 853 522 884 adfixus
547 857 588 886 sit
602 855 764 894 Christus,
788 858 865 898 quid
877 859 1021 898 proderit
1035 859 1105 889 eius

280 895 450 930 historiam
479 898 636 929 novisse?
670 899 723 929 An
751 910 831 930 vero
859 901 986 931 medico
1025 901 1104 931 satis

283 948 334 973 est
356 942 490 971 now‘sse
504 940 680 972 herbarum
694 941 830 982 figuras,
848 941 989 980 colores,
1013 942 1104 973 linia-

284 988 403 1019 menta,
427 984 493 1013 vim
516 984 602 1013 scire
625 985 768 1014 nativam
791 983 871 1014 nihil
901 984 1023 1015 refert‘.2
1037 1015 1040 1025 Δ
1056 984 1103 1015 lta

283 1025 459 1061 Christum,
483 1026 537 1064 qui
560 1026 655 1055 nobis
668 1026 813 1062 remedii,
827 1032 858 1056 et
872 1032 906 1056 ut
920 1027 1102 1066 scripturae

280 1067 382 1097 verbo
405 1071 489 1102 utar,
504 1064 659 1096 salutaris
674 1067 745 1097 vice
762 1073 900 1098 conatus
921 1074 982 1105 est,
1007 1078 1101 1108 opor-

279 1114 325 1139 tet
347 1105 411 1138 alio
435 1107 577 1147 quodam
599 1109 697 1139 modo
722 1119 979 1149 cognoscamuS,
1004 1120 1101 1150 quam

278 1149 431 1180 exhibent
445 1147 646 1180 scholastici.
669 1150 760 1181 Haec
773 1152 901 1182 demum
915 1151 1100 1182 Christiana

278 1192 421 1232 cognitio
445 1197 513 1227 est,
537 1192 623 1222 scire
653 1193 731 1233 quid
760 1192 815 1224 lex
844 1200 978 1234 poscat,
1013 1196 1100 1225 uncle

295 1232 466 1264 faciendae
484 1231 568 1274 legis
591 1234 674 1272 vim,
702 1237 789 1267 unde
811 1238 938 1277 peccati
962 1238 1099 1277 gratiam

278 1286 382 1321 μηδ’
407 1277 569 1319 qu⁰m⁰d⁰
593 1276 815 1309 labascentem
830 1282 870 1312 10)
888 1280 1029 1310 animum
1043 1280 1099 1310 ad·
1119 1285 1121 1320 ,³
1144 1302 1273 1342 dogma,
1298 1307 1328 1331 et
1352 1302 1529 1332 obscurata
1545 1301 1665 1332 Chiisti
1681 1302 1897 1332 beneficentia
1912 1312 1970 1342 per

277 1331 394 1353 versus
419 1321 620 1358 daemonem,
638 1332 781 1358 carnem,
805 1328 837 1352 et
859 1322 1014 1352 mundum
1038 1323 1099 1352 011-

275 1374 347 1405 gas,
372 1363 535 1404 quomodo
569 1363 735 1395 adflictam
764 1364 998 1394 conscientiam
1022 1374 1098 1395 con-

276 1405 404 1436 soleris.
429 1404 563 1436 Scilicet
575 1407 638 1436 ista
651 1406 771 1436 docent
785 1405 996 1437 scholastici?
1014 1406 1098 1437 Pau-

274 1446 327 1478 lus
349 1448 383 1478 in
405 1446 556 1488 Epistola
573 1458 670 1488 quam
686 1448 844 1479 Romanis
868 1449 999 1487 dicavit,
1024 1459 1097 1480 cum

275 1490 443 1521 doctrinae
467 1488 673 1521 Christianae
690 1490 928 1531 Compendium
952 1493 1096 1522 00115011-
1117 1503 1120 1532 l

274 1533 379 1569 beret,
402 1543 479 1563 num
502 1532 543 1562 de
565 1534 730 1574 mysteriis
754 1534 918 1571 trinitatiS,
942 1535 982 1564 de
998 1535 1096 1564 modo

273 1575 519 1611 incarnationiS,
543 1575 584 1605 de
608 1576 773 1606 creatione
802 1577 983 1613 activa,=et
1007 1587 1097 1607 crea-

274 1617 361 1647 tione
375 1618 415 1649 Π)
438 1617 573 1656 passiva
594 1616 913 1657 philosophabath
958 1618 1002 1649 At
1020 1619 1097 1659 quid

273 1659 364 1701 agit?
388 1664 477 1689 certe
501 1658 541 1688 de
553 1657 638 1698 lege,
661 1665 811 1698 peccato,
834 1660 958 1700 gratia,
987 1672 1005 1691 e
1029 1662 1097 1701 qui-

273 1745 335 1775 ties
357 1742 481 1775 Paulus
506 1748 619 1784 optare
642 1755 680 1775 se
703 1750 843 1775 testatur
866 1744 1017 1776 fidelibus
1049 1744 1097 1776 lo·
1117 1755 1118 1783 ξ

274 1785 437 1827 cupletem
460 1786 581 1817 Christi
603 1788 832 1828 cognitionem.
877 1786 1097 1818 praevidebat

276 1830 370 1861 ³enim
378 1828 460 1867 fore,
472 1836 507 1860 ut
519 1828 642 1860 relictis
655 1828 854 1859 salutaribus
863 1828 957 1859 locis.
970 1831 1096 1860 animos

274 1878 542 1903 converteremus
566 1872 608 1902 ad
619 1870 755 1912 frigidas
780 1878 811 1902 et
831 1870 956 1902 alienas
972 1883 991 1902 a
1005 1871 1097 1903 Chri-

275 1921 328 1945 sto
352 1915 598 1955 disputationes.
645 1914 757 1954 ltaque
779 1923 841 1944 nos
871 1912 1013 1954 aliquam
1043 1916 1097 1945 de-

1156 138 1295 169 PRIMA
1316 136 1473 168 EORUM
1494 136 1649 168 AETAS.

1190 230 1245 258 DE
1274 229 1445 258 HOMINIS
1474 231 1638 259 VIRIBL'S
1673 231 1871 265 ADEOQUE
1901 232 1954 260 DE

1380 280 1529 309 LIBERO
1554 281 1758 309 ARBITRIO.

1203 336 1375 376 Scripsere
1406 338 1446 367 de
1476 336 1580 368 libero
1610 339 1744 369 arbitrio
1774 339 1979 379 Augustinus

1159 384 1190 408 et
1213 378 1420 416 Bernartius,
1452 386 1482 409 et
1505 379 1561 410 ille
1585 381 1714 421 quidem
1737 390 1797 411 sua
1820 383 1979 420 posterio-

1158 419 1363 450 ribus-libris
1388 432 1470 461 quos
1495 422 1656 453 adversus
1685 421 1883 463 Pelagianos
1913 424 1979 454 edi-

1158 462 1203 492 dit
1225 460 1446 501 multipliciter
1468 465 1668 501 retractavit,
1691 464 1882 495 Bernartius
1912 476 1978 496 non

1157 509 1206 534 est
1230 502 1343 533 similis
1367 505 1426 534 sui.
1473 504 1555 535 Sunt
1578 505 1641 536 hac
1664 507 1704 536 de
1727 516 1763 536 re
1782 507 1878 537 etiam
1892 508 1978 547 apud

1155 555 1296 586 graecos
1321 546 1480 585 quaedam
1505 548 1563 577 sed
1587 549 1737 587 sparsim.
1763 548 1853 588 Ego,
1878 559 1977 589 quan-

1155 587 1329 627 doquidem
1352 597 1417 617 non
1447 598 1568 628 sequar
1597 589 1762 620 homimun
1795 591 1976 630 opinioneS,

1130 643 1132 657 x
1154 635 1185 659 et
1197 627 1448 668 simplicissime,
1461 628 1504 660 ¹et
1519 630 1707 670 planissime
1721 642 1789 662 rem
1805 642 1975 672 exponam,

1153 681 1249 711 quam
1272 669 1341 700 fere
1365 672 1582 702 obscurarunt
1603 679 1735 703 autores
1759 680 1826 703 turn
1845 681 1975 704 veteres

1129 721 1131 731 ¹
1152 719 1219 743 tum
1242 713 1330 749 novi,
1354 714 1429 753 quia
1453 715 1500 743 sic
1524 715 1820 754 interpretabantur
1838 717 1975 755 scriptu-

1152 765 1218 791 ras,
1240 760 1275 785 ut
1299 754 1396 785 simul
1420 755 1541 786 vellent
1566 763 1672 787 tamen
1697 757 1832 787 rationis
1863 756 1975 788 huma-

1150 807 1214 827 nae
1238 796 1356 826 iudicio
1382 797 1544 828 satisfieri.
1590 798 1709 829 Parum
1734 798 1828 829 civile
1844 800 1974 830 11110113-

1150 845 1202 869 tur
1232 839 1593 877 doce1·e,=necessario
1628 851 1768 880 peccare
1797 840 1972 879 hominem,

1150 879 1283 911 crudele
1307 881 1495 919 videbatur,
1532 882 1729 922 reprehendi
1760 882 1973 921 voluntatem,

1149 924 1176 953 si
1199 933 1266 953 non
1288 930 1403 962 posset
1432 934 1469 954 50
1498 935 1517 954 a
1540 925 1618 954 sitio
1655 926 1697 955 ad
1720 925 1872 955 w‘rtutem
1896 936 1973 955 con-

1148 971 1287 995 vertere.
1312 964 1388 995 Ideo
1403 971 1433 995 et
1445 965 1539 1005 plura
1551 967 1675 996 viribus
1689 966 1850 1001 humanis,
1875 977 1973 1007 quam

1146 1017 1207 1047 par
1237 1011 1323 1043 erat,
1358 1008 1512 1044 tribuere,
1545 1014 1575 1037 et
1598 1009 1678 1038 mire
1708 1009 1875 1038 variarunt
1899 1018 1973 1039 cum

1146 1049 1281 1078 rationis
1318 1049 1612 1079 iudicioviderent
1654 1051 1775 1090 ubique
1814 1049 1972 1091 refragari

1145 1091 1337 1130 scripturas.
1383 1090 1424 1120 Et
1455 1092 1486 1121 in
1518 1090 1582 1121 11οο
1614 1092 1743 1131 quidem
1773 1091 1868 1129 loco,
1900 1103 1973 1123 cum

1144 1142 1282 1172 prorsus
1314 1132 1499 1164 Christiana
1529 1134 1678 1165 doctrina
1708 1144 1728 1164 a
1750 1131 1971 1174 philosophia,

1145 1180 1175 1205 et
1198 1173 1341 1205 humana
1363 1176 1490 1206 ratione
1514 1176 1696 1213 dissentiat,
1720 1182 1827 1206 tamen
1849 1177 1972 1207 sensim

1120 1217 1272 1257 ¹irrepsit
1304 1215 1514 1257 philosophia
1542 1218 1574 1247 in
1604 1217 1905 1255 Christianismum,
1941 1224 1972 1248 et

1143 1265 1311 1299 receptum
1352 1265 1401 1289 est
1441 1260 1572 1299 impimn
1610 1260 1651 1289 de
1685 1259 1795 1297 'jlibero
1835 1261 1969 1290 arbitrio

1142 1342 1346 1384 prophanam
1369 1342 1459 1373 illam
1489 1350 1520 1373 et
1544 1342 1718 1375 animalem
1746 1345 1882 1374 rationis
1912 1354 1970 1374 no-

1142 1392 1231 1416 strae
1254 1386 1456 1426 sapientiam.
1503 1385 1671 1426 Usurpata
1700 1392 1751 1417 est
1782 1396 1846 1416 vox
1876 1385 1970 1416 liberi

1141 1428 1265 1458 arbitrii
1280 1430 1339 1464 1¹²),
1364 1438 1383 1458 a
1407 1427 1663 1466 divinisditeris,
1687 1439 1705 1459 a
1729 1438 1831 1459 sensu
1861 1434 1892 1458 et
1921 1428 1968 1458 iu-

1142 1471 1225 1501 dicio
1250 1470 1383 1510 spiritus
1406 1469 1616 1507 alienissima,
1640 1481 1704 1511 qua
1719 1471 1868 1501 videmus
1892 1480 1968 1500 san-

1142 1518 1213 1543 ctos
1236 1513 1326 1542 viros
1350 1522 1416 1542 non
1440 1523 1516 1543 raro
1532 1512 1677 1543 offensos
1698 1523 1784 1544 esse.
1808 1512 1966 1543 Additum

1142 1561 1191 1586 est
1216 1565 1234 1585 e
1257 1553 1406 1585 Platonis
1440 1554 1650 1596 philosophia
1673 1554 1874 1586 vocabulum
1904 1553 1968 1584 Ra-

1140 1598 1237 1628 tionis
1261 1607 1366 1638 aeque
1389 1598 1619 1638 perniciosum.
1665 1598 1748 1628 Nam
1763 1597 1899 1638 perinde
1921 1602 1968 1626 at-

1141 1650 1204 1680 que
1226 1638 1277 1669 his
1308 1640 1547 1679 posterioribus
1573 1639 1735 1671 ecclesiae
1765 1639 1967 1679 temporibus

272 1703 334 1733 bus
358 1700 441 1731 locis
464 1698 546 1730 solis
560 1699 680 1731 Christi
695 1702 838 1742 cognitio
853 1703 983 1742 pendet.
1009 1703 1097 1737 Quo·
1117 1705 1118 1722 ³
1140 1681 1354 1712 Asismtelem
1376 1692 1437 1722 Pro
1462 1682 1594 1713 Chrism
1618 1693 1732 1713 Sumus
1747 1681 1899 1722 ampleffl'
1923 1681 1969 1710 ita

1141 1725 1250 1754 statim
1273 1729 1348 1763 post
1373 1723 1536 1755 ecclesiae
1560 1725 1706 1765 auspicia
1736 1735 1795 1766 per
1825 1723 1968 1754 Platoni-

1141 1776 1212 1796 cam
1235 1765 1476 1806 philosophiam
1501 1766 1687 1797 Christiana
1713 1768 1863 1798 doctrina
1879 1765 1968 1797 labe-

1139 1807 1260 1838 factata
1286 1815 1346 1838 est.
1394 1808 1440 1838 lta
1464 1808 1585 1839 factum
1610 1816 1671 1846 est,
1695 1816 1729 1839 ut
1753 1816 1886 1849 praeter
1905 1809 1967 1840 Ca-

1116 1851 1276 1880 =nonicas
1307 1851 1488 1891 scripturas
1514 1850 1625 1882 nullae
1656 1852 1720 1881 sint
1755 1853 1786 1882 in
1822 1851 1964 1883 ecclesia

275 1956 468 1987 lineabimus
508 1966 620 1987 eorum
655 1955 805 1986 locorum
842 1957 1000 1988 rationem
1042 1958 1117 1998 qui¹

274 1998 441 2029 Christum
470 2000 526 2029 tibi
555 1999 800 2034 commendent,
838 2000 892 2039 qui
927 2001 1096 2030 conscien-

274 2042 351 2072 tiam
374 2041 659 2081 confirment,qui
682 2042 823 2071 animum
851 2042 1012 2072 adversus
1037 2042 1096 2073 Sa—

273 2089 381 2114 tanam
405 2085 541 2124 erigant.
587 2082 739 2124 Plerique
762 2082 856 2113 locos
880 2085 1035 2115 virtutum
1065 2091 1095 2116 et

274 2126 425 2156 w‘tiorum
455 2126 807 2166 tantuminscripturis
830 2128 1010 2166 requirunt,
1035 2128 1095 2158 sed

273 2177 313 2197 ea
337 2168 525 2198 observatio
548 2167 778 2208 philosophica
791 2169 896 2209 magis
913 2176 973 2206 est,
998 2180 1094 2210 quam

273 2208 469 2240 Christiana.
494 2210 590 2245 Quod
613 2221 672 2242 cur
694 2212 737 2241 ita
761 2211 876 2248 dicam,
899 2211 998 2252 paulo
1020 2219 1095 2253 post

272 2250 447 2292 intelliges.

136 2367 165 2397 8)
185 2369 348 2399 argumenta]
368 2370 410 2397 Ed,
430 2371 452 2395 7.
475 2369 574 2394 addit:
593 2377 606 2395 e
627 2371 791 2401 philosophia.

136 2418 164 2447 9)
187 2418 263 2444 Editt.
286 2420 305 2444 l.
325 2421 347 2444 2.
369 2421 390 2445 7.
409 2421 503 2445 habent
522 2422 546 2446 in
566 2422 680 2451 margine
700 2423 901 2448 annotationem:
922 2424 1031 2453 Quorum
1052 2431 1092 2449 co·
1111 2444 1112 2451 ,

186 2453 264 2482 gnitio
284 2454 423 2479 Christiano
442 2457 595 2481 necessaria.

121 2502 165 2533 10)
189 2502 380 2534 labascentem]
400 2505 442 2529 Ed.
463 2506 485 2529 7.
506 2506 686 2531 labescentem.

121 2553 164 2583 11)
190 2556 216 2578 et
234 2555 374 2585 creatione]
395 2555 435 2580 Ed.
460 2557 478 2580 1.
501 2560 524 2580 et
545 2556 576 2580 de
596 2558 732 2582 creatione.

1113 2286 1114 2303 l

1112 2354 1114 2383 l

1111 2398 1113 2410 l

1111 2418 1113 2432 l

1140 1893 1288 1923 sincerae
1311 1891 1436 1923 literae.
1450 1892 1591 1924 Redolet
1604 1893 1856 1934 philosophiam,
1873 1895 1964 1935 quid-

1140 1936 1216 1976 quid
1242 1936 1372 1965 omnino
1397 1937 1636 1967 commentariis
1658 1937 1823 1976 proditum
1847 1939 1962 1977 est13).

1182 1985 1233 2016 Ac
1255 1987 1392 2026 primum
1418 1987 1547 2027 quidem
1570 1987 1602 2017 in
1623 1988 1745 2018 deseri*
1758 1988 1839 2018 enda
1862 1987 1964 2018 homi-

1139 2029 1189 2059 nis
1213 2034 1329 2059 natura
1353 2039 1418 2059 non
1442 2028 1600 2060 habemus
1625 2040 1708 2070 opus
1742 2029 1964 2070 nultiplicibus

1141 2070 1420 2111 philosophorum
1435 2072 1674 2111 partitionibus.
1721 2073 1788 2103 ‘Sed
1804 2073 1918 2112 paucis
1932 2073 1965 2102 in

1139 2114 1203 2144 duo
1227 2114 1385 2154 partimur
1408 2113 1571 2145 hominem
1586 2117 1637 2148 Η).
1684 2114 1744 2145 Est
1768 2115 1853 2145 enim
1876 2114 1909 2144 ‘m
1924 2124 1964 2145 eo

1138 2157 1188 2186 vis
1213 2157 1455 2197 cognoscendi,
1487 2163 1536 2187 est
1561 2163 1591 2187 et
1615 2159 1664 2188 vis
1689 2167 1754 2198 qua
1777 2157 1831 2188 vel
1854 2168 1964 2198 perse-

1139 2199 1257 2239 quitm,
1281 2197 1335 2228 vel
1358 2197 1488 2239 refugit,
1513 2210 1597 2239 quae
1621 2200 1786 2240 cognovit.
1831 2200 1892 2231 Vis
1910 2211 1963 2231 co-

1137 2241 1310 2282 gnosendi,
1326 2247 1375 2271 est
1397 2251 1461 2281 qua
1477 2243 1646 2279 sentimus,
1672 2248 1727 2272 aut
1742 2241 1965 2283 intelligimus,

1137 2284 1396 2320 Jratiocinamur,
1431 2282 1495 2314 alia
1519 2294 1592 2314 cum
1621 2284 1693 2315 aliis
1724 2294 1963 2325 comparamus,

2095 143 2137 174 86

2033 236 2056 262 5,
2071 236 2094 259 b.

2039 644 2065 662 10

2035 852 2062 871 15

2039 1053 2070 1072 20

2038 1655 2065 1673 10

2035 1871 2062 1889 15

2001 1913 2037 1943 (4,
2047 1912 2084 1942 a.)

2031 2100 2062 2119 20

2005 2298 2028 2327 6,
2047 2298 2070 2323 b.

1138 2428 1180 2455 12)
1207 2426 1279 2450 Editt.
1302 2427 1321 2449 1.
1342 2428 1364 2451 2.
1385 2428 1406 2451 7.
1426 2427 1450 2451 111
1470 2432 1551 2457 marg.
1571 2428 1650 2453 verba
1670 2430 1739 2454 ..Vox
1758 2429 1829 2453 liberi
1848 2430 1962 2454 arbitrii*
1987 2433 2112 2461 repetunt.

1111 2479 1112 2509 l
1138 2478 1180 2505 13)
1206 2477 1395 2501 commentariis
1415 2478 1540 2507 proditum
1568 2479 1618 2509 est]
1646 2479 1686 2503 Ed.
1707 2481 1728 2503 7.
1754 2481 1994 2506 commentariorum
2019 2484 2114 2510 extant.

1110 2514 1112 2567 j
1138 2528 1179 2553 14)
1205 2528 1276 2552 Editt.
1300 2529 1318 2551 1.
1338 2529 1360 2552 ’2.
1381 2529 1402 2552 7.
1422 2529 1446 2552 111
1466 2534 1561 2558 marg:
1586 2530 1654 2554 Duae
1680 2530 1790 2555 hominis
1818 2534 1903 2560 partes
1923 2532 2068 2558 Intellectus
2087 2536 2112 2559 et

1204 2562 1328 2585 voluntas.

1869 2617 1883 2637 ti
1896 2616 1906 2622 ’¹
