2358 2933
250 118 310 149 971

252 221 315 240 non
347 219 428 240 casu
451 208 562 248 spargi
586 208 669 236 inter
692 206 850 237 homines.
885 207 944 236 sed
970 212 1061 237 certo
1082 205 1221 236 consilio

251 253 358 283 Deum
378 251 458 280 hae(-
482 248 675 280 adminicula
698 249 784 279 vitae
807 256 836 278 et
857 250 1034 279 attribuere
1053 247 1223 278 Ecclesiae
1243 252 1245 261 ²

253 302 280 325 et
306 303 451 323 servare.

338 336 405 365 Ne«-
430 334 531 363 Stoici
556 331 599 363 illi
623 333 772 363 audiendi
797 339 890 364 sunt.
914 333 966 371 qui
991 330 1223 368 vociferantur,

253 389 323 408 cnm
349 377 420 407 Deo
444 377 545 415 gratis
568 375 776 404 serviendum
799 375 857 404 sit.
894 384 958 404 non
983 383 1060 403 esse
1082 374 1222 413 petenda

254 422 337 450 boum
374 428 547 457 corporum
605 417 672 446 llae
707 426 814 456 nugae
844 426 884 446 ex
917 416 1045 455 magnis
1079 416 1223 445 tenebris

253 463 409 491 oriuntur.
457 459 529 488 Non
553 460 720 488 attendunt
745 458 776 488 hi
800 459 913 489 Stoici.
937 457 1043 498 qualis
1063 458 1102 487 sit
1128 458 1223 487 huius

252 505 335 533 vitat·
369 500 584 532 imbecillitas.
654 501 724 529 Non
766 507 918 540 petuntur
952 499 1035 529 haec
1070 501 1156 529 bona
1190 505 1221 529 ut

251 546 409 585 praemia,
444 551 475 573 ut
511 543 811 582 compensationes,
847 543 907 572 etsi
937 543 985 571 sic
1009 551 1139 582 quoque
1162 551 1224 571 suo

252 588 364 617 ordine
398 587 460 626 peti
496 592 646 625 possunt,
681 585 738 614 sed
773 591 924 624 petuntur
957 591 991 614 ut
1016 585 1224 614 vocationum

251 627 457 659 adminicula.
505 628 575 657 Non
604 633 717 667 posset
744 628 929 667 gnbernare
952 625 1108 666 populum
1132 625 1225 666 Moy-

252 681 318 701 ses.
342 672 368 700 si
388 668 502 700 dolore
520 670 615 699 animi
638 676 690 699 aut
717 670 866 709 corporis
881 670 1135 709 extingueretur.
1166 667 1225 698 Pe-

254 715 288 743 tit
314 714 411 754 igitur
434 713 551 742 vitam.
577 710 852 747 consolationem,
875 712 1007 742 victum.
1032 716 1066 740 ut
1100 710 1226 740 servire

258 756 360 795 possit
386 756 417 784 in
442 755 627 786 vot-atione.
658 760 687 783 et
724 760 830 783 tamen
866 752 994 783 liberali
1028 753 1134 783 animo
1158 761 1226 781 501·-

251 798 307 827 vit.
354 797 426 827 Non
468 795 572 826 fremit
607 796 769 825 adversus
805 795 928 831 Deum,
974 795 1100 825 etiamsi
1130 793 1225 824 fuerit

251 846 408 869 evocatus
443 848 481 868 ex
514 838 576 868 hoo
611 848 671 867 suo
707 836 871 867 curriculo
906 842 960 866 aut
992 837 1118 866 etiamsi
1143 845 1226 876 quae

252 879 461 911 difficultates
475 881 626 913 maiores,
634 890 716 919 quas
726 880 933 919 deprecatur,
942 878 1132 908 tolerandae
1140 883 1225 907 sunt.

337 922 419 953 sum
441 922 505 952 hoc
528 922 640 951 ordine
663 922 811 961 petimus,
835 928 868 951 ut
892 919 1117 950 anteferantur
1140 921 1226 949 bona

252 971 403 1001 aeterna,
439 974 500 994 nec*
524 965 736 995 deseratui·⁹)
772 963 879 999 Deus,
915 964 942 993 si
968 964 1053 993 bona
1077 962 1226 1002 corporis

253 1007 378 1036 differat
409 1013 461 1036 aut
487 1016 550 1036 non
574 1005 743 1046 largiatur.
768 1004 874 1044 placet
900 1004 972 1034 Deo
997 1005 1078 1034 haec
1103 1004 1226 1044 petitio,

252 1056 280 1079 et
305 1048 368 1079 hoc
390 1048 515 1078 honore
539 1048 603 1078 coli
627 1059 664 1077 se
687 1046 839 1077 affirmat.
884 1047 953 1077 Nec
976 1056 1060 1087 opus
1084 1051 1134 1076 est
1158 1045 1227 1075 lon-

253 1101 295 1132 ga
318 1091 549 1130 disputatione.
595 1090 680 1120 Nota
706 1096 779 1120 sunt
804 1090 888 1119 enim
912 1095 1106 1128 praecepta,
1129 1094 1226 1118 notae

252 1133 500 1174 promissiones,
535 1139 611 1162 nota
645 1130 793 1171 exempla
822 1141 1021 1161 summorum
1043 1137 1172 1170 patrum
1195 1135 1227 1159 et

253 1175 507 1215 Prophetarum.
542 1175 597 1214 qui
630 1174 751 1204 omissa
788 1172 842 1203 illa
877 1172 989 1202 Stoica
1024 1182 1083 1202 seu
1117 1173 1225 1212 potius

253 1217 376 1258 Cynica
402 1215 612 1256 Philosophia
635 1217 782 1246 sciebant
808 1216 914 1245 onmia
935 1216 1019 1244 bona
1043 1225 1062 1244 a
1078 1214 1147 1243 Deo
1171 1214 1226 1243 mi-

252 1259 356 1290 randi=
377 1260 490 1289 ordine
514 1259 657 1295 condita,
677 1268 729 1287 res
743 1267 880 1298 magnas
895 1263 926 1287 et
939 1267 1003 1286 non
1018 1262 1227 1286 contemnen-

254 1304 314 1333 das
333 1312 420 1337 esse,
439 1312 479 1331 ac
492 1300 598 1331 Deum
610 1307 778 1330 auctorem
791 1299 1038 1339 agnoscendum
1051 1307 1127 1328 esse
1141 1304 1170 1327 et
1185 1298 1226 1326 ab

254 1355 292 1375 eo
327 1344 497 1384 petendam
532 1343 632 1373 vitam
666 1348 698 1372 et
721 1343 806 1372 vitae
835 1340 1032 1371 adminicula
1055 1350 1095 1370 ac
1119 1338 1228 1369 defen-

254 1389 390 1417 sionem.

342 1429 439 1460 iacob
463 1437 536 1457 cum
560 1426 695 1456 vidisset
708 1425 882 1455 Dominum
906 1425 937 1454 in
961 1423 1053 1453 scala
1075 1429 1228 1459 stantem,

256 1473 342 1504 audit
366 1471 490 1511 pariter
512 1469 749 1509 promissiones
781 1467 821 1496 de
845 1468 944 1496 rebus
967 1466 1110 1495 aeternis
1135 1470 1166 1495 et
1189 1465 1229 1494 de

256 1515 350 1545 bonis
375 1513 533 1552 corporis.
579 1511 654 1540 ldeo
679 1510 764 1539 enim
787 1514 883 1539 vocat
907 1508 1003 1538 lacob
1028 1514 1058 1537 et
1083 1507 1153 1537 eius
1172 1516 1229 1546 po-

257 1558 454 1591 steritatem,
490 1560 520 1583 111
545 1554 663 1583 condat
687 1550 887 1586 Ecclesiam,
926 1560 1010 1590 quae
1033 1550 1174 1579 existere
1197 1549 1230 1578 in

256 1599 319 1629 hac
354 1598 420 1627 vita
455 1606 519 1626 non
543 1602 651 1635 potest
676 1595 746 1623 sine
769 1593 922 1632 hospitio,
946 1593 1017 1621 sinc
1041 1592 1106 1621 vita
1130 1597 1161 1620 et
1185 1591 1230 1620 vi-

258 1647 309 1671 ctu
333 1639 515 1669 docentium
570 1637 623 1667 De
647 1637 741 1667 bonis
764 1636 906 1665 aeternis
931 1634 1052 1674 inquit:
1092 1633 1231 1663 Benedi-

259 1690 372 1713 centur
395 1683 424 1711 in
450 1681 573 1710 semine
598 1685 652 1709 tuo
677 1688 790 1708 omnes
814 1678 919 1707 tribus
939 1682 1055 1706 terrae.
1102 1675 1153 1705 De
1177 1675 1231 1704 de-

258 1724 406 1754 fensione
431 1732 603 1762 corporum
628 1722 691 1750 ait:
737 1719 803 1749 Ero
828 1725 940 1749 0115105
965 1724 1056 1755 111115,
1087 1727 1232 1757 quocun-

259 1776 321 1807 que
345 1765 540 1806 perrexeris.
587 1763 633 1793 lta
656 1773 717 1792 nos
741 1760 982 1796 universaliter,
1006 1761 1135 1800 quoties
1158 1769 1232 1799 pro-

259 1810 351 1839 mittit
376 1818 439 1837 vox
463 1807 571 1836 divina
595 1814 781 1835 mansuram
805 1813 882 1834 esse
905 1801 1088 1833 Ecclesiam
1101 1801 1232 1837 Christi,

261 1851 308 1890 (id
343 1856 450 1879 autem
484 1858 585 1887 saepe
613 1854 643 1877 et
668 1846 755 1877 clare
777 1846 1000 1886 promittitur,)
1038 1842 1233 1887 complecta-

261 1903 331 1923 mur
354 1896 592 1932 argumentum,
615 1896 648 1919 ut
672 1895 804 1925 vocant,
827 1898 846 1917 a
866 1887 1040 1923 connexis,
1070 1886 1165 1915 simul
1188 1886 1234 1915 vi-

261 1933 379 1964 delicet
423 1932 564 1972 promitti
599 1932 718 1961 victum
752 1936 784 1960 01
818 1927 1014 1959 domicilium
1048 1926 1233 1957 Ecclesiae.

261 1977 411 2016 Denique
445 1975 592 2014 impietas
627 1979 657 2003 et
682 1971 774 2002 furor
798 1978 847 2001 est
877 1971 1042 2001 abducere
1065 1970 1192 1999 animos
1216 1979 1235 1999 a

262 2012 417 2059 petitione
452 2018 612 2047 bonorum
647 2015 815 2054 corporis,
846 2024 920 2043 cum
955 2013 1046 2042 Deus
1079 2011 1144 2042 hoc
1177 2010 1235 2040 ho-

263 2070 344 2090 nore
360 2058 447 2089 affici
457 2057 534 2088 velit
545 2064 574 2087 et
592 2056 840 2087 nostramh'dem
849 2054 899 2085 his
910 2055 1074 2085 exercitiis
1090 2054 1234 2084 excitari.

349 2101 501 2131 Petamus
531 2101 645 2140 igitur,
680 2105 713 2128 ut
737 2099 854 2128 dictum
881 2103 942 2134 est,
965 2097 1079 2126 ordine
1103 2102 1236 2126 aeterna

262 2145 349 2175 bona
374 2150 403 2173 et
429 2143 577 2183 corpon's
603 2143 701 2178 hona,
725 2146 754 2170 et
778 2150 962 2180 quanquam
981 2139 1127 2178 precatio
1141 2138 1236 2168 etiam

264 2186 354 2216 brevi
380 2186 498 2226 gemitu
523 2184 593 2214 fieri
615 2189 735 2224 potest,
759 2189 867 2212 tamen
892 2180 969 2211 utile
993 2187 1043 2210 est
1055 2180 1235 2210 iunioribus

264 2234 295 2258 et
329 2228 577 2267 grandioribus,
612 2226 683 2255 sine
717 2224 947 2264 superstitione
967 2230 1076 2252 tenere
1100 2221 1237 2252 formam

264 2270 461 2310 precationis
495 2269 619 2299 erudite
653 2267 878 2307 compositam,
902 2263 1152 2304 compellantem
1182 2273 1237 2294 ve-

264 2323 334 2342 rum
358 2311 463 2341 Deum
493 2318 522 2340 et
558 2311 796 2340 discernentem
831 2314 978 2337 nostram
996 2307 1237 2337 invocationem

266 2355 307 2384 ab
336 2353 491 2388 Ethnica‚
513 2352 652 2382 Turcica
675 2357 706 2381 et
731 2351 871 2389 ludaica,
891 2355 922 2379 et
945 2359 1006 2379 nos
1030 2347 1127 2379 simul
1150 2358 1236 2378 com-

266 2394 536 2426 monefacientem
560 2394 599 2423 de
617 2394 836 2433 promissione
859 2392 968 2421 divina
992 2397 1023 2420 et
1045 2401 1100 2421 res
1125 2396 1235 2420 certas

267 2530 296 2559 9)
316 2529 460 2558 deseratur]
480 2529 551 2554 Editt.
571 2529 610 2551 22.
631 2529 671 2550 24.
690 2530 739 2557 tyn.
758 2533 855 2551 errore:
875 2526 1005 2550 deferatur

883 114 994 146 PHIL.
1017 114 1118 146 MEL.
1141 113 1326 146 SCRIPTA
1348 115 1619 147 DOGMATICA.

2177 120 2242 151 972

1264 213 1437 248 petentem.
1468 206 1568 237 Tales
1591 213 1667 238 sunt
1692 206 1870 248 pleraeque
1915 210 2100 240 recationes
2121 212 2240 250 primo-

1267 260 1335 279 rum
1359 249 1491 279 Patrum
1527 255 1557 279 01
1592 248 1703 289 populi
1738 249 1854 280 lsrael.
1893 219 2084 291 ¹1³)iligenter
2106 251 2138 282 hi
2161 263 2240 293 quo-

1266 301 1331 332 quo
1365 291 1556 321 discernunt
1588 291 1660 331 ipsa
1683 290 1934 330 compellatione
1958 303 2070 323 verum
2093 294 2199 325 Deum
2220 305 2241 326 a

1268 333 1394 363 110110115
1428 343 1468 363 ac
1501 333 1698 363 mentionem
1731 332 1852 364 faciunt
1877 335 2067 371 testimonii,
2103 346 2168 376 quo
2203 346 2241 367 se

1267 374 1420 414 patefecit
1444 374 1547 405 Deus.
1593 374 1756 405 lnterdum
1785 382 1817 405 et
1850 377 2099 415 promissionem
2122 387 2242 417 propo-

1267 423 1347 446 nunt
1380 416 1605 457 significantes
1640 415 1761 447 luctam
1785 417 1816 446 in
1839 418 2065 455 invocatione,
2099 425 2134 449 ut
2157 419 2241 450 Gen.

1268 458 1319 488 32.
1343 460 1426 497 [vss.
1450 458 1581 495 9--l2‚1
1606 459 1649 488 ait
1673 458 1788 488 lacob:
1812 458 1903 489 Deus
1926 460 2028 498 patris
2050 462 2112 491 mei
2136 461 2242 491 Abra-

1268 499 1343 530 ham
1362 507 1392 530 et
1415 499 1508 530 Deus
1531 501 1633 540 patris
1656 501 1717 530 mei
1742 500 1846 537 lsaac,
1892 500 2024 538 lehova,
2053 503 2107 542 qui
2131 503 2242 533 dixisti

1269 541 1357 578 mihi,
1391 548 1556 572 revertere
1580 543 1612 572 in
1636 548 1756 572 terram
1779 548 1876 579 tuam,
1900 549 1931 572 et
1955 543 2146 575 beneficiam
2165 545 2242 581 tibi;

1270 585 1377 614 minor
1409 593 1480 614 sum
1515 584 1641 615 cunctis
1665 585 1928 615 miserationibus
1958 586 2032 615 tuis.
2080 585 2167 617 Erue
2191 596 2244 618 me

1270 626 1310 656 de
1328 636 1425 656 manu
1448 624 1558 655 fratris
1581 626 1643 656 mei
1656 625 1757 664 Esau,
1782 637 1823 657 ne
1847 627 2006 667 percutiat
2025 633 2146 659 matres
2169 639 2244 660 cum

1270 667 1358 697 filiis.
1405 667 1454 697 Tu
1487 666 1616 698 locutus
1651 678 1688 698 05
1722 675 1753 699 10
1787 668 1862 699 mihi
1898 667 2144 701 benefacturum
2168 680 2244 702 esse

1271 716 1333 739 etc.
1378 708 1477 739 Tales
1500 708 1624 739 multae
1647 716 1724 740 sunt
1746 710 1871 742 formae
1894 712 1925 741 in
1949 712 2082 752 scriptis
2102 712 2244 753 Prophe-

1271 752 1354 781 ticis.
1390 751 1439 781 Ac
1462 751 1598 791 prodest
1622 758 1745 782 attente
1769 760 1879 791 partes
1896 755 2118 785 considerare.
2149 754 2245 786 Com-

1271 792 1404 833 pellatio
1428 799 1499 823 est:
1544 793 1590 823 Te
1613 803 1724 824 verum
1747 793 1854 825 Deum
1876 795 2074 836 patefactum
2096 798 2244 837 patribus

1271 836 1352 866 meis
1377 834 1547 866 Abraham
1581 842 1611 865 01
1636 835 1730 866 Isaac
1758 836 1878 867 invoco
1903 843 1935 867 et
1963 837 2119 879 confugio
2142 840 2183 869 ad
2212 845 2244 870 te

1271 887 1336 907 non
1360 876 1465 908 fretus
1492 887 1565 907 mea
1589 878 1760 918 dignitate,
1795 879 1854 909 sed
1888 877 2084 911 dulcissimis
2107 881 2244 920 promis-

1271 920 1418 950 sionibus
1441 921 1528 954 tuis3
1574 919 1733 959 Agnosco
1767 921 1850 950 enim
1879 931 1930 951 me
1958 920 2058 962 longe
2087 923 2246 953 minorem

1271 971 1348 992 esse
1367 963 1429 992 tuis
1450 962 1724 999 miserationibus,
1747 963 1808 992 sed
1827 963 1937 993 dixisti
1960 969 1991 993 te
2014 963 2091 994 mihi
2109 963 2245 1004 opitula-

1272 1010 1376 1034 turum
1400 1013 1485 1034 esse.
1532 1003 1627 1039 Vide,
1651 1010 1685 1033 ut
1708 1014 1745 1034 se
1765 1011 1927 1036 sustentat
1951 1006 2151 1047 cogitatione
2168 1016 2244 1046 pro-

1270 1046 1438 1076 missionis
1461 1052 1493 1076 et
1517 1046 1547 1075 in
1571 1045 1633 1075 hac
1657 1046 1852 1086 acquiescit3
1886 1046 2018 1077 Deinde
2042 1057 2111 1077 rem
2133 1054 2245 1088 peten-

1272 1089 1344 1118 dam
1368 1088 1496 1118 subiicit
1517 1093 1548 1117 et
1568 1098 1737 1125 caussam,
1770 1099 1811 1118 ne
1833 1095 1945 1128 pereat
1967 1088 2135 1126 Ecclesia;
2179 1089 2245 1120 De-

1272 1128 1370 1159 fende
1394 1140 1457 1167 me,
1480 1139 1521 1159 110
1547 1128 1784 1160 interficiantur
1805 1137 1926 1161 matres
1950 1137 1981 1160 et
2003 1130 2070 1161 filii.

1357 1171 1398 1202 Et
1444 1172 1562 1202 crebro
1592 1172 1640 1201 510
1674 1178 1787 1211 petunt
1820 1171 1937 1203 Patres
1971 1178 2003 1203 et
2042 1172 2244 1215 Prophetaet

1270 1213 1362 1243 Deus
1385 1219 1515 1254 patrum
1538 1220 1743 1250 nostrorum,
1773 1213 1959 1251 Abraham,
1993 1213 2104 1252 Isaac,
2132 1214 2243 1252 Iacob,

1271 1256 1302 1285 id
1337 1262 1407 1292 est,
1451 1255 1562 1291 Deus,
1608 1256 1662 1295 qui
1697 1261 1727 1285 te
1762 1257 1860 1286 certis
1894 1257 2089 1286 testimoniis
2123 1255 2245 1296 pat-efe-

1272 1298 1345 1327 cisti
1388 1298 1537 1337 patribus
1571 1297 1715 1333 nostris,
1760 1297 1934 1334 Abrahae,
1976 1298 2088 1335 lsaac,
2133 1298 2245 1336 Iacob,

1272 1345 1303 1369 et
1337 1339 1498 1369 tradidisti
1532 1339 1578 1368 eis
1600 1339 1848 1378 promissiones.
1893 1339 2016 1369 Postea
2038 1340 2135 1369 etiam
2151 1346 2245 1370 utun-

1272 1388 1325 1411 tur
1348 1380 1410 1410 hac
1433 1380 1536 1410 forma
1559 1381 1677 1409 tradita
1700 1381 1731 1409 in
1754 1380 1929 1421 Decalogo
1965 1380 2080 1416 {Exod
2098 1381 2154 1418 20,
2178 1381 2245 1420 2.]:

1272 1422 1386 1458 Deus,
1420 1423 1474 1462 qui
1508 1422 1649 1451 eduxisti
1682 1421 1837 1461 populum
1871 1421 1975 1453 lsrael
2008 1431 2050 1452 ex
2080 1423 2130 1453 Ae
2201 1429 2245 1453 to.

1274 1464 1343 1494 Hae
1372 1462 1497 1494 formae
1531 1463 1722 1502 saepissime
1757 1465 1915 1503 repetitae
1938 1469 2016 1494 sunt
2038 1464 2071 1493 in
2094 1463 2138 1494 Ps
2174 1465 2245 1495 inis.

1273 1506 1425 1546 Denique.
1459 1512 1490 1535 et
1512 1505 1629 1535 Patres
1663 1511 1693 1535 et
1716 1507 1839 1545 posteri
1862 1507 1986 1536 addunt
2008 1507 2170 1536 communi
2191 1517 2247 1546 ap-

1273 1547 1441 1588 pellationi
1476 1547 1537 1577 Dei
1566 1546 1734 1586 peculiare
1765 1557 1894 1578 nomen.
1939 1547 2045 1578 Elohc
2078 1557 2247 1578 commune

1275 1596 1337 1627 est,
1361 1600 1425 1630 quo
1445 1590 1541 1619 etiam
1564 1589 1689 1619 Gentes
1712 1590 1900 1625 utebantur;
1934 1590 2001 1621 Sed
2025 1589 2146 1620 lehova
2169 1599 2247 1630 pro·

1274 1633 1380 1672 prium
1414 1637 1482 1668 est,
1513 1641 1577 1671 quo
1600 1630 1706 1661 Deum
1726 1630 1798 1661 sola
1820 1631 1975 1662 Ecclesia
1997 1637 2127 1671 patrum·
2147 1637 2180 1662 et
2201 1631 2247 1662 ls-

1276 1673 1464 1704 raelitarum
1509 1672 1738 1714 compellabat.
1795 1673 1839 1703 lta
1875 1674 1929 1703 1110
1962 1672 2105 1714 loquitur
2136 1672 2246 1703 lacob-

1275 1716 1315 1746 Et
1340 1714 1427 1745 Psal.
1454 1715 1503 1745 19.
1528 1715 1646 1752 11584
1673 1716 1806 1745 dicitur:
1829 1715 1900 1745 Nos
1923 1725 2040 1746 nornen
2059 1714 2122 1745 Dei
2143 1715 2246 1745 nostri

1277 1757 1399 1788 lehova
1431 1758 1667 1787 invocabimus.
1712 1757 1753 1787 Et
1782 1758 1902 1797 ubique
1924 1758 2021 1788 obvia
2043 1763 2120 1787 sunt
2141 1766 2247 1787 exem-

1276 1800 1341 1840 pla,
1366 1801 1516 1840 adeoque
1534 1800 1683 1829 usitatam
1701 1800 1765 1839 piis
1790 1800 2056 1829 consuetudinem
2074 1797 2180 1828 fuisse
2196 1807 2247 1828 ar-

1279 1844 1390 1878 bitror,
1413 1848 1448 1872 ut
1471 1842 1555 1872 haec
1578 1842 1642 1871 duo
1665 1843 1796 1871 nomina
1821 1842 1957 1871 recitata
1980 1850 2057 1871 esse
2069 1840 2248 1870 existimem

1278 1895 1297 1914 a
1319 1884 1444 1914 Thoma
1462 1883 1550 1913 loan.
1574 1884 1626 1913 20.
1652 1886 1714 1920 [vs.
1737 1883 1805 1920 28]
1841 1893 1914 1913 cum
1943 1884 1985 1913 ad
2007 1882 2174 1913 Christum
2201 1882 2248 1911 in—

1278 1927 1362 1967 quit:
1387 1925 1402 1955 ὃ
1425 1926 1524 1965 κύριός
1545 1938 1603 1963 μου
1623 1928 1673 1955 καὶ
1691 1925 1706 1954 o‘
1730 1925 1803 1960 θεός
1824 1937 1891 1962 μου.
2186 1943 2187 1946 =

1364 1966 1635 1998 Assuefaciamus
1668 1968 1764 2008 igitur
1797 1976 1857 1996 nos
1885 1967 1925 1996 ad
1949 1966 2169 1996 recitationem
2191 1964 2248 1995 ali-

1280 2021 1376 2050 quam
1399 2016 1430 2039 et
1452 2016 1579 2040 utamur
1601 2009 1706 2039 forma
1727 2010 1779 2048 pie
1802 2014 1834 2038 et
1856 2009 1982 2038 erudite
2005 2008 2185 2047 composita
2207 2008 2249 2037 si-

1281 2062 1322 2082 ne
1345 2052 1588 2091 superstitione,
1612 2051 1682 2080 51110
1697 2052 1737 2083 ¹⁰)
1770 2051 1888 2089 magia.
1932 2050 2007 2079 Non
2026 2048 2167 2090 hymnos
2189 2049 2250 2079 Or-

1280 2094 1355 2134 phei
1389 2100 1442 2123 aut
1472 2093 1603 2123 Homeri
1637 2099 1691 2122 aut
1717 2091 1907 2122 Callimachi
1943 2091 2137 2127 recitemus3
2182 2091 2248 2121 Sed

1282 2146 1359 2166 vero
1384 2136 1479 2166 animi
1501 2141 1590 2165 motu
1614 2133 1841 2175 confugiamus
1864 2134 1906 2164 ad
1930 2133 2036 2163 Deum
2054 2132 2172 2164 fiducia
2194 2143 2250 2173 pa·

1280 2177 1390 2208 tefacti
1425 2177 1557 2208 Christi.
1614 2176 1663 2207 Sit
1691 2177 1815 2206 directa
1842 2185 1933 2206 mens
1960 2175 2001 2205 ad
2029 2174 2118 2206 illum
2143 2175 2250 2206 Deum

1281 2226 1478 2256 creatorem,
1511 2220 1565 2259 qui
1588 2229 1624 2249 se
1654 2217 1809 2259 patefecit
1832 2219 1932 2248 misso
1956 2215 2038 2247 Filio
2061 2216 2195 2248 Christo
2218 2223 2250 2247 ct

1281 2263 1357 2292 dato
1380 2260 1561 2302 Evangelio
1585 2271 1657 2291 suo.

1363 2303 1457 2334 Multi
1490 2304 1611 2344 ignavi,
1640 2302 1819 2339 temulenti,
1842 2302 1950 2332 securi
1968 2306 2178 2332 contemnunt
2199 2310 2249 2331 re-

1281 2347 1474 2377 citationem.
1521 2346 1587 2375 Sed
1610 2345 1762 2375 hortandi
1781 2350 1855 2374 sunt
1879 2345 1932 2384 pii,
1956 2349 1991 2373 ut
2013 2353 2050 2373 se
2073 2344 2115 2374 ad
2133 2344 2249 2374 recita-

1279 2389 1397 2418 tionem
1433 2386 1584 2428 aliquam,
1614 2393 1648 2418 ut
1678 2387 1759 2424 dixi,
1781 2385 2020 2423 assuefaciant,
2044 2391 2076 2416 et
2112 2394 2249 2416 caussae

1283 2523 1327 2550 10)
1347 2523 1412 2552 sine]
1432 2523 1503 2552 cni-p.
1525 2523 1597 2545 1-8.
1620 2524 1646 2546 et
