2358 2933
213 120 275 151 439
843 118 949 148 PfflL.
970 117 1070 147 MEL.
1090 116 1274 148 sCRu’TA
1291 117 1566 150 DOGMATch.
2140 125 2202 156 440

213 210 279 242 ulla
304 212 569 250 interpretatione
599 210 737 239 retinere
768 216 915 239 conetur.
962 209 1108 240 Necesse
1130 217 1178 240 est
1202 214 1204 224 ¹

212 254 309 294 igitur
321 253 441 282 addere
462 252 772 289 interpretationem,
796 250 961 281 videlicet:
986 252 1179 282 obedientia

212 305 291 335 erga
316 292 420 331 legem
445 300 491 322 est
523 293 728 327 necessaria,
753 293 811 322 sed
835 292 900 333 legi
923 293 1108 323 addendum
1131 299 1179 323 est

212 326 427 375 Evangelium
451 335 490 364 de
512 333 655 363 (111-1510.
702 333 794 364 Prius
819 341 945 374 oportet
970 344 1031 364 nos
1050 345 1107 375 per
1126 337 1181 365 mi-

211 377 420 406 sericordiam
445 382 578 416 propter
591 375 754 405 Christum
775 375 843 406 fieri
857 375 941 406 tilios
954 376 1026 407 Dei.
1057 376 1180 407 Postea
1203 400 1205 413 ,

211 419 302 458 sequi
331 418 425 447 debet
456 418 638 447 obedientia
671 425 802 455 nostra,
835 428 919 459 quae
950 419 1104 458 quoniam
1131 425 1205 450 est¹

211 458 415 499 imperfecta,
440 469 580 498 persona
607 461 833 499 pronuntiatur
858 461 958 497 iusta,
984 461 1014 491 id
1038 468 1104 498 est,
1128 472 1181 492 ac-
1203 463 1205 477 ¹

213 507 322 540 cepta,
358 509 490 540 propter
519 500 623 537 aliud,
656 500 804 531 videlicet
836 510 970 542 propter
1004 502 1180 534 Plu-istum.

211 542 292 572 Nam
316 544 343 572 si
368 543 570 573 sentiendum
594 551 694 580 esset,
715 554 774 573 nos
797 543 868 574 Deo
892 543 1024 584 placere
1048 552 1182 585 propter

212 583 296 613 hane
319 583 536 623 impletionem
568 583 668 625 legis,
699 586 898 617 conscientia
924 587 1114 617 redderetur
1137 589 1182 617 in-

212 634 311 655 certa.
358 626 432 656 ideo
459 627 547 666 prius
570 626 656 657 aliud
682 629 818 667 proponi
843 639 982 659 necesse
1013 636 1079 665 est,
1108 640 1182 669 pro-

211 674 281 705 pter
311 669 396 707 quod
426 676 608 699 statuamus
641 671 733 699 nobis
758 669 862 700 Deum
893 672 1066 710 propitium
1096 682 1181 702 esse.

210 707 248 738 Et
273 710 347 749 quia
373 718 505 749 propter
527 710 692 742 flu-istum
717 722 857 751 persona
882 714 944 743 iam
969 712 1088 752 placet,
1112 712 1182 753 pla-

212 759 259 780 cet
285 752 380 781 etiam
406 751 487 782 haee
511 752 663 783 inchoata
689 755 884 784 obedientia.

295 792 435 824 lacobus
467 796 509 824 ait
542 795 585 834 [2.
605 796 688 834 24.]:
719 796 845 825 Videtis
874 797 989 837 igitur,
1025 797 1112 836 quod
1142 807 1182 827 ex

209 837 362 877 operibus
387 836 582 867 iustificatur
610 837 725 875 homo,
757 845 786 867 et
817 848 882 868 non
906 848 947 868 ex
979 838 1041 868 fide
1065 837 1180 869 solum.

209 880 258 910 Ac
294 881 419 910 viderur
459 880 599 909 lacobus
635 880 757 909 diserte
791 879 876 910 hanc
910 881 1105 910 sententiam
1141 891 1180 911 eo

208 921 344 955 consilio
373 923 546 962 posuisse,
587 928 619 951 111
650 922 784 952 adderet
817 921 908 952 Pauli
944 923 1037 953 dictis
1074 933 1182 953 eorre—

209 967 365 1002 ctionem,
399 971 429 994 et
463 964 649 993 emendaret
684 963 909 1001 Exclusit-am,
951 965 991 995 de
1029 975 1092 1005 qua
1129 976 1182 995 su·

209 1018 265 1049 pra
300 1008 420 1037 dictum
453 1012 514 1036 est.
571 1005 728 1046 Equidem
763 1017 827 1036 non
862 1016 934 1037 sum
962 1017 1114 1048 pugnem,
1151 1013 1182 1037 et

210 1049 301 1079 soleo
319 1047 471 1079 facillime
484 1049 668 1088 transigere
687 1059 759 1079 cum
777 1049 988 1085 adversariis,
1012 1059 1075 1079 non
1090 1059 1181 1089 pror-

209 1101 266 1122 sus
289 1092 418 1132 iniquis.
453 1090 606 1120 Libenter
629 1091 726 1131 igitur
748 1092 915 1122 assentior
927 1090 1060 1128 Iacobo,
1084 1091 1181 1121 modo

1204 959 1207 975 Ι

1204 653 1206 660 ,
1228 631 1365 661 verbum
1386 630 1564 661 iustificari.

210 1144 250 1165 ne
272 1132 473 1174 affinguntur
496 1133 523 1162 ei
554 1138 608 1162 aut
633 1133 798 1163 absurdae
827 1134 995 1173 opiniones
1025 1140 1080 1163 aut
1104 1132 1181 1164 alie-

210 1186 271 1207 nae
296 1176 488 1206 sententiae.
533 1174 602 1204 Nec
626 1185 708 1214 opus
732 1182 779 1206 est
804 1174 921 1215 procul
945 1186 1105 1216 quaerere
1136 1176 1181 1205 in-

211 1219 493 1257 teipretationem,
523 1218 594 1257 ipsa
626 1218 726 1247 verba
759 1219 971 1257 aspiciamus.
1024 1218 1059 1248 Si
1090 1218 1181 1248 laco-

210 1262 271 1290 bus
293 1259 441 1301 intelligit
467 1259 580 1295 tidem,
611 1260 756 1289 notitiam
779 1259 948 1297 historiae,
996 1260 1182 1290 uemadmo-

210 1303 284 1333 dum
307 1302 350 1332 ait
377 1302 420 1340 [2,
443 1300 522 1338 19.]:
547 1301 736 1332 Daemones
761 1303 914 1339 credunt,
938 1301 1026 1333 nula
1052 1308 1182 1332 contro·
1204 1309 1206 1348 j

209 1345 317 1375 versia
342 1351 403 1373 est.
448 1343 487 1373 Et
518 1350 586 1373 tota
616 1342 669 1374 illa
694 1344 803 1374 lacobi
832 1345 946 1375 concio
976 1343 1119 1385 loquitur
1143 1345 1205 1379 de}

209 1387 328 1416 iustitia
355 1397 498 1426 operum,
523 1396 587 1415 non
608 1386 648 1416 de
666 1387 858 1417 remissione
871 1393 1092 1427 peccatorum,
1116 1397 1182 1417 non
1203 1383 1206 1426 1

210 1430 250 1459 de
273 1426 328 1458 illo
352 1438 459 1468 agone
483 1428 721 1465 conscientiae,
751 1430 791 1459 de
815 1440 879 1469 quo
909 1429 953 1459 ait
979 1428 1087 1459 David
1112 1429 1181 1467 [Ps.
1203 1431 1205 1468 1

213 1471 283 1508 14⁶2,
295 1470 356 1509 21:
382 1470 454 1500 Non
479 1469 711 1500 iustificabitur
734 1472 765 1501 in
789 1478 969 1511 conspectu
999 1477 1053 1501 tuo
1078 1471 1182 1502 omnis
1202 1469 1205 1507 ἶ

210 1513 334 1543 xix-ens.
380 1512 463 1542 Nam
488 1511 609 1542 Paulus
640 1512 790 1554 intelligit
821 1513 918 1544 fidem
946 1512 1098 1543 fiduciam
1127 1514 1205 1543 mi-¹

210 1555 418 1590 sericordiae,
442 1565 505 1594 qua
524 1555 712 1594 accipienda
732 1562 781 1585 est
802 1556 951 1586 remissio
972 1562 1183 1595 peccatorum
1203 1536 1205 1596 i

211 1604 241 1627 et
265 1595 432 1627 liberanda
459 1598 657 1627 conscientia
683 1607 701 1627 a
721 1599 902 1628 terrom'bus
920 1599 1058 1637 peccati.
1091 1598 1204 1633 Haec}

210 1638 327 1669 fiducia
356 1649 418 1668 non
447 1645 557 1678 potest
586 1640 681 1669 tribui
710 1639 853 1670 diabolo.
906 1639 940 1670 Si
969 1641 1068 1681 igitur
1092 1640 1204 1673 laco-,

212 1683 270 1712 bus
294 1680 379 1712 aliud
403 1680 553 1721 intelligit
578 1681 692 1718 fidem,
717 1692 814 1722 quam
844 1681 987 1719 Paulus,
1017 1681 1095 1711 nihil
1119 1683 1181 1712 dis·
1203 1695 1205 1697 ·

211 1724 325 1754 sident.
361 1723 403 1752 Ut
428 1724 511 1753 enim
535 1723 675 1754 Iacobus
699 1734 771 1754 cum
795 1725 905 1754 notitia
930 1723 1099 1761 historiae,
1123 1729 1205 1765 5811,Ὶ

211 1764 427 1806 professione,
450 1766 582 1805 requirit
609 1767 693 1795 bona
719 1776 835 1806 opera;
858 1767 950 1796 sicet
964 1765 1086 1796 Paulus
1100 1767 1183 1796 inter
1202 1769 1204 1790 ³

211 1816 318 1838 cetera
349 1809 433 1837 bona
467 1818 564 1847 opera
601 1809 732 1848 requirit
766 1814 796 1838 et
832 1809 979 1839 notitiam
1012 1808 1206 1849 historiae„

211 1861 269 1880 seu
298 1848 537 1889 professionem
566 1849 779 1880 articulorum
814 1850 899 1880 fidei.
957 1850 1087 1881 Interim
1115 1848 1205 1894 alia]

211 1893 384 1931 disputatio
408 1898 475 1922 est:
500 1893 663 1931 quomodo
688 1902 931 1933 consequamur
954 1894 1182 1923 remissionem
1203 1896 1205 1930 ⁴,

212 1941 432 1973 peccatorum,
457 1945 498 1963 an
523 1940 655 1973 propter
678 1935 868 1974 dignitatem
894 1945 1027 1975 operum
1051 1940 1181 1965 nostro·
1203 1946 1205 1968 ;

1204 1053 1207 1094 ἰ

1204 1118 1207 1135 i

1227 220 1296 240 mur
1321 209 1383 240 fide
1405 218 1435 240 et
1460 212 1625 251 operibus,
1649 211 1680 241 id
1704 217 1765 248 est,
1790 218 1927 253 utraque
1949 214 2072 245 iustitia
2097 217 2200 255 requi-

1226 253 1315 283 ritur.
1362 252 1428 282 Sed
1459 254 1487 282 si
1511 254 1583 292 quis
1607 251 1751 293 affingit,
1780 254 1868 294 quod
1892 255 1989 292 tideS,
2019 256 2060 286 de
2082 267 2145 297 qua
2168 258 2200 288 in

1227 292 1329 324 Paulo
1349 300 1402 324 aut
1429 294 1550 325 Genesi
1575 294 1640 332 [15‚
1658 295 1704 332 6.]
1729 297 1850 326 mentio
1874 297 1920 333 tit,
1943 307 2009 328 non
2032 300 2136 337 prosit
2159 300 2199 330 ad

1227 336 1452 366 remissionem
1485 343 1712 376 peccatorum,
1746 338 1807 367 nisi
1841 344 1976 378 propter
2009 340 2199 379 dignitatem

1227 388 1372 418 operum.
1397 385 1552 418 quantum
1575 385 1732 419 sequatur
1755 380 1961 417 incommodi,
1984 383 2079 411 etiam
2102 388 2200 423 atque

1227 421 1324 450 etiam
1348 421 1620 451 considerandum
1646 428 1706 451 est.
1753 422 1859 451 Fiet-et
1885 423 1969 452 enim
1996 424 2122 454 incerta
2151 434 2199 454 re-

1227 463 1340 492 missio
1374 470 1599 503 peccatorum:
1633 462 1753 493 nullam
1788 463 1946 494 haberent
1980 466 2201 496 conscientiae

1228 504 1351 534 iit-mam
1387 505 1666 541 consolationcm3
1706 512 1909 536 everteretur
1943 507 2073 537 omnino
2108 507 2201 546 fides,

1228 556 1322 586 quae,
1346 557 1419 577 cum
1442 548 1552 577 nititur
1576 555 1688 578 nostra
1712 548 1879 587 dignitate,
1903 547 1938 578 fit
1953 548 2087 579 incerta.
2121 549 2201 580 Eru-

1228 589 1302 618 ditis
1337 598 1376 618 ex
1400 587 1511 628 phrasi
1542 587 1639 620 facile
1663 597 1711 620 est
1742 590 1904 626 iudicare,
1935 591 2011 630 quid
2039 591 2202 631 significet

1610 632 1691 661 Nam
1715 630 1767 662 hic
1791 632 1876 671 apud
1895 631 2048 662 iacobum
2072 643 2137 663 non
2160 634 2200 663 si-

1228 672 1357 712 gnificat
1389 674 1548 712 consequi
1577 674 1802 703 remissionem
1831 680 2042 713 peccatorum
2069 684 2130 705 seu
2152 684 2201 705 re-

1229 713 1507 749 conciliationem3
1541 715 1601 745 sed
1635 715 1864 753 iustificantur,
1892 716 1923 746 id
1949 721 2018 753 est,
2041 715 2201 747 habentes

1229 757 1325 786 tidem
1349 762 1379 786 et
1404 766 1505 795 opera
1533 756 1690 787 habemus
1720 758 1873 788 iustitiam
1903 764 2090 798 utramque,
2118 768 2202 799 quae

1228 799 1411 838 requiritur.
1446 797 1568 828 Paulus
1591 805 1699 829 autem
1721 806 1833 838 aperte
1856 800 1897 830 de
1921 801 2113 831 remissione
2125 811 2201 840 pec-

1229 841 1375 870 catorum
1399 839 1553 880 loquitur,
1578 847 1609 870 et
1633 841 1894 872 iustificationem
1918 841 2068 882 intelligit
2090 844 2201 873 remis-

1227 883 1355 912 sionem
1387 889 1599 921 peccatorum
1634 889 1663 913 81
1699 882 2013 921 reconciliationem,
2047 894 2108 915 seu
2130 895 2201 915 eam

1228 925 1503 964 acceptationem,
1538 934 1602 964 qua
1636 934 1779 964 persona
1815 934 1926 955 coram
1959 925 2032 955 Deo
2066 932 2203 966 accepta

1229 972 1297 1001 est;
1337 965 1419 996 haec
1455 972 1563 996 autem
1603 967 1794 1007 contingunt
1835 976 1894 1006 per
1933 967 2200 998 misericordiam.

1205 1006 1206 1009 ’
1227 1009 1333 1047 Spero
1358 1008 1453 1038 bonis
1476 1009 1555 1038 viris
1579 1008 1708 1038 abtutde
1731 1006 1937 1039 satisfactum
1960 1018 2035 1039 esse
2063 1009 2104 1040 de
2125 1008 2201 1040 loco

1227 1050 1348 1087 iacobi,
1371 1050 1564 1089 praesertim
1578 1060 1651 1080 cum
1674 1060 1736 1091 ego
1758 1050 1791 1079 τὸ
1804 1051 1887 1090 ῥητὸν
1908 1051 2041 1091 proprie
2063 1057 2200 1082 teneam.

1227 1090 1292 1128 1111,
1328 1093 1382 1132 qui
1405 1091 1585 1132 affingunt,
1620 1093 1708 1132 quod
1738 1093 1963 1122 remissionem
1992 1098 2201 1133 peccatorum

1228 1144 1471 1174 consequamur
1494 1140 1629 1174 propter
1660 1134 1849 1175 dignitatem
1873 1145 2026 1173 operum,
2049 1141 2081 1165 et
2104 1135 2201 1165 fidem

1205 1183 1292 1206 'non
1331 1177 1510 1215 prodesse,
1550 1177 1613 1206 nisi
1651 1182 1785 1216 propter
1825 1177 2014 1217 dignitatem
2054 1186 2201 1217 operum,

1227 1224 1364 1248 assuunt
1399 1219 1578 1248 sententias
1612 1217 1735 1248 alienas
1778 1218 1913 1255 lacobo,
1961 1219 2023 1248 imo
2057 1228 2200 1250 corrum-

1226 1266 1305 1300 punt
1330 1260 1403 1290 fidei
1428 1259 1688 1300 appellationem.
1740 1261 1823 1290 Nam
1847 1260 1946 1297 fides,
1975 1266 2010 1291 ut
2033 1261 2075 1291 sit
2099 1265 2200 1298 certa,

1227 1303 1324 1333 debet
1353 1308 1476 1332 tantum
1504 1303 1730 1333 misericordia
1754 1303 1821 1332 niti.
1866 1302 1980 1336 Qualis
2012 1301 2202 1333 carnificina

1227 1345 1285 1375 erit
1311 1345 1547 1381 conscientiae,
1577 1345 1605 1374 si
1629 1345 1677 1374 sic
1700 1344 1905 1375 sentiendum
1929 1345 2006 1374 erit:
2037 1350 2116 1375 tunc
2143 1344 2200 1375 ha-

1227 1388 1305 1417 bere
1329 1396 1390 1417 nos
1414 1387 1640 1417 remissionem
1663 1393 1886 1426 peccatorum,
1911 1397 1984 1417 cum
1997 1397 2099 1426 opera
2109 1392 2201 1417 tanto

1227 1430 1325 1469 digna
1348 1430 1508 1459 beneficio
1532 1428 1714 1459 habemus?
1759 1428 1850 1459 Haec
1868 1429 2057 1469 imaginatio
2075 1434 2107 1459 et
2125 1438 2201 1458 eon-

1226 1472 1381 1501 scientias
1406 1471 1447 1502 ad
1471 1472 1730 1511 desperationem
1753 1471 1869 1511 adigit,
1893 1477 1923 1501 et
1947 1469 2085 1512 gloriam
2107 1469 2201 1501 Chri-

1227 1515 1267 1544 sti
1291 1514 1410 1549 obruit,
1435 1519 1465 1543 et
1484 1513 1579 1543 fidem
1598 1512 1719 1551 abolet,
1743 1522 1845 1553 quare
1863 1523 1927 1543 non
1941 1518 1992 1543 est
2011 1511 2201 1554 affingenda

1227 1556 1365 1591 1acobo3
1389 1556 1448 1585 sed
1472 1562 1641 1585 teneamus
1670 1555 1702 1584 τὸ
1730 1554 1815 1595 ῥητὸν
1837 1553 2043 1594 simpliciter,
2070 1560 2107 1585 ut
2125 1554 2200 1590 dixi,

1226 1599 1297 1628 sine
1321 1597 1371 1627 his
1395 1598 1547 1627 absurdis
1572 1597 1790 1637 opinionibus.

1313 1639 1476 1680 Pleraque
1498 1639 1560 1669 alia
1580 1640 1667 1669 dicta
1681 1637 1759 1669 alibi
1777 1639 1856 1668 satis
1875 1640 2106 1679 interpretatus
2117 1648 2199 1669 sum.

1227 1682 1272 1721 [1.
1286 1682 1363 1712 Cor.
1380 1682 1430 1718 13,
1443 1682 1488 1719 2.]
1510 1681 1544 1711 Si
1558 1691 1686 1711 omnem
1704 1680 1800 1711 fidem
1819 1680 1970 1718 habeam,
1993 1680 2200 1712 dilectionem

1225 1730 1334 1755 autem
1364 1734 1429 1754 non
1452 1723 1607 1760 habeam,
1637 1721 1715 1753 nihil
1738 1733 1818 1753 sum.
1864 1722 1926 1753 Hie
1950 1722 2074 1753 Paulus
2103 1723 2200 1753 docet

1226 1767 1447 1797 necessariam
1472 1776 1546 1796 esse
1571 1764 1794 1801 dilectionem,
1818 1775 1876 1795 seu
1899 1765 2115 1795 obedientiam
2142 1774 2199 1795 no-

1226 1814 1338 1838 stram.
1385 1808 1419 1837 ld
1448 1818 1510 1848 ego
1539 1817 1668 1848 quoque
1692 1808 1754 1837 iam
1782 1807 1877 1837 toties
1901 1807 1977 1837 dixi.
2021 1805 2091 1837 Nec
2119 1816 2198 1837 vero

1227 1851 1304 1880 dicit
1326 1849 1448 1881 Paulus
1479 1851 1595 1880 remitti
1627 1856 1762 1889 peccata
1785 1854 1918 1888 propter
1946 1854 2091 1879 nostram
2121 1847 2198 1879 dile-

1227 1893 1378 1922 ctionem.

1313 1934 1404 1972 [Luc.
1417 1935 1448 1971 6,
1461 1935 1545 1973 37.:]
1570 1935 1733 1965 Remittite
1746 1941 1777 1965 et
1796 1935 1976 1965 remittetur
1993 1936 2100 1973 vobis,
2123 1944 2199 1966 con-

213 1987 291 2011 111111,
315 1987 356 2005 an
382 1986 458 2005 vcro
483 1985 540 2015 per
563 1976 842 2006 misericordiam?
876 1978 968 2007 Haec
982 1983 1031 2007 est
1043 1975 1181 2017 simplex
1202 1991 1205 2004 ι
1226 1978 1276 2007 cio
1300 1983 1349 2007 est
1369 1977 1409 2007 de
1427 1978 1636 2017 poenitentia.
1675 1977 1769 2006 Prior
1780 1987 1858 2017 pars
1878 1977 2037 2017 praecipit
2059 1978 2100 2008 de
2122 1986 2200 2018 poe-

212 2025 240 2047 81
266 2028 341 2047 νει-11
368 2019 549 2057 responsio.
595 2019 660 2049 Sed
684 2020 823 2049 morosis
840 2019 960 2049 addam
980 2026 1010 2049 et
1031 2019 1179 2049 alteram.
1202 2016 1204 2056 ξ
1226 2020 1377 2056 nitentia,
1416 2020 1559 2049 secunda
1595 2019 1687 2049 offert
1722 2020 1945 2049 remissionem
1978 2025 2198 2059 peccatorum.

211 2060 344 2089 Etiamsi
368 2060 408 2089 de
433 2060 494 2090 tide
519 2071 608 2090 more
633 2059 724 2091 Pauli
749 2060 953 2101 loqueretur,
983 2067 1091 2091 tamen
1105 2072 1180 2091 con-
1202 2061 1204 2097 i
1225 2061 1294 2091 Nec
1319 2062 1408 2091 assui
1434 2061 1548 2098 debet,
1577 2062 1663 2101 quod
1692 2062 1857 2101 contingat
1888 2063 2035 2092 remissio
2064 2067 2199 2102 propter

213 2102 310 2137 cedo,
345 2110 376 2131 ut
409 2102 471 2131 iam
501 2112 603 2142 saepe
631 2103 711 2139 dixi,
736 2110 906 2143 utramque
936 2104 1090 2134 iustitiam
1126 2114 1181 2134 ne-
1202 2124 1203 2141 i
1225 2104 1414 2143 dignitatem
1438 2110 1571 2133 nostrae
1595 2104 1861 2139 condonationis-3
1890 2104 2004 2144 Neque
2028 2104 2112 2134 enim
2134 2103 2199 2134 hoc

212 2144 389 2173 cessariam
425 2154 517 2180 esse,
555 2145 708 2174 iustitiam
739 2144 810 2174 fidei
846 2151 875 2175 et
914 2146 1069 2176 iustitiam
1104 2155 1180 2185 ope·
1201 2142 1204 2185 1
1225 2145 1377 2176 Christus
1402 2146 1488 2182 dicit,
1512 2152 1545 2176 ut
1569 2146 1600 2175 in
1624 2146 1785 2176 sententia
1810 2146 1886 2183 [les.
1902 2146 1930 2184 l,
1946 2146 2025 2183 16.]:
2048 2145 2199 2176 Desinite

212 2196 291 2215 rum.
325 2186 391 2216 sed
414 2184 497 2215 haec
520 2187 691 2225 posterior,
716 2186 864 2217 videlicet
883 2188 1003 2218 iustitia
1024 2189 1181 2218 bonorum
1201 2190 1203 2229 1
1225 2187 1308 2218 mala
1332 2186 1459 2217 fiicere:
1482 2194 1513 2217 et
1536 2189 1681 2228 sequitur
1703 2194 1818 2228 postea
1833 2189 1921 2226 [ibid.
1938 2189 1966 2225 l,
1981 2188 2059 2226 18.]:
2083 2188 2118 2218 Si
2130 2186 2198 2219 fue-

212 2237 360 2266 operum,
387 2238 449 2257 non
474 2234 520 2257 est
546 2229 684 2265 iustitia,
714 2240 799 2269 quae
822 2231 925 2269 possit
958 2231 1077 2270 opponi
1102 2230 1180 2260 iudi-
1201 2233 1204 2255 2
1224 2231 1285 2260 rint
1310 2236 1445 2269 peccata
1471 2236 1579 2259 vestra
1603 2236 1636 2259 ut
1660 2231 1828 2260 coccinum
1854 2236 1914 2260 etc.
1940 2231 2054 2261 iterum
2089 2229 2197 2261 eluen-

212 2270 261 2299 cio
301 2268 377 2305 Dei,
413 2279 471 2298 nec
499 2269 606 2308 placet
639 2271 698 2300 nisi
734 2272 764 2300 in
800 2271 1030 2302 reconciliatis.
1085 2272 1180 2302 Prius
1201 2257 1204 2314 1
1224 2279 1286 2302 tur.
1332 2272 1391 2302 Hic
1416 2279 1445 2302 et
1470 2283 1499 2302 tn
1531 2271 1688 2302 similibus
1713 2273 1807 2302 dictis
1838 2282 1900 2302 non
1932 2278 1982 2302 est
2012 2273 2121 2302 statim
2145 2281 2196 2302 as-

213 2311 307 2351 igitur
337 2313 566 2351 consequimur
590 2313 813 2343 remissionem
838 2321 1067 2352 pet-catorum,
1091 2321 1120 2345 et
1146 2314 1179 2344 fit
1201 2316 1203 2358 i
1224 2314 1392 2351 suendum,
1417 2315 1502 2354 quod
1526 2321 1659 2354 propter
1683 2321 1826 2344 nostram
1850 2315 2077 2344 contritionem
2093 2315 2196 2344 remit-

210 2362 351 2391 persona
383 2354 483 2388 iusta,
513 2355 543 2383 id
575 2361 641 2391 est,
670 2362 806 2395 accepta
837 2366 893 2395 per
924 2357 1181 2387 misericordiam
1201 2360 1203 2384 A
1225 2362 1333 2387 tantur
1366 2362 1519 2395 peccata:
1561 2357 1619 2386 sed
1660 2357 1828 2386 sciendum
1863 2362 1912 2386 est
1947 2356 2195 2395 promissionem

213 2401 345 2433 propter
368 2393 548 2430 (hristum,
574 2395 645 2431 fide,
670 2407 733 2425 non
758 2405 892 2435 propter
915 2399 1105 2437 dignitatem
1130 2408 1180 2428 se·
1225 2404 1376 2438 oportere
1402 2398 1463 2427 tide
1486 2399 1600 2437 accipi.
1631 2398 1765 2428 Gratum
1791 2405 1840 2427 est
1864 2404 1971 2427 autem
1994 2399 2025 2427 in
2049 2397 2099 2427 his
2123 2407 2195 2427 sen-

211 2436 339 2474 qucntis
353 2436 565 2465 obedientiae.
596 2435 715 2466 Postea
735 2448 813 2467 vero
837 2447 979 2477 sequens
995 2441 1180 2468 obedientia
1224 2441 1345 2475 tentiis,
1370 2441 1457 2480 quod
1481 2442 1569 2479 operi
1593 2446 1705 2470 nostro
1724 2440 1833 2469 addita
1851 2446 1900 2469 est
1920 2440 2105 2479 promissio,
2130 2449 2196 2469 non

211 2483 257 2506 est
279 2478 409 2513 institia,
434 2477 568 2513 hoc-est,
587 2477 691 2517 placet
708 2479 787 2509 Deo.
812 2474 900 2509 Nihil
914 2480 1180 2516 estincommodi,
1201 2504 1202 2512 ,
1226 2482 1313 2519 quod
1337 2492 1376 2508 ex
1402 2483 1558 2519 dignitate
1582 2483 1684 2512 nostri
1708 2482 1816 2520 operis
1836 2482 1987 2520 pendeat,
2011 2482 2070 2511 sed
2093 2488 2127 2511 ut
2138 2491 2194 2511 no-

212 2519 236 2547 si
266 2518 328 2548 hoc
359 2520 452 2549 modo
481 2520 658 2558 accipiatur
688 2521 805 2552 dictum
832 2521 997 2559 [Rom-4]
1024 2522 1180 2552 1115111103-
1225 2527 1327 2551 strum
1352 2531 1432 2560 opus
1457 2524 1497 2550 sit
1515 2525 1654 2561 signum,
1678 2530 1707 2553 et
1727 2522 1816 2553 velut
1828 2524 2085 2559 Sacramentum,
2108 2522 2194 2562 quod
