2358 2933
117 112 180 143 337

116 204 354 238 membrorum,
382 199 442 230 sed
461 199 557 229 etiam
577 198 767 239 dignitatem
785 202 817 226 et
839 195 1094 235 amplitudinem,

115 247 162 277 ita
187 251 218 275 et
241 245 303 284 ipsi
329 243 371 273 ad
399 241 588 272 methodum
617 240 799 281 adiungunt
824 237 1035 278 splendorem
1063 242 1095 267 et

115 288 225 320 lumen
248 285 422 322 orationis,
451 284 493 313 ad
515 282 745 313 illustrandam
768 292 878 312 rerum
900 279 1094 321 magnitudi-

115 341 200 367 nem,
222 334 332 359 tamen
354 326 438 356 haec
460 324 624 356 foelicitas
648 334 889 364 perpaucorum
913 328 973 353 651.
1018 321 1092 363 Ego

114 382 187 403 meo
210 380 262 401 me
285 370 369 410 pede
388 369 515 405 metior,
539 378 579 398 ac
603 368 684 397 satis
710 375 859 407 agnosco
883 367 990 401 11169),
1014 365 1094 395 divi-

114 424 191 444 nam
220 411 309 442 illam
339 411 475 441 Phidiae
504 409 641 440 formam
671 415 770 449 atque
798 408 904 439 ideam
935 406 1093 447 effingere
1119 431 1121 437 .

113 466 180 487 11011
202 464 315 495 posse,
338 464 378 484 ac
400 452 498 483 facile
520 455 628 492 patior
646 461 698 481 me
720 452 805 481 inter
828 450 1035 491 κοροπλάθους
1061 454 1093 479 61

113 499 311 529 minutorum
324 506 458 535 operum
471 493 591 535 figulos
604 493 781 530 numerari,
801 502 903 533 quare
915 492 1038 522 maiore
1052 493 1093 529 ¹⁰)

115 550 195 571 cura
223 549 263 569 ac
295 539 402 568 studio
433 536 489 567 illa
512 536 592 566 artis
616 535 757 575 vestigia
781 540 968 564 consector.
1015 534 1092 564 Scio

114 581 235 612 multos
254 581 339 612 alios
363 580 468 620 magis
489 577 646 608 delectari
664 575 776 607 liberis
790 579 831 617 ¹¹)
851 575 1093 607 declamationi-

114 625 196 661 bus,
227 630 257 654 et
288 622 350 653 has
373 622 543 662 angustias
567 619 711 650 methodi
734 618 860 660 fugere.
906 618 973 650 Sed
996 616 1094 658 pleri-

115 677 178 707 que
198 666 273 696 dum
292 665 354 695 sibi
373 663 554 704 indulgent,
579 672 680 702 saepe
704 672 724 692 a
747 671 851 702 scopo
875 661 1038 698 deerrant,
1063 665 1095 690 et

115 710 191 740 dum
213 707 315 738 multa
337 711 429 736 extra
449 715 613 742 caussam,
633 715 752 745 magna
771 714 854 734 voce
873 709 1004 740 sonant,
1027 713 1095 733 ma-

114 760 223 790 nuque
246 755 330 786 tota,
359 746 439 778 nihil
462 748 541 778 certi
560 746 719 777 lectorem
739 747 870 777 docent.
906 744 1000 776 Illam
1018 755 1094 776 vero

114 792 278 824 licentiam
301 790 504 821 Academico
527 800 618 820 more
642 790 840 829 disputandi,
866 788 1006 818 maxime
1030 788 1095 825 odi,

115 845 213 876 quam
235 833 297 865 sibi
321 838 452 864 sumunt
476 831 635 869 nonnulli,
664 833 718 872 qui
742 838 773 862 et
796 836 886 862 recte
910 831 1030 861 tradita
1052 831 1094 860 ab

115 876 187 908 aliis
207 876 411 907 calumniose
431 875 612 914 depravant
635 885 675 904 ac.
695 880 858 911 evertimt,
882 878 911 903 61
926 872 1095 913 sinelege,

115 920 187 950 sine
210 917 355 954 delectu,
384 917 456 947 51116
479 917 655 947 autoritate
678 918 801 954 veteri,
825 916 981 956 quidquid
1003 914 1095 952 libet,

116 962 237 992 dicunt.
284 960 380 995 Quod
404 960 444 989 de
467 958 608 989 Tantalo
632 959 733 999 inquit
756 958 931 998 Euripides
947 960 1003 995 ¹¹²),
1028 957 1095 987 ιῖκὸ-

116 1006 222 1034 λαστον
242 1004 309 1042 ἔσχε
328 1003 476 1041 γλῶσσαν,
496 1003 649 1040 αἰσχίστην
667 1001 761 1037 νόσον,
782 999 933 1040 profecto
952 1001 983 1030 in
1003 999 1095 1030 theo-

115 1045 195 1086 logo
225 1045 436 1084 turpissimus
469 1050 519 1073 est
553 1044 708 1080 morbus,
742 1043 874 1083 linguae
902 1041 1094 1082 petulantia.

114 1087 307 1119 Meminisse
331 1096 393 1116 nos
414 1086 521 1122 decet,
546 1095 610 1125 quo
635 1086 666 1115 in
691 1084 819 1115 theatro
844 1095 1024 1121 versemur,
1048 1085 1094 1114 iu-

116 1131 221 1161 dicem
244 1130 405 1160 habemus
425 1127 603 1165 Christum,
627 1133 834 1168 spectatores
853 1126 1016 1168 AngeIOS,
1039 1137 1094 1157 au-

116 1173 241 1204 ditores
268 1171 432 1207 infirmos,
466 1180 603 1210 quorum
633 1170 731 1200 animi
760 1168 860 1200 facile
893 1170 1093 1199 sauciantur.

115 1215 194 1246 Ideo
219 1220 251 1244 et
274 1213 468 1254 religionem
490 1222 530 1242 ac
554 1211 670 1250 fidem,
693 1222 790 1253 quam
814 1212 971 1242 debemus
994 1212 1094 1242 rebus

116 1257 234 1293 sacris,
258 1262 429 1296 praestare
448 1255 569 1290 studui,
593 1260 624 1284 et
644 1264 685 1284 ne
704 1264 757 1284 res
782 1253 903 1295 alioqui
926 1254 1094 1284 intricatas

115 1299 222 1339 magis
252 1299 348 1328 etiam
381 1295 600 1334 involverem,
631 1296 764 1326 adhibui
797 1297 1033 1336 proprietatem
1062 1296 1094 1326 in

116 1340 329 1380 explicando,
363 1344 517 1380 quantam
544 1339 646 1378 potui.
689 1338 839 1379 Eamque
868 1340 910 1369 ob
941 1348 1095 1369 caussam

115 1383 246 1414 usitatis
266 1383 298 1412 in
312 1380 467 1412 Ecclesia
491 1382 602 1412 verbis
625 1391 706 1411 usus
730 1392 813 1419 suni,
836 1387 868 1412 et
890 1381 1052 1412 interdum
1075 1391 1095 1410 a

116 1424 241 1455 scholis
269 1425 372 1455 verba
402 1424 562 1464 quaedam
592 1429 757 1454 mutuatus
790 1434 878 1461 sum,
909 1433 994 1464 quae
1019 1428 1095 1453 sunt

116 1467 336 1498 condonanda
366 1467 578 1506 temporibus·
631 1465 804 1497 Caeterum
840 1467 914 1497 dedi
948 1476 1094 1505 operam,

116 1515 151 1539 ut
174 1518 283 1539 sermo
308 1514 398 1538 esset
422 1509 628 1547 perspicuus.
668 1508 743 1539 Non
766 1509 925 1539 admiscui
949 1508 1095 1549 peregri-

115 1561 176 1581 nas
205 1551 456 1590 disputationes.
500 1550 573 1580 Etsi
599 1551 684 1581 enim
713 1552 758 1581 ita
788 1556 914 1589 statuo,
950 1560 1008 1581 eos
1040 1550 1094 1590 qui

116 1603 183 1623 non
216 1598 292 1623 sunt
326 1592 476 1622 instructi
509 1591 638 1622 liberali
673 1593 874 1630 eruditione,
912 1603 978 1623 non
1014 1593 1094 1623 satis

116 1636 254 1666 idoneos
277 1645 353 1665 esse
381 1635 423 1665 ad
454 1635 681 1674 exponendam
705 1634 876 1676 religionis
900 1635 1094 1671 doctrinam,

117 1684 150 1709 et
171 1679 205 1708 in
227 1676 396 1717 plerisque
418 1676 503 1706 locis
528 1677 689 1717 quaedam
713 1687 753 1707 ex
776 1676 851 1707 aliis
873 1676 976 1707 literis
1001 1687 1094 1707 assu-

116 1720 233 1755 menda
251 1724 338 1756 sunt,
362 1719 522 1749 interdum
542 1718 762 1749 conferendae
785 1720 946 1759 quaedam
963 1725 1095 1750 senten-

117 1763 181 1794 tiae
197 1760 368 1802 religionis
389 1772 462 1791 cum
473 1759 701 1801 Philosophia,
721 1767 829 1792 tamen
849 1768 883 1792 ut
901 1763 933 1791 in
952 1761 1025 1792 aliis
1044 1771 1093 1792 re-

116 1805 189 1842 bus,
212 1805 256 1834 ita
272 1803 326 1833 hic
343 1813 474 1843 quoque
493 1803 610 1834 modus
630 1804 837 1844 gratissimus
856 1809 916 1834 est.
950 1804 1094 1835 Adiuve-

115 1857 186 1877 mur
204 1847 245 1876 ab
263 1844 336 1881 aliis
356 1846 480 1875 artibus
498 1846 530 1875 in
549 1845 600 1875 his
616 1846 696 1885 ipsis
708 1847 808 1877 rebus
821 1845 1037 1884 illustrandis,
1060 1847 1092 1877 in

114 1888 314 1925 instituenda
337 1888 544 1924 oeconomia,
575 1898 650 1924 seu,
680 1894 713 1919 ut
737 1889 783 1918 ita
806 1889 930 1927 dicam,
964 1890 996 1919 in
1019 1890 1093 1928 ipsa

114 1930 253 1961 aedificii
271 1928 379 1961 forma
401 1928 605 1960 delineanda.
642 1930 725 1960 Nam
749 1931 871 1961 indocti
893 1941 934 1961 ne
953 1938 1094 1971 posstuit

115 1974 244 2014 quidem
259 1982 314 2003 res
329 1973 498 2003 intricatas
518 1977 593 2012 apte
612 1973 819 2010 distribuere,
839 1974 899 2004 sed
918 1984 1019 2014 saepe
1037 1974 1093 2004 mi-

115 2022 210 2046 scent
232 2025 298 2045 non
322 2014 544 2052 cohaerentia,
567 2020 623 2045 aut
645 2014 804 2047 divellunt
824 2017 1008 2053 coniuncta,
1031 2026 1092 2047 nec

114 2067 245 2098 semper
268 2057 390 2094 vident,
414 2057 490 2097 quid
513 2058 556 2087 sit
579 2058 611 2087 in
636 2059 876 2095 controversia,
900 2059 954 2089 ubi
979 2059 1092 2090 confli-

114 2101 257 2141 gendum
280 2100 331 2129 sit.
371 2099 426 2130 Ad
448 2099 532 2129 haec
555 2099 703 2141 plerique
726 2099 792 2131 loci
817 2100 994 2132 collatione
1017 2101 1092 2132 Phi-

113 2141 287 2182 losophiae
317 2141 395 2172 fiunt
427 2140 631 2172 illustriores.
676 2142 792 2184 Neque
823 2150 931 2174 tamen
955 2143 1091 2175 confun-

115 2186 223 2216 denda
253 2190 329 2214 sunt
359 2184 475 2214 artium
506 2194 647 2225 genera,
675 2196 741 2215 non
766 2187 936 2217 obruenda
960 2193 1011 2217 est
1035 2187 1091 2217 do-

116 2228 219 2257 ctrina
238 2226 426 2257 Christiana
444 2225 561 2256 alienis
581 2228 866 2267 disputationibus.
889 2228 961 2270 Ego
983 2230 1091 2267 etiam,

114 2280 155 2300 ne
178 2268 340 2309 prolixior
363 2278 488 2306 essem,
512 2270 660 2308 parcius,
691 2280 787 2310 quam
813 2270 918 2309 licuit,
949 2271 1091 2303 delibavi

132 2379 160 2407 9)
181 2378 241 2409 uie]
262 2379 303 2403 Ed.
322 2380 344 2403 5.
364 2385 413 2405 ,me

117 2430 160 2459 10)
187 2429 292 2459 maiore]
314 2429 386 2454 Editt.
408 2431 431 2454 7.
451 2430 473 2454 8.
499 2431 535 2454 11,
559 2431 596 2455 12.
618 2431 655 2455 14.
675 2433 700 2455 61
719 2431 794 2461 0pp.:
814 2433 899 2457 maiori

117 2480 160 2508 11)
188 2480 284 2510 liberis]
306 2481 348 2505 Ed.
370 2482 406 2505 11.
428 2484 453 2505 61
472 2482 531 2512 epp.
551 2482 632 2506 male:
653 2482 723 2506 libris

119 2530 160 2558 12)
187 2530 268 2560 Eurip.
288 2531 366 2555 Orest.
388 2532 425 2556 10.
444 2532 483 2556 ed.
502 2533 605 2557 Barnes.

269 2588 387 2609 numu.
408 2589 474 2609 oren.
495 2590 544 2609 vot..
566 2590 612 2610 you.

573 106 597 136 Ι.
621 105 723 136 LOCI
746 102 1026 134 THEOLOGICI:
1057 103 1095 134 C.
1121 101 1333 134 SECUNDA
1355 101 1512 132 EORUM
1530 101 1687 132 AETAS.

1121 196 1307 236 'quaedam
1342 204 1382 225 ex
1417 193 1491 225 aliis
1525 193 1639 224 literis.

2062 101 2124 132 338

1689 192 1814 223 Paulus
1850 192 1894 229 [1.
1918 191 1999 223 Tim.
2023 192 2054 229 3,
2077 193 2123 230 2]

1146 236 1215 268 mlt
1249 247 1325 274 eos,
1363 237 1417 277 qui
1451 237 1583 267 tradunt
1617 236 1799 266 doctrinam
1833 233 2014 275 religionis,
2049 244 2125 265 esse

1146 279 1349 317 διδακῑικοῦς,
1384 279 1473 320 quod
1501 278 1653 320 profecto
1684 288 1780 308 nenio
1810 281 1981 316 praestare
2014 281 2125 315 potest

1146 322 1236 352 rudis
1259 320 1395 352 aliarum
1418 320 1596 351 literarinn.
1630 320 1743 361 Itaque
1756 320 1817 349 etsi
1836 324 1912 349 sunt
1932 317 2017 348 aliae
2032 328 2125 358 prae-

1146 365 1323 394 stantiores
1347 364 1502 400 virtutes,
1531 364 1653 403 pietas,
1682 373 1764 393 usus
1793 362 1895 398 vitae,
1926 361 2126 400 experientia

1147 407 1359 437 certaminum
1380 404 1607 445 spiritualium,
1626 404 1809 444 prudentia,
1834 409 1940 433 tamen
1959 403 2126 442 impuden-

1146 455 1196 479 tes
1221 455 1295 479 511111
1319 448 1352 478 hi
1376 458 1526 488 quoque,
1550 449 1603 488 qui
1629 458 1701 477 611111
1726 457 1763 477 se
1786 446 1982 485 interpretes
2007 445 2126 475 doctri-

1146 501 1208 521 nae
1221 490 1429 521 Christianae
1448 500 1524 520 esse
1543 489 1769 530 profiteantur,
1792 498 1858 518 11011
1884 488 1963 518 dant
1981 497 2127 527 operam,

1119 540 1121 547 '
1147 539 1181 564 ut
1201 534 1378 573 adiungant
1397 531 1567 562 liberalem
1588 532 1812 568 eruditionem,
1837 540 1920 570 quae
1940 540 2005 560 non
2019 528 2127 559 solum

1147 582 1341 606 ornamento
1376 580 1428 605 cst
1457 573 1630 604 Ecclesiae
1660 573 1883 609 Christianae,
1917 572 1976 602 sed
2005 570 2128 611 aliquid

1147 618 1209 658 ipsi
1229 617 1398 647 doctrinae
1414 616 1500 647 lucis
1520 617 1619 646 addit.
1649 615 1699 646 Ac
1717 615 1814 655 plane
1827 616 1945 655 dignos
1964 614 2039 644 odio
2052 622 2129 643 esse

1148 670 1269 691 censeo
1288 659 1539 699 Anabaptistas,
1563 664 1594 689 et
1618 659 1645 688 si
1670 659 1724 698 qui
1747 656 1871 687 similes
1895 662 1981 693 sunt,
2005 656 2058 696 qui
2082 656 2128 685 in-

1148 703 1306 733 eruditam
1326 702 1490 742 quandam
1510 707 1539 731 et
1564 701 1771 731 barbaricam
1793 698 1992 740 theologiam
2015 699 2048 728 in
2066 697 2129 727 Ec-

1148 744 1284 776 clesiam
1302 743 1458 775 invehere
1479 749 1649 780 conantur,
1669 748 1699 773 et
1721 742 1923 772 contendunt
1941 739 2039 771 nullis
2057 738 2129 770 lite-

1148 789 1193 819 ris
1213 797 1295 828 opus
1316 796 1403 823 esse,
1427 796 1529 827 quare
1548 786 1655 816 onmia
1673 783 1812 815 confuse
1829 785 1899 814 sine
1918 789 1988 814 arte
2007 783 2129 820 dierunt,

1148 829 1274 861 null-„m
1298 828 1453 859 adhibent
1476 828 1677 869 antiquitatis
1702 828 1859 863 notitiam,
1883 825 2005 857 nullam
2028 824 2129 856 colla·

1150 874 1271 903 tionem
1294 883 1333 902 ex
1357 870 1430 901 aliis
1461 870 1652 911 disciplinis.
1698 869 1809 911 Atque
1832 869 1865 899 hi
1889 880 1982 899 suum
2006 867 2130 898 habent

1149 915 1321 946 theatrum.
1377 912 1508 955 Vulgus
1544 914 1629 943 enim
1667 913 1742 953 quia
1776 917 1891 942 natura
1927 911 1994 941 odit
2027 916 2127 947 arteS,

1150 958 1272 1000 gaudet
1311 966 1423 987 earum
1462 956 1653 996 dignitatem
1695 954 1828 985 elevari.
1880 954 2004 984 Verum
2044 952 2128 983 haec

1148 1000 1321 1040 persuasio
1341 1009 1406 1029 non
1425 997 1533 1029 solum
1552 996 1653 1028 officit.
1668 998 1784 1028 studiis
1802 996 1971 1027 literarum
1991 1001 2021 1026 et
2042 994 2127 1025 civili

1148 1042 1247 1078 vitae,
1272 1052 1368 1082 quam
1387 1046 1519 1071 tuentur
1538 1046 1690 1070 caeterae
1709 1046 1809 1077 artes,
1833 1040 1893 1069 sed
1916 1039 2012 1069 eiiam
2030 1042 2129 1068 nocet

1148 1083 1309 1124 religioni.
1365 1083 1450 1113 Nam
1486 1083 1624 1113 eruditio
1658 1092 1724 1112 non
1759 1081 1866 1113 50111111
1900 1081 1965 1111 1106
1999 1081 2128 1111 nomine

1148 1127 1303 1167 prodest,
1333 1126 1421 1166 quod
1444 1125 1531 1156 acuit
1554 1125 1688 1162 iudicia,
1718 1125 1805 1165 quod
1829 1125 1968 1155 docendi
1991 1122 2129 1155 formam

1148 1175 1321 1206 monstrat,
1356 1169 1415 1198 sed
1451 1168 1601 1198 conducit
1637 1168 1733 1198 etiam
1766 1168 1922 1197 moribus.
1973 1166 2059 1197 Nam
2093 1172 2127 1197 ut

1149 1212 1289 1253 quisque
1312 1210 1552 1241 eruditissimus
1576 1216 1642 1247 est,
1666 1210 1710 1240 ita
1733 1209 1981 1251 diligentissime
2006 1210 2129 1250 magni-

1148 1254 1294 1285 tudinem
1317 1263 1425 1283 rerum
1449 1253 1556 1283 animo
1580 1254 1719 1289 metitur,
1744 1253 1833 1293 (11011
1857 1263 1969 1283 curam
1990 1258 2020 1283 et
2040 1251 2129 1283 solli—

1149 1296 1323 1327 citudinem
1364 1301 1454 1326 recte
1496 1296 1635 1326 docendi
1677 1301 1784 1336 auget.
1842 1293 1967 1325 Contra
2000 1296 2129 1325 inscitia

1148 1338 1384 1379 negligentiam
1403 1339 1435 1368 in
1454 1338 1550 1368 bonis
1569 1336 1643 1376 alit,
1669 1337 1839 1368 confirmat
1860 1338 1891 1368 in
1911 1336 2005 1368 malis
2030 1339 2128 1369 auda-

1149 1383 1244 1419 ciam,
1269 1391 1333 1421 qua
1355 1379 1445 1411 nulla
1467 1381 1571 1411 maior
1595 1387 1645 1411 est
1668 1379 1842 1411 Ecclesiae
1864 1381 1978 1421 pestis.
2023 1379 2128 1411 Multo

1149 1424 1234 1454 enim
1258 1423 1475 1454 confidentius
1505 1422 1729 1454 vociferantur
1753 1430 1783 1454 61
1807 1423 2019 1463 pronuntiant
2040 1422 2128 1461 mali,

1147 1466 1203 1497 ubi
1226 1466 1434 1497 autoritatem
1457 1466 1519 1496 sibi
1539 1476 1699 1507 arrogare
1718 1466 1788 1496 sine
1808 1466 1957 1496 doctrina
1976 1471 2128 1506 possunt.

1149 1508 1260 1543 Quare
1283 1509 1369 1538 omni
1398 1509 1608 1538 contentione
1633 1519 1756 1539 censeo
1780 1509 1964 1539 incitandos
1988 1519 2064 1540 esse
2086 1508 2129 1539 ad

1148 1551 1266 1582 iustam
1297 1551 1425 1581 dicendi
1453 1552 1632 1589 rationem,
1667 1557 1699 1582 et
1733 1551 1775 1581 ad
1808 1561 1887 1583 vera
1919 1553 2027 1583 studia
2056 1563 2128 1583 cum

1148 1592 1335 1634 religionis,
1369 1600 1435 1623 tum
1458 1592 1595 1624 aliarum
1623 1595 1816 1634 optimarum
1846 1594 1978 1632 artium,
2014 1605 2127 1626 omnes

1148 1637 1204 1677 qui
1236 1634 1357 1665 utiliter
1385 1636 1512 1666 servire
1545 1634 1719 1666 Ecclesiae
1754 1637 1896 1677 cupiunt.
1947 1637 2128 1668 Invitantur

1148 1684 1256 1709 autem
1278 1678 1411 1719 ingenia
1434 1677 1611 1719 exemplis,
1641 1680 1730 1709 iuxta
1759 1678 1838 1709 illud
1862 1679 2067 1711 Hesiodium:
2087 1682 2126 1717 13)

1148 1722 1231 1758 ζηλοῖ
1255 1719 1290 1749 δέ
1317 1732 1347 1750 τε
1370 1725 1484 1759 γείτονα
1512 1725 1624 1759 γείτων.
1670 1720 1782 1762 ltaque
1810 1722 1871 1752 etsi
1899 1732 1972 1752 mea
2002 1723 2126 1763 scripta

1148 1773 1213 1792 non
1237 1768 1313 1793 sunt
1337 1761 1516 1802 perpolita,
1547 1770 1656 1794 tamen
1680 1769 1714 1794 ut
1737 1762 1816 1793 nihil
1838 1763 1926 1795 aliud
1950 1771 2126 1804 praestem,

1148 1810 1237 1836 certe
1261 1804 1435 1835 methodus
1452 1807 1490 1843 ¹⁴)
1519 1815 1653 1836 monere
1684 1805 1828 1837 lectores
1852 1813 1977 1847 potest,
2005 1808 2047 1838 ad
2070 1818 2125 1839 res

1146 1854 1256 1878 tantas
1284 1848 1498 1887 exponendas
1526 1847 1600 1878 aliis
1629 1848 1725 1878 etiam
1749 1847 1854 1879 literis¹
1878 1855 1976 1890 atque
1999 1851 2124 1881 artibus

1146 1900 1230 1930 opus
1254 1899 1340 1920 esse.
1356 1892 1396 1923 ¹5)

1232 1931 1274 1962 Ut
1306 1938 1414 1963 autem
1441 1932 1493 1962 hic
1522 1934 1773 1964 connnentarius
1798 1934 1999 1974 auspicatius
2022 1935 2124 1966 exiret

1146 1976 1177 2005 in
1207 1973 1372 2014 publicum
1382 1997 1391 2011 ,
1421 1981 1477 2005 tuo
1506 1976 1627 2006 nomini
1659 1975 1784 2017 inclyte
1808 1976 1879 2007 Rex
1911 1977 2123 2009 dedicandum

1146 2027 1221 2047 esse
1242 2018 1366 2054 censui,
1390 2018 1569 2058 praecipue
1588 2019 1629 2049 ob
1649 2018 1735 2049 hanc
1755 2029 1918 2057 caussam,
1943 2020 2030 2060 quod
2050 2031 2124 2051 611111

1146 2059 1293 2090 nonnulli
1324 2060 1440 2100 partim
1470 2060 1609 2098 indocti,
1643 2062 1761 2101 partim
1789 2062 1887 2102 iniqui
1917 2063 2013 2093 ctiam
2036 2063 2123 2103 apud

1146 2108 1279 2133 exteras
1310 2103 1461 2132 nationes
1491 2113 1691 2134 summorum
1722 2114 1836 2144 regum
1855 2105 1982 2135 animos
2000 2106 2123 2145 pariter

1146 2145 1308 2176 adversus
1332 2155 1458 2183 omnes,
1482 2146 1536 2186 qui
1559 2156 1625 2176 non
1650 2146 1790 2186 probant
1815 2147 1923 2177 onmia
1946 2146 2122 2178 monacho-

1148 2264 1190 2295 13)
1217 2264 1374 2295 Hesiodium]
1398 2264 1456 2294 Opi).
1477 2265 1638 2289 Hesiodicum
1654 2279 1685 2281 —
1705 2266 1771 2289 Haec
1795 2266 1872 2290 verba
1892 2267 2013 2296 leguntur
2030 2267 2054 2292 in
2073 2268 2120 2293 He-

1214 2298 1278 2323 siodi
1297 2298 1360 2328 Opp.
1382 2300 1407 2323 61
1424 2300 1489 2323 Dier.
1507 2305 1544 2323 rs.
1563 2300 1603 2324 23.
1622 2299 1661 2323 ed.
1683 2300 1816 2329 Goettling.

1148 2349 1190 2379 14)
1217 2349 1364 2380 methodus]
1386 2350 1462 2379 Opim:
1481 2350 1615 2374 methodos

1148 2401 1190 2429 15]
1218 2400 1288 2424 Editt.
1302 2401 1341 2424 11.
1357 2401 1393 2424 12,
1412 2402 1437 2424 61
1457 2400 1515 2430 opp.
1534 2400 1641 2425 addunt:
1661 2401 1728 2425 Vale.
1758 2402 1785 2425 Et
1804 2402 1949 2432 sequentia:
1968 2402 2015 2431 „Ut
2033 2403 2118 2426 autem

1213 2447 1243 2451 —r
1263 2447 1295 2450 —
1315 2447 1347 2450 Α
1367 2435 1436 2458 Anno
1456 2435 1618 2459 M.D.xxxv.“
1655 2441 1719 2465 quae
1744 2436 1842 2460 Henrici
1863 2436 1920 2460 vul.
1946 2436 2035 2460 laudes
2061 2442 2119 2460 con-

1214 2468 1301 2492 tinent.
1321 2468 1403 2492 001010
1424 2469 1548 2492 011111111111.
1586 2469 1635 2493 Cui·
1653 2469 1716 2493 haec
1734 2470 1858 2499 epistolae
1876 2476 1935 2499 pars
1954 2470 1978 2493 in
1998 2469 2036 2494 his
2046 2470 2117 2494 Editt.

1213 2502 1271 2525 anni
1299 2503 1368 2526 1541.
1394 2503 1488 2526 omissa
1513 2503 1559 2532 sit,
1583 2503 1607 2526 in
1632 2503 1749 2533 Prolegg.
1778 2509 1801 2532 p.
1822 2504 1879 2527 243.
1906 2504 2026 2531 diximus:
2053 2503 2117 2528 conf.

1213 2536 1290 2560 etiam
1309 2536 1412 2560 Lutiieri
1431 2537 1503 2566 epist.
1523 2536 1562 2560 611,
1582 2536 1612 2560 de
1633 2537 1714 2562 wette
1734 2538 1759 2561 T.
1779 2539 1804 2561 v.
1823 2544 1844 2567 p.
1864 2538 1919 2562 214.
1939 2538 1996 2562 217.

1932 2588 1963 2611 22
