2358 2933
252 119 310 151 183

310 430 338 447 21»

282 639 321 662 95.
341 639 362 661 11.

320 1056 345 1073 10

312 1515 342 1533 20

284 1716 323 1739 97.
343 1721 363 1738 3.

265 1749 323 1777 (51.
346 1749 380 1776 a.)

317 2092 342 2109 10

247 2483 292 2512 59)
318 2482 386 2511 (cum
404 2484 524 2509 videretis
543 2503 548 2507 .
569 2503 574 2507 .
595 2503 599 2507 .

870 113 978 144 PHIL.
998 112 1098 143 MEL.
1122 110 1304 143 SCRIPTA
1321 109 1595 142 DOGMATICA.

399 209 783 251 quodxirtutumgenera
796 203 961 235 ctformas
973 205 1211 244 distinguamus
1255 202 1411 243 Epistolis
1439 201 1531 232 Pauli
1561 203 1609 231 sic
1638 202 1855 241 opposuistis,
1887 208 1922 232 ut
1952 202 2078 243 reliqua

401 249 669 291 philosophorum
689 256 717 277 et
750 246 1024 277 scholasticormn
1042 256 1150 282 more,
1180 246 1211 275 in

399 291 540 322 morales
564 289 781 329 theologicas,
801 289 898 324 dona,
911 287 1047 325 fructus,
1061 287 1212 328 quemad-

400 334 528 364 modmn
553 332 698 371 Aquinas
724 331 845 370 ineptiit
878 341 949 359 cum
978 330 1058 359 suis.
1111 329 1213 360 Unica

400 376 479 405 tides
506 381 570 410 est,
594 384 713 403 sensus
739 372 982 402 misericordiae
1008 372 1075 408 dei,
1106 381 1189 411 quae
1210 397 1213 406 ,

399 416 538 446 onmium
564 416 723 445 bonorum
746 425 882 454 operum
910 421 941 444 et
968 412 1059 450 sons,
1092 419 1124 443 et
1148 413 1215 443 vita

399 466 427 487 ct
448 458 566 488 rectrix
586 464 645 486 est.

558 523 617 553 DE
642 521 859 553 FARITATE
883 521 937 552 ET
961 521 1050 552 SPE.

440 582 489 612 Ex
502 582 552 612 his
572 581 718 621 adparet,
737 581 900 621 quomodo
914 590 953 610 ex
966 581 1028 611 tide
1040 585 1216 610 nascantur

399 625 500 655 Amor
524 624 586 654 dci.
612 630 640 653 et
666 633 757 653 amor
776 623 923 662 proximi,
953 632 1048 663 quem
1072 632 1076 663 Ι
1101 622 1217 652 carita-

400 673 462 697 tem
494 672 622 696 vocant.
677 664 783 695 Efficit
813 666 896 694 enim
925 665 1066 705 cognitio
1095 664 1217 694 miseri-

399 709 530 739 cordiae
558 708 702 743 divinae,
731 713 762 736 ut
788 707 970 737 redametur
993 707 1084 742 deus,
1108 704 1217 742 efficit,

400 757 432 781 ut
469 760 528 779 nos
555 755 672 790 sponte
699 750 848 778 omnibus
883 749 1041 778 creaturis
1069 748 1217 778 subiicia-

399 802 481 827 mus.
505 793 557 831 qui
582 791 716 831 proximi
739 801 830 820 amor
853 794 930 819 esni

443 834 546 863 Porro
570 840 598 862 et
623 842 701 872 spes
726 832 797 862 [idei
823 842 904 871 opus
929 838 988 861 est.
1033 831 1117 862 Nam
1136 830 1217 861 fides

400 882 447 906 est
476 886 538 915 qua
573 876 675 904 verbo
699 875 856 910 creditur,
880 884 958 913 spes
982 884 1046 913 qua
1068 878 1217 913 expecta-

400 924 467 953 tur,
497 917 584 956 quod
614 926 671 956 per
695 917 828 946 verbum
851 916 1046 955 promissum
1069 921 1129 945 est.
1174 914 1217 944 Ut

400 964 607 999 expectemus
632 958 713 988 tides
738 959 827 988 verbi
851 958 901 987 dci
926 958 1010 987 tacit.
1066 957 1158 987 quta
1180 956 1216 985 il-

399 1000 455 1031 lud
480 999 562 1041 psal.
586 999 642 1030 IX.
667 1003 728 1037 ivs.
754 1000 832 1037 ll.:1
853 1000 993 1039 Sperent
1011 1000 1042 1029 in
1062 1005 1092 1029 te
1105 1008 1217 1029 omnes

401 1044 454 1083 qui
479 1048 636 1072 noverunt
660 1052 777 1071 nomen
801 1044 916 1072 tuum.l
942 1042 1015 1072 Non
1039 1047 1087 1071 est
1111 1046 1218 1071 autem

400 1094 458 1115 cur
477 1094 614 1124 separes
638 1083 775 1114 altemm
799 1085 839 1114 ab
863 1082 978 1114 altero.
1024 1083 1120 1114 Certe
1143 1094 1217 1123 pro-

400 1127 520 1157 miscue
539 1132 674 1165 usurpat
697 1126 859 1165 scriptura
883 1127 968 1165 spei,
999 1136 1037 1156 ac
1066 1126 1139 1156 fidei
1164 1136 1217 1155 ex—

400 1169 549 1209 pectandi
568 1168 747 1198 sustinendi
768 1168 937 1198 vocabula.
969 1167 1010 1198 Et
1029 1169 1112 1198 sicut
1125 1168 1218 1204 tides,

399 1217 447 1241 est
472 1211 589 1240 fiducia
607 1210 849 1240 misericordiae
868 1210 919 1240 dei
937 1211 1107 1250 gratuitae,
1127 1208 1217 1239 nullo

399 1263 532 1293 operum
560 1258 747 1282 nostrorum
776 1258 944 1292 respectu,
966 1253 1010 1282 ita
1035 1252 1039 1275 ¹
1063 1262 1140 1292 spes
1169 1257 1218 1282 est

400 1294 514 1325 salutis
546 1294 743 1334 expectatio,
766 1293 856 1324 nullo
879 1300 1067 1325 nostrorum
1090 1294 1217 1324 merito-

399 1347 470 1367 rum
499 1343 661 1376 respectu.
717 1335 815 1366 Immo
843 1346 885 1366 ne
914 1346 991 1376 spes
1021 1337 1150 1377 quidem
1178 1336 1218 1365 de

399 1379 461 1409 deo
488 1384 553 1415 est,
581 1379 611 1408 ni
641 1388 704 1407 non
735 1378 777 1407 sit
805 1378 845 1408 de
867 1379 999 1409 meritis.
1045 1378 1217 1413 Quomodo

399 1421 482 1451 enim
512 1421 551 1450 de
580 1420 802 1450 misericordia
825 1426 951 1460 sperat,
975 1422 1029 1461 qui
1052 1420 1141 1450 velut
1164 1421 1217 1450 de-

399 1463 498 1493 bitam
511 1462 579 1491 suis
592 1462 713 1491 meritis
726 1463 907 1493 mercedem
918 1463 1073 1502 postulat.
1109 1461 1196 1492 Gau·
1209 1462 1213 1497 Ι

399 1505 450 1534 det
474 1503 603 1534 adflicta
626 1504 836 1542 conscientia,
859 1505 979 1545 gaudet
995 1504 1216 1545 Evangelicus

399 1553 564 1586 peccator,
587 1545 711 1575 nullum
735 1556 809 1576 esse
820 1547 1008 1577 meritorum
1023 1552 1215 1587 respectum.

399 1589 587 1627 Indignatur
610 1587 794 1628 hypocrita,
826 1595 860 1619 ut
885 1590 926 1619 sit
949 1588 1099 1619 Christus
1122 1598 1216 1618 sean-

399 1629 507 1660 dalum
537 1630 680 1667 Iudaeis,
710 1636 741 1660 et¹
768 1630 903 1661 stultitia
926 1632 1094 1671 gentibus,
1125 1630 1216 1661 salus

399 1679 504 1702 autem
527 1678 558 1701 et
580 1673 740 1711 sapientia
762 1673 998 1703 616116111111115.1

441 1714 599 1744 Obiicitur
628 1715 666 1744 iis
690 1715 744 1754 qui
767 1715 840 1744 fidei
868 1716 1019 1745 iustitiam
1042 1715 1216 1750 vindicant,

398 1757 431 1787 id
459 1756 546 1796 quod
576 1756 606 1785 in
637 1757 746 1795 priore
774 1757 817 1786 ad
844 1756 1032 1787 Corinthios
1061 1756 1217 1796 seriptum

399 1804 459 1834 est,
481 1798 513 1827 in
536 1808 607 1837 cap.
631 1797 714 1828 XIII.
739 1801 801 1835 [νς.
825 1800 885 1836 ’2.ε]
910 1799 944 1829 Si
963 1799 1102 1829 habeam
1120 1798 1217 1828 fidem

401 1845 536 1877 tantam,
559 1849 623 1880 qua
645 1846 786 1870 montem
808 1840 1016 1878 transferam,
1040 1840 1214 1871 caritatem!

401 1888 507 1911 autem
543 1891 608 1911 non
641 1881 797 1919 habeam,
830 1882 910 1912 nihil
943 1893 1024 1914 sum.
1083 1882 1215 1917 Quaeso

400 1929 506 1953 autem
539 1933 599 1953 vos
634 1923 825 1963 Sophistae,
859 1936 918 1955 cur
951 1930 1039 1963 (cum
1062 1925 1216 1955 videretis

399 1965 583 1995 universam
611 1966 804 2005 scripturam
834 1967 865 1997 in
894 1977 933 1997 eo
971 1978 1056 2004 esse,
1090 1973 1126 1997 ut
1159 1967 1216 1996 do-

399 2013 472 2037 ceat
515 2007 755 2038 misericordiae
800 2020 882 2049 opus
934 2020 1009 2040 esse
1064 2008 1217 2039 iustifica-

398 2048 527 2085 tionem,
568 2055 597 2078 et
640 2049 775 2080 Paulum
815 2052 909 2081 toties
951 2051 1030 2083 nihil
1065 2052 1216 2082 obscuris

398 2092 506 2121 verbis
529 2091 737 2130 ingeminalre
758 2093 844 2123 hane
868 2093 972 2130 [Rom.
1000 2095 1032 2132 l,
1058 2095 1107 2124 17.
1118 2099 1140 2132 j,
1167 2094 1216 2124 lu-

399 2138 468 2162 stus
493 2143 532 2162 ex
556 2134 618 2163 fide
642 2134 729 2163 w'vit.
763 2135 842 2165 Item
866 2136 970 2172 [Rom.
995 2138 1025 2175 4,
1048 2137 1112 2174 5.]‚
1138 2136 1215 2167 Cre-

400 2175 484 2203 1161111
514 2176 544 2204 in
569 2186 640 2205 eum
665 2176 717 2216 qui
747 2177 896 2207 iustificat
934 2180 1079 2219 impium,
1122 2190 1214 2219 repu-

399 2221 484 2244 tatur
503 2216 583 2246 fides
602 2218 670 2247 eius
688 2219 727 2247 ad
747 2219 906 2249 iustitiam.
940 2221 1018 2251 Item
1038 2221 1143 2259 [Rom.
1164 2222 1213 2257 10,

400 2257 449 2286 10.
458 2261 480 2295 j,
505 2257 609 2288 Corde
622 2260 762 2290 creditur
775 2263 815 2291 ad
825 2262 1021 2301 iustitiatn,et
1030 2264 1213 2294 huiusmodi

398 2299 573 2339 111ulta.)⁴⁵⁰)
602 2301 685 2331 hanc
711 2314 805 2333 unam
828 2314 866 2333 ex
890 2305 1064 2336 Corinthiis
1087 2312 1214 2336 senten-

398 2341 484 2377 tiam,
509 2343 678 2374 universae
701 2346 902 2385 scriptulme,
926 2349 1074 2379 omnibus
1092 2349 1213 2390 ubique

620 2487 734 2516 multam
759 2488 820 2513 haec
846 2490 924 2514 verba
948 2493 1005 2520 apte
1025 2493 1094 2516 uncis
1115 2493 1210 2518 inclusa

316 2517 416 2541 exhibet
433 2518 474 2542 Ed.
496 2520 518 2543 3.

1230 2532 1235 2551 Ι

1258 246 1364 275 onmia
1387 244 1594 285 glossematis
1619 244 1832 281 excusaretis,
1855 243 1940 274 hanc
1959 250 2079 284 tempe-

1258 297 1332 316 rare
1362 286 1627 326 interpretatione
1655 284 1847 316 nolueritis?
1892 286 1963 316 Nos
1986 285 2077 317 nullo

1258 328 1458 369 glossemate
1487 338 1558 357 eam
1587 326 1843 367 simplicissime,
1871 334 1905 358 ut
1933 334 1982 358 est
2005 329 2078 359 sim-

1258 370 1433 411 plicissime
1462 370 1557 406 dicta,
1586 367 1786 400 efferelmus.
1831 369 1973 400 Primum
2000 371 2080 400 satis

1259 418 1399 448 constat,
1432 410 1569 442 Paulum
1599 421 1637 440 eo
1671 410 1747 441 loco
1781 411 1821 441 de
1855 422 1966 442 amore
1999 422 2080 453 erga

1259 454 1441 494 proximum
1474 452 1581 493 loqui,
1615 453 1666 482 cui
1695 463 1756 483 nec
1785 452 1921 483 scholae
1948 460 2080 484 vestrae

1260 496 1451 536 principium
1496 495 1733 525 iustificationis
1777 496 1931 525 tribuunt.
1997 496 2081 526 Nam

1261 543 1476 568 commentum
1497 535 1577 567 illud
1600 536 1678 567 nihil
1702 547 1823 574 moror,
1847 538 1985 568 eundem
2008 548 2082 568 esse

1262 590 1404 609 amorem
1441 579 1491 609 dei
1522 585 1553 609 et
1582 580 1729 619 proximi.
1781 579 1908 610 Deinde
1934 580 2049 621 negari
2075 587 2079 616 1

1261 632 1327 651 non
1362 627 1471 662 potest
1500 621 1576 662 quin
1611 621 1663 651 hic
1692 622 1767 652 fidei
1797 621 1994 652 vocabulum
2021 632 2082 663 pro

1263 664 1361 701 dono,
1386 674 1445 693 seu
1468 662 1623 693 facultate
1647 665 1923 704 designaudoriun
1945 664 2082 694 miracu-

1262 704 1369 735 lorum
1409 706 1588 745 usurparit,
1632 706 1664 735 id
1699 707 1786 745 quod
1820 711 1851 736 et
1880 710 1978 745 caput
2010 705 2082 735 XII.

1263 747 1306 784 [1.
1337 746 1413 777 Cor.
1447 747 1504 784 12,
1533 747 1578 784 9.]
1607 752 1759 784 testatur,
1794 748 1848 778 ubi
1876 748 1922 777 sic
1951 746 2080 787 legitur.

1262 788 1367 819 Alteri
1397 788 1479 818 fides
1508 789 1539 818 in
1567 790 1681 819 eodem
1714 788 1848 828 spilritu.
1903 789 2083 829 Receptum

1263 836 1314 860 est
1346 836 1452 860 autem
1479 840 1579 870 posse
1608 831 1703 860 etiam
1730 831 1763 861 in
1791 832 1907 871 impios
1941 831 2083 861 conferri

1262 871 1485 902 faciendorum
1507 871 1737 902 miraculorum
1755 873 1899 913 χάρισμα,
1911 883 1977 903 11011
1990 873 2083 903 aliter

1262 919 1359 953 atque
1386 913 1599 954 prophetiam,
1622 913 1805 954 linguarum
1833 915 1989 955 peritiam,
2017 914 2084 945 elo-

1264 956 1437 996 quentiam.
1454 958 1497 992 ⁶⁰)

1305 1022 1382 1053 Mea
1404 1028 1452 1053 est
1476 1023 1652 1059 sententia,
1674 1030 1710 1054 ut,
1732 1024 1869 1054 maxime
1892 1034 1957 1055 non
1980 1030 2083 1064 sepa—l

1262 1075 1316 1095 res
1339 1064 1436 1095 fidem
1454 1064 1682 1095 iustificantem
1701 1076 1721 1096 a
1739 1066 1826 1096 dono
1844 1065 2086 1103 miraculorum,

1262 1106 1401 1137 Paulmn
1422 1106 1494 1144 hic,
1522 1107 1605 1137 sicut
1629 1113 1660 1137 et
1677 1117 1761 1148 pene
1783 1108 1816 1137 in
1839 1114 1908 1138 tota
1929 1107 1987 1138 illa
2008 1107 2084 1148 Epi-

1262 1147 1360 1183 stola,
1383 1155 1513 1189 praeter
1532 1148 1637 1186 fidem,
1657 1151 1789 1190 exigere
1808 1151 1985 1180 caritatem.
2009 1150 2084 1180 Non

1262 1190 1356 1221 aliter
1375 1196 1472 1231 atque
1491 1202 1510 1221 a
1529 1191 1748 1228 credentibus,
1766 1203 1785 1222 a
1797 1192 1990 1229 iustificatis,
2003 1191 2086 1222 alias

1263 1233 1361 1274 exigit
1384 1234 1471 1263 bona
1496 1243 1595 1273 opera
1613 1234 1645 1263 in
1665 1234 1815 1264 omnibus
1827 1233 1996 1274 Epistolis.
2024 1233 2086 1264 Ta-

1263 1276 1356 1305 metsi
1368 1277 1372 1306 l
1384 1274 1449 1305 illis
1466 1274 1625 1305 fructibus
1633 1286 1692 1316 per
1710 1286 1784 1306 sese
1796 1286 1862 1306 non
1879 1281 1975 1307 vacet
1990 1276 2084 1313 fides,

1262 1323 1368 1348 tamen
1379 1318 1487 1358 exigit,
1500 1323 1635 1358 propter
1646 1318 1721 1348 fidei
1733 1323 1867 1348 nostrae
1883 1317 2085 1349 imbecillita—

1262 1365 1335 1390 tem.
1360 1359 1401 1389 Et
1424 1361 1512 1400 quod
1523 1360 1567 1391 ait
1578 1359 1657 1390 nihil
1673 1370 1747 1391 esse
1757 1371 1841 1398 eum,
1855 1361 1906 1391 cui
1925 1361 1966 1391 sit
1982 1360 2086 1391 omnis

1263 1402 1392 1432 omuino
1416 1402 1514 1440 fides,
1543 1403 1624 1433 citra
1646 1403 1831 1440 caritatem,
1861 1408 1951 1433 recte
1977 1403 2084 1433 sentit.

1263 1443 1457 1484 Quanquam
1480 1445 1564 1474 enim
1587 1443 1661 1475 sola
1683 1445 1767 1475 fides
1788 1444 1955 1482 iustificet,
1979 1450 2085 1475 tamen

1263 1491 1294 1516 et
1317 1487 1437 1516 caritas
1457 1487 1605 1527 exigitur,
1619 1489 1626 1519 1
1637 1497 1753 1527 nempe
1771 1486 1854 1527 legis
1873 1486 1978 1517 altera
1995 1497 2085 1526 pars,

1262 1528 1303 1558 ad
1326 1528 1418 1558 Rom.
1442 1528 1526 1558 XIII.
1552 1531 1616 1566 [vs.
1642 1529 1723 1567 10.:]
1748 1529 1831 1559 Tota
1854 1528 1908 1564 lex
1931 1529 2086 1569 repetitur

1260 1571 1294 1599 in
1328 1570 1407 1607 hoc,
1442 1569 1539 1610 dilige
1572 1572 1755 1610 proximum
1789 1571 1872 1601 sicut
1905 1576 1936 1600 te
1969 1571 2085 1610 ipsum.

1260 1612 1336 1642 Non
1358 1612 1511 1642 iustificat
1533 1617 1641 1642 autem
1665 1613 1795 1649 caritas,
1820 1622 1858 1642 eo
1882 1613 1970 1652 quod
1988 1621 2084 1642 nemo

1262 1653 1393 1694 diligat,
1428 1659 1583 1694 quantum
1617 1655 1722 1684 debet.
1790 1654 1887 1685 Fides
1920 1653 2084 1691 iustificat,

1262 1706 1347 1736 quae
1386 1696 1610 1726 misericordia
1650 1697 1716 1733 dei,
1760 1705 1827 1726 non
1866 1706 1927 1726 suo
1969 1695 2084 1726 merito

1263 1738 1347 1767 fidit.
1375 1739 1417 1774 ⁶¹)
1438 1746 1443 1766 1

2174 114 2236 146 184

2145 373 2175 391 20

2119 631 2160 661 97,
2178 632 2202 656 b.

2160 1067 2186 1085 10

2156 1277 2182 1296 1⁵

2152 1487 2183 1506 20

1305 1795 1464 1836 Superest
1486 1796 1596 1827 Iacobi
1619 1796 1780 1827 sententia
1803 1796 1846 1834 [2,
1872 1797 1952 1835 17.2]
1987 1796 2085 1827 Fides
2127 1798 2168 1827 98,
2178 1803 2201 1822 ³-

1262 1837 1332 1867 sine
1365 1839 1519 1877 operibus
1554 1845 1682 1869 mortua
1715 1844 1775 1869 est.

1260 1879 1326 1910 ille.
1376 1880 1460 1910 Nam
1483 1891 1540 1911 eos
1569 1880 1792 1921 reprehendit,
1815 1881 1869 1921 qui
1898 1881 2084 1911 iudicabant

1261 1922 1449 1953 historicam
1473 1924 1655 1963 opinionem
1679 1923 1719 1953 de
1731 1922 1862 1954 Christo
1882 1922 1978 1953 fidem
1997 1932 2082 1953 esse.

1260 1963 1440 2004 Propterea
1463 1965 1510 1995 sic
1525 1973 1529 2001 1
1543 1971 1577 2003 ut
1595 1964 1718 1996 Paulus
1737 1965 1833 1996 aliam
1857 1965 1964 1996 fictam
1988 1963 2084 1996 fidem

1261 2140 1307 2171 60)
1330 2142 1354 2165 111
1379 2147 1458 2171 marg.
1478 2142 1549 2166 Editt.
1577 2143 1599 2164 1.
1620 2144 1642 2167 2.
1664 2143 1699 2167 7⁴:

1330 2175 1424 2200 multas
1443 2175 1557 2200 fecimus.

1259 2225 1305 2255 61)

1830 1839 1921 1869 Beue
1954 1839 2084 1879 quidem
2102 1831 2166 1861 (51,
2183 1831 2220 1860 b·)

2151 1967 2165 1986 5

1725 2143 1807 2167 1131111.
1821 2142 1866 2167 Vll.
1893 2142 1933 2171 111,
1944 2143 2045 2167 1101111116
2064 2145 2108 2167 tuo
2126 2142 2232 2167 virtutes

1329 2226 1371 2250 Ed.
1391 2227 1413 2250 7.
1432 2227 1494 2255 (Fol.
1514 2226 1600 2253 Lxm.
1619 2234 1645 2251 a.
1663 2227 1704 2251 lin.
1722 2227 1826 2255 6-16.)
1844 2227 1868 2251 h.
1888 2226 1904 2250 l.
1924 2226 1995 2250 addit
2011 2226 2090 2250 haec:
2109 2225 2171 2255 Quid
2190 2232 2233 2250 au-

1328 2262 1394 2290 tem,
1419 2260 1484 2290 quod
1504 2260 1568 2284 inter
1588 2261 1648 2287 tria.
1675 2260 1764 2290 11116111,
1784 2266 1864 2290 spem,
1884 2262 1909 2284 et
1928 2259 2074 2289 caritatem,
2094 2260 2231 2284 maximam

1327 2295 1458 2318 caritatem
1477 2300 1535 2318 esse
1556 2294 1630 2318 dicit?
1648 2294 1766 2320 Primum.
1785 2296 1812 2318 ut
1830 2294 1939 2318 maxime
1960 2293 2081 2318 donarem
2093 2299 2151 2318 eum
2162 2292 2232 2318 Pauli

1328 2328 1410 2351 locum
1430 2328 1460 2351 116
1480 2334 1565 2352 amore
1586 2328 1626 2352 1161
1645 2328 1735 2357 exponi
1754 2328 1858 2356 debere,
1871 2327 2094 2357 permitteremque
2108 2332 2230 2356 3111016111,

1328 2362 1449 2385 maiorem
1468 2368 1526 2385 esse
1546 2362 1609 2387 fide.
1634 2368 1684 2386 11011
1709 2362 1792 2386 statim
1821 2362 2031 2391 consequeretur,
2051 2367 2100 2385 nou
2121 2366 2179 2385 esse
2199 2365 2230 2384 ex.

1326 2395 1376 2419 11116
1395 2396 1522 2419 iustitiam.
1550 2396 1599 2419 Sed
1613 2396 1717 2420 Paulum
1736 2395 1797 2419 satis
1817 2395 1923 2424 adparet
1941 2395 2026 2424 11116111,
2045 2400 2127 2424 spem,
2146 2395 2172 2418 et
2189 2400 2230 2418 ca-

1326 2428 1426 2453 ritatem
1446 2430 1511 2453 inter
1529 2435 1556 2454 se
1576 2435 1654 2458 penes
1674 2429 1771 2453 fructus
1791 2429 1913 2452 conset-re
1949 2429 2010 2453 Nam
2038 2429 2071 2452 ibi
2092 2428 2122 2452 de
2142 2426 2230 2452 iustifi-

1325 2462 1423 2486 catione
1442 2469 1491 2486 non
1510 2463 1618 2487 disserit.
1636 2463 1746 2492 Amplior
1764 2464 1849 2486 autem
1868 2462 1967 2491 caritas,
1987 2464 2012 2486 et
2029 2462 2087 2492 plus
2101 2462 2229 2486 fructuum

1324 2496 1375 2519 sert
1392 2497 1508 2521 caeteris.
1544 2497 1605 2521 Nam
1626 2496 1684 2520 fidei
1702 2502 1758 2520 cum
1778 2496 1825 2520 deo
1844 2502 1885 2520 res
1905 2498 1958 2524 est,
1978 2495 2077 2521 caritati
2098 2500 2153 2520 cum
2172 2500 2230 2525 pro·

1324 2529 1399 2559 1111110,
1418 2531 1456 2554 cui
1475 2536 1520 2559 per
1538 2535 1615 2559 opera
1634 2530 1752 2554 servitur.
