2358 2933
109 157 171 190 193

261 255 393 283 terram,
417 255 500 285 opus
525 251 586 275 etc.
621 250 656 275 ut
675 254 716 275 ex
738 243 998 274 Deuteronomio
1029 243 1085 273 ad-

260 381 343 411 stro,
365 373 531 414 principes
555 372 669 409 vestri,
692 377 725 401 et
748 371 863 406 tribus,
883 380 923 400 ac
941 369 1084 400 maiores

593 152 616 182 Ι.
636 151 736 183 LOCl
759 149 1033 181 THEOLOGICI:
1056 151 1096 181 B.
1120 150 1261 181 PRIMA
1283 149 1440 181 EORUM
1463 149 1622 182 AETAS.

2058 150 2118 182 194

508 286 537 317 X
799 285 838 316 10
918 284 934 315 l
1108 267 1110 311 Ἰ
1131 244 1213 278 Quis
1237 244 1322 274 enim
1345 244 1475 284 ignorat
1498 242 1666 284 vulgatam
1691 252 1732 273 ex
1758 241 1885 273 Galatis
1913 243 1956 280 [5‚

285 302 291 309 ·
441 311 448 318 .
586 288 646 316 ‚⁶3
698 290 730 315 ⁷.
765 308 772 315 .
859 304 895 307 —
938 284 984 314 a:
1022 294 1084 314 vos

260 296 356 363 ἓξὲξ
377 287 616 361 ῗιῆἕόἰὲοιιιιῇηί
641 290 761 359 goliad?
779 328 911 358 domino
939 288 1002 357 ‹le‹]›
1028 336 1083 357 ve·
1108 315 1111 352 l

1108 367 1163 400 ffet
1199 369 1357 400 vilissima
1393 369 1489 400 fuerit
1525 368 1662 400 libertas
1694 369 1895 407 Christiana,
1927 376 1959 400 et

170 428 199 445 20
260 418 356 453 natu,
375 422 473 456 atque
493 416 660 450 doctores,
680 414 785 443 omnis
808 411 951 453 populus
970 410 1086 448 Israel,
1108 426 1110 452 ἶ

1133 285 1197 323 13.]
1217 285 1432 316 sententiam?
1452 285 1560 316 Liberi
1574 286 1666 322 estis,
1680 290 1896 316 veruntamen
1916 294 1958 315 ne

1131 328 1214 358 detis
1234 327 1419 358 libertatem
1451 329 1711 367 occasionein‘39)
1730 329 1830 357 carni.
1855 326 1955 358 Immo
2025 329 2055 347 ²0

1131 411 1305 453 plusquam
1329 413 1491 449 servitus,
1518 413 1545 442 si
1570 411 1661 442 solas
1683 412 1879 442 cerimonias
1899 411 1959 442 tol-

260 459 356 490 liberi
380 464 410 489 et
430 467 551 488 uxores
570 462 717 492 vestrae,
744 462 775 486 et
797 455 946 485 advenae
965 454 1020 494 qui
1039 460 1085 484 te·
1108 455 1110 489 ζ
1131 454 1189 486 lat.
1208 460 1335 494 partem
1352 453 1437 495 legis
1457 456 1599 485 omnium
1611 453 1764 484 facillime
1777 454 1959 485 ferendam.

262 513 335 533 cum
357 506 529 531 morantur
546 500 579 530 in
598 499 735 535 castris,
765 498 912 538 exceptis
936 495 1027 533 lixis,
1051 502 1087 527 ut

261 551 411 575 transeas
430 544 462 573 in
481 541 615 572 foedere
638 541 760 571 domini
784 540 835 570 dei
858 540 915 576 tui,
934 544 964 569 et
984 540 1016 569 in
1039 539 1086 568 iu-

260 586 436 617 reiurando
463 584 553 625 quod
576 583 676 614 hodie
700 583 852 613 dominus
875 583 1016 622 pereutit
1040 587 1087 611 te-

260 640 344 667 cum,
366 628 368 639 ¹
388 633 423 658 ut
441 627 579 657 suscitet
597 632 630 656 te
648 626 711 655 sibi
730 626 762 655 in
783 624 951 665 populum,
972 630 1002 654 et
1015 624 1087 663 ipse

260 672 303 702 sit
327 671 478 701 dominus
497 675 593 705 tuus,
619 669 704 698 sicut
723 667 855 698 locutus
875 673 924 697 est
945 667 1001 697 tibi
1022 673 1085 696 etc.

261 713 387 744 Contra
412 721 534 742 novum
558 716 806 747 testamentum,
833 720 900 739 non
918 708 1006 740 aliud
1025 714 1087 745 est,

260 755 325 786 nisi
354 755 516 785 bonorum
547 754 691 782 omnium
721 752 899 793 promissio
930 753 1011 782 citra
1040 750 1087 781 le-

173 808 186 826 5
261 807 347 839 gem,
370 795 462 827 nullo
485 795 488 807 ¹
507 796 702 825 iustitiarum
715 801 904 831 nostrarum
920 800 1086 835 respectu.

260 839 375 870 Veteri
396 843 594 869 testamento
615 838 890 878 promittebantur
910 838 1007 870 bona.
1027 837 1088 866 sed

261 880 357 912 simul
386 881 581 922 exigebatur
616 890 636 910 a
671 879 795 920 populo
820 879 905 921 legis
930 878 1087 919 impletio.

259 924 370 961 Novo,
395 924 628 963 promittuntur
647 923 734 953 bona
755 923 836 953 citra
856 922 1088 959 conditionem,

261 976 335 997 cum
356 964 438 996 nihil
461 976 480 995 a
498 966 595 996 nobis
616 966 760 995 vicissim
779 966 940 1006 exigatur.
978 964 1089 1005 Atque

173 1019 199 1036 ιο
260 1008 314 1039 hic
332 1008 425 1039 vides
449 1017 534 1048 quae
559 1008 561 1018 '
580 1009 621 1037 sit
641 1006 820 1047 amplitudo
841 1008 983 1048 gratiae,
1004 1015 1089 1048 quae

261 1052 304 1081 sit
320 1050 566 1080 misericordiae
585 1050 715 1079 divinae
733 1048 962 1090 prodigalitas.
1009 1049 1089 1078 Bre-

260 1094 344 1123 viter
363 1101 447 1132 quae
465 1092 507 1121 sit
529 1090 703 1133 Evangelii
724 1091 848 1133 gloria,
876 1102 949 1122 cum
973 1092 1087 1133 gratis,

259 1133 351 1165 nullo
365 1139 500 1164 nostrae
512 1134 666 1171 iustitiae,
684 1140 874 1164 nostrorum
890 1143 1026 1174 operum
1038 1144 1088 1164 re-

260 1182 378 1218 spectu
401 1175 541 1207 salutem
564 1177 675 1206 donat.
710 1176 763 1207 An
781 1186 849 1206 non
868 1175 1029 1207 exclamet
1049 1177 1089 1207 de

173 1228 200 1247 ιθ
261 1225 351 1251 tanta
375 1218 569 1260 profusione
589 1219 722 1259 gra¹tiae
749 1225 865 1259 pectus
891 1219 1089 1249 humanum?

261 1261 344 1297 Quis
363 1262 476 1292 credat
494 1261 571 1292 huic
589 1262 722 1291 auditui.
762 1261 869 1302 Atque
892 1261 956 1292 hoc
976 1262 1089 1292 discri-

260 1314 334 1335 men
363 1305 487 1334 veteris
518 1314 558 1334 ac
586 1305 663 1334 novi
693 1305 879 1334 testamenti
908 1304 1089 1335 Hieremias

261 1357 333 1388 cap.
371 1346 492 1377 XXXI.
532 1346 664 1377 indicat.
728 1346 826 1381 Quod
861 1353 895 1377 ut
927 1347 1089 1389 cognosci

261 1389 382 1420 certius
412 1389 537 1430 possit,
564 1390 605 1420 de
634 1389 854 1430 abrogatione
881 1388 966 1431 legis
986 1390 1089 1420 disse—

259 1432 397 1463 rendum
415 1437 475 1462 est.
502 1431 504 1441 '

169 1477 199 1496 ²⁰
302 1474 345 1505 Et
364 1485 437 1505 cum
459 1473 545 1515 legis
564 1480 633 1504 tres
655 1479 768 1514 partes
786 1475 863 1512 sint,
890 1484 1090 1515 exequamur

124 1528 179 1557 (55,
207 1528 242 1557 a.)
261 1522 422 1558 quatenus
441 1516 594 1558 singulae
616 1518 618 1527 ¹
637 1517 703 1547 sint
721 1518 917 1558 abrogatae.
936 1527 1090 1557 praeser-

261 1562 317 1591 tim
348 1569 422 1590 cum
445 1569 512 1590 non
542 1559 716 1589 videantur
752 1560 869 1590 eodem
900 1561 1089 1601 antiquatae

262 1602 372 1633 modo.
416 1601 458 1631 Et
477 1611 662 1632 consensus
682 1602 881 1641 scriptorum
893 1603 1031 1633 obtinuit
1042 1603 1089 1632 iu—

264 1643 392 1675 dicialia
419 1650 452 1674 et
477 1642 698 1674 cerimonialia
724 1642 925 1675 exolevisse.
949 1644 1090 1675 Moralia

263 1689 393 1717 no‘vata
412 1696 498 1717 esse.
543 1685 615 1716 Nos
634 1686 676 1716 de
694 1685 874 1717 moralibus
886 1688 1025 1726 primum
1043 1688 1089 1717 di-

264 1739 387 1760 cemus.

306 1771 392 1802 Esse
420 1771 587 1811 antiquata
614 1780 702 1801 novo
734 1776 932 1802 testamento
960 1778 1089 1811 partem

262 1813 359 1854 legiS,
388 1823 486 1854 quam
505 1811 713 1853 decalogum,
739 1822 800 1843 seu
823 1820 1002 1854 praecepta
1020 1824 1089 1844 mo-

263 1855 345 1887 ralia
363 1862 495 1887 vocant.
538 1855 680 1886 Primum
698 1855 762 1886 hoc
781 1857 911 1896 probat,
930 1857 1019 1897 quod
1039 1865 1089 1886 ex¹

178 1901 192 1919 ⁵
259 1898 424 1930 Hieremia
450 1897 589 1928 relatum
615 1904 666 1928 est
689 1898 722 1928 in
742 1897 931 1939 ¹Epistolam
957 1899 998 1929 ad
1024 1898 1088 1929 He-

263 1942 401 1979 braeos,
429 1941 485 1971 ubi
510 1946 686 1971 caussatur
704 1941 877 1981 propheta,
896 1941 970 1972 ideo
991 1942 1088 1971 abro-

263 1984 406 2025 gandam
430 1993 507 2014 esse
528 1982 637 2025 legem
661 1984 830 2021 divinitus,
853 1984 942 2025 quod
965 1985 1088 2014 irritam

263 2026 380 2058 fecerit
404 2025 558 2066 populus.
603 2026 678 2056 Non
705 2032 813 2057 autem
832 2027 865 2057 in
890 2027 1087 2058 cerimonias

263 2075 388 2099 tantum
417 2069 567 2109 peccavit
596 2067 710 2106 Israel,
741 2070 801 2099 sed
830 2070 863 2099 in
893 2068 1089 2110 decalogum

178 2123 204 2140 10
265 2121 424 2142 summam
444 2112 447 2123 ¹
466 2112 575 2151 potius
614 2110 698 2151 legis
736 2118 879 2151 partem,
919 2117 954 2142 ut
989 2118 1089 2143 vocat

266 2153 418 2184 Christus
441 2155 474 2184 in
492 2152 683 2194 Evangelio.
730 2154 809 2184 Item
829 2165 902 2184 cum
926 2154 1087 2194 propheta

264 2206 386 2226 novum
422 2202 552 2235 pactum
582 2195 725 2236 appellat
754 2196 981 2238 Evangelium.
1007 2198 1087 2228 anti-

266 2239 359 2279 quari
378 2239 475 2269 sentit
498 2244 609 2276 vetus,
640 2245 675 2269 ut
704 2245 821 2270 auctor
850 2239 1020 2280 Epistolae
1046 2241 1086 2271 ad

264 2281 437 2311 Hebraeos
458 2288 714 2322 argumentatur,
735 2283 865 2317 dicens.
890 2293 1013 2314 novum
1032 2294 1087 2314 ve-

173 2334 200 2352 15
266 2324 383 2354 teravit
401 2324 503 2363 prius.
549 2324 602 2354 Ad
620 2324 802 2355 Hebraeos
822 2325 907 2356 Vill.
933 2327 995 2363 [vs.
1022 2326 1086 2364 13.]

266 2372 299 2397 et
310 2367 352 2396 ad
363 2366 502 2397 Timoth.
522 2366 545 2396 Ι.
565 2367 607 2405 [l.
620 2366 700 2398 'lim.
715 2367 744 2405 l,
761 2367 792 2398 9.
803 2370 825 2406 ε]
846 2368 934 2399 lusto
952 2378 1019 2399 non
1039 2374 1091 2399 est

265 2407 320 2439 lex
339 2410 457 2449 posita.
487 2409 559 2440 Hoc
579 2420 683 2450 genus
702 2409 803 2441 multa
822 2417 909 2449 sunt,
929 2417 959 2442 et
978 2413 1010 2442 in
1022 2411 1089 2442 Ro-

266 2453 369 2483 manis
406 2458 438 2483 et
473 2453 505 2483 in
536 2452 674 2490 Galatis,
702 2451 862 2484 libertatis
892 2455 1088 2486 testimonia.

127 639 182 664 106,
202 639 223 661 b.

129 1698 184 1725 107,
205 1703 227 1721 a.

114 2588 159 2617 58)
185 2588 274 2618 xxm]
293 2589 329 2613 sic
347 2589 452 2619 scripsi3
471 2589 543 2614 Editt.
564 2591 585 2614 1.
605 2591 628 2614 2.
647 2590 732 2614 mate:
750 2590 851 2615 XXXIX.

268 2646 386 2667 MELANTE.
401 2647 468 2667 oren.
482 2648 532 2667 vol..
547 2648 597 2667 xxc

1133 496 1214 531 Quis
1242 498 1326 527 enim
1349 507 1415 526 non
1436 506 1538 537 pecus
1558 501 1694 533 mactet,
1714 497 1840 527 minore
1858 507 1961 537 nego·

1132 540 1188 576 tio,
1208 549 1305 579 quam
1323 539 1402 575 irae,
1421 540 1536 576 amori,
1557 539 1560 550 ¹
1580 544 1635 569 aut
1653 538 1812 569 similibus
1833 549 1873 570 cu
1881 539 1961 579 pidi-

1131 582 1253 612 tatibus
1282 582 1430 620 imperet.
1481 581 1631 611 Necesse
1656 587 1707 611 est
1731 582 1841 622 itaque
1864 581 1961 612 fateri

1133 623 1330 664 decalogum
1349 624 1446 653 etiam
1465 624 1666 664 antiquatum
1685 633 1771 653 esse.

1176 666 1302 697 Licebit
1332 666 1430 706 igitur
1459 666 1605 706 quidvis,
1629 675 1751 696 necare
1769 667 1932 697 insontes.
1954 670 1959 697 Ι

1133 709 1284 749 peierare
1304 708 1389 739 eta?
1407 707 1532 738 Eadem
1551 709 1700 748 quaestio
1721 709 1808 747 apud
1820 707 1962 738 Paulum
2034 719 2046 737 ⁵

1135 757 1185 782 est
1204 751 1321 781 Roma.
1340 750 1396 780 Vl.
1418 753 1480 787 [vs.
1503 750 1655 787 15.1cum
1673 751 1788 791 inquit.
1836 750 1871 781 Si
1893 751 1963 791 qui-

1134 795 1208 825 dem
1226 804 1292 824 non
1312 803 1425 823 sumus
1439 792 1601 834 sublege,
1621 794 1834 832 peccabimus
1856 793 1963 834 ergo?

1134 836 1194 867 Est
1214 842 1322 867 autem
1340 835 1476 866 libertas
1496 836 1527 865 in
1549 846 1601 871 eo,
1622 836 1710 876 quod
1730 836 1778 866 ius
1800 845 1896 866 omne
1915 834 1962 866 le-

1136 880 1167 920 gi
1188 884 1335 918 ereptum
1354 883 1406 908 est
1425 878 1618 915 adcusandi,
1635 888 1674 908 ac
1694 879 1869 910 damnandi
1889 889 1962 909 nos.

1135 920 1303 952 Maledicit
1321 920 1376 951 lex
1398 928 1401 939 ¹
1422 931 1481 951 eos
1501 921 1555 961 qui
1574 931 1639 951 non
1652 922 1841 951 nniversam
1853 920 1964 963 legem
2038 932 2063 950 xo

1136 963 1239 994 semel
1264 962 1479 994 absolverint.
1531 963 1575 993 At
1601 964 1758 994 universa
1776 962 1831 994 lex
1850 974 1962 995 nonne

1136 1016 1297 1036 summum
1316 1015 1462 1036 amorem
1482 1016 1563 1046 erga
1582 1006 1689 1043 deum,
1711 1005 1961 1037 vehementissi-

1136 1059 1222 1079 mum
1241 1054 1362 1078 metum
1382 1048 1433 1078 dei
1454 1048 1582 1089 exigit?
1608 1058 1627 1078 a
1652 1049 1777 1089 quibus
1798 1058 1873 1079 cum
1891 1054 1962 1079 tota

1136 1096 1253 1121 natura
1272 1091 1314 1120 sit
1333 1089 1545 1127 alienissima,
1564 1096 1598 1120 ut
1617 1091 1760 1121 maxime
1780 1090 1960 1130 pulcherri-

1135 1144 1222 1163 mum
1240 1132 1494 1172 pharisaismum
1515 1134 1750 1172 'praestemus,
1763 1132 1964 1164 maledictio·
2028 1146 2057 1164 1⁵

1136 1176 1186 1206 nis
1195 1181 1305 1206 tamen
1312 1176 1360 1206 rei
1370 1185 1494 1205 smnus.
1508 1173 1588 1205 Eam
1596 1175 1964 1218 iiialetlictiolienilegiS‚

1136 1219 1168 1249 id
1180 1219 1230 1248 ius
1239 1216 1324 1259 legis
1333 1216 1466 1248 sustulit
1475 1216 1639 1249 Christus.
1649 1225 1683 1249 ut
1691 1229 1878 1260 quanquam
1888 1229 1964 1259 pec-

1137 1262 1277 1298 caveris,
1285 1271 1472 1302 quanquam
1480 1261 1544 1291 iam
1550 1271 1638 1292 nunc
1647 1267 1820 1302 peccatum
1826 1260 1964 1299 habeas,

1137 1310 1188 1334 est
1207 1304 1292 1334 enim
1305 1303 1460 1334 utendum
1473 1314 1625 1334 sermone
1637 1305 1833 1343 scripturae,
1855 1310 1967 1335 tamen

1137 1345 1250 1377 salms
1258 1347 1366 1385 sis.⁷⁰)
1379 1345 1454 1376 Vim
1464 1364 1466 1373 ι
1478 1347 1603 1383 mortis,
1619 1347 1684 1377 vim
1696 1348 1837 1386 peccati,
1849 1352 1964 1386 portas
2034 1357 2064 1375 ⁴20

1136 1388 1232 1420 inferi
1252 1389 1362 1419 Sanso
1391 1394 1507 1420 noster
1531 1388 1668 1430 effregit.
1715 1389 1787 1419 Hoc
1810 1388 1891 1419 illud
1909 1395 1961 1420 est

1138 1432 1226 1473 quod
1256 1432 1297 1462 ad
1328 1430 1465 1462 Galatas
1497 1431 1540 1470 [3,
1572 1431 1635 1471 13.]
1660 1430 1782 1462 Paulus
1813 1432 1938 1462 scribit.
1964 1431 1967 1440 ⁴

1138 1474 1290 1505 Christus
1309 1484 1371 1504 nos
1391 1475 1529 1505 redemit
1548 1475 1589 1505 de
1607 1473 1781 1505 maledicto
1801 1474 1897 1516 legis,
1916 1473 1964 1505 fa·
1984 1476 2044 1505 (56.
2064 1476 2102 1505 b.)

1139 1523 1210 1548 etus
1230 1527 1290 1557 pro
1316 1518 1412 1547 nobis
1436 1516 1654 1548 maledictum.
1677 1517 1680 1528 '
1727 1517 1805 1548 Item
1826 1516 1912 1554 [Gal.
1932 1517 1964 1554 4,
1987 1527 2041 1553 108.
2060 1532 2083 1551 a.

1137 1561 1194 1598 4.],
1214 1560 1278 1590 Ubi
1298 1560 1386 1590 venit
1406 1558 1574 1599 plenitudo
1594 1561 1763 1599 temporis,
1782 1560 1869 1590 misit
1882 1560 1964 1590 deus

1138 1601 1237 1632 filium
1256 1612 1363 1639 suum,
1382 1602 1505 1633 factum
1524 1613 1565 1633 ex
1585 1601 1736 1640 muliere,
1756 1601 1879 1632 factum
1901 1603 1964 1632 sub

1136 1644 1230 1685 lege,
1250 1651 1283 1675 ut
1304 1655 1363 1675 eos
1375 1667 1384 1681 ‚
1404 1646 1459 1685 qui
1478 1646 1540 1675 sub
1559 1644 1636 1685 lege
1655 1651 1759 1682 erant,
1779 1646 1963 1675 redimeret.

1136 1687 1177 1717 Et
1190 1686 1305 1717 Roma.
1326 1687 1382 1716 Vl.
1403 1691 1467 1724 [Vx-s,
1488 1688 1568 1725 14.:1
1589 1679 1769 1718 Peccatum
1786 1688 1882 1718 vobis
1895 1698 1965 1718 non

1138 1729 1375 1759 do'minabitur.
1420 1730 1494 1760 Non
1513 1731 1598 1760 enim
1617 1731 1679 1760 sub
1698 1729 1775 1772 lege
1788 1730 1881 1767 estis,
1900 1731 1963 1761 sed
2039 1741 2052 1758 s

1139 1773 1200 1801 sub
1221 1772 1336 1813 gratia.
1367 1771 1478 1812 Atque
1496 1772 1581 1803 haec
1600 1774 1763 1803 securitas
1784 1778 1844 1809 est,
1865 1783 1961 1813 quam

1138 1815 1221 1845 adeo
1259 1813 1357 1853 pleno
1395 1824 1471 1851 ore,
1500 1824 1662 1855 nusquam
1691 1824 1758 1845 non
1789 1814 1961 1845 celebrant

1138 1855 1331 1896 prophetae.
1351 1855 1438 1887 nulla
1459 1867 1524 1887 non
1544 1858 1690 1896 potentia
1707 1856 1792 1898 legis
1813 1857 1961 1896 superio-

1139 1909 1192 1929 res
1213 1909 1290 1929 esse
1310 1909 1389 1937 eos,
1415 1900 1469 1940 qui
1493 1906 1570 1929 sunt
1588 1901 1619 1929 in
1640 1899 1789 1930 Christo.
1815 1898 1880 1929 hoc
1900 1905 1961 1936 est,

1136 1942 1266 1972 tametsi
1290 1942 1461 1982 peccaris,
1480 1942 1608 1972 tametsi
1632 1942 1757 1972 habeas
1777 1948 1960 1981 peccattun,
2035 1951 2060 1970 ιο

1137 1984 1283 2015 damnari
1303 1994 1370 2014 non
1389 1994 1502 2024 posse.
1548 1984 1641 2014 quta
1665 1983 1762 2021 illud,
1789 1984 1961 2024 Absorpta

1136 2033 1187 2057 est
1206 2037 1296 2057 mors
1327 2028 1358 2057 in
1390 2027 1539 2057 victoria.
1578 2028 1633 2057 ubi
1656 2033 1707 2057 est
1737 2037 1827 2057 mors
1858 2027 1961 2057 victo-

1137 2070 1185 2100 ria
1203 2070 1280 2099 tua‘.2
1298 2075 1360 2099 etc.
1406 2069 1498 2100 Haec
1517 2068 1675 2100 inculcari
1688 2069 1884 2100 Christianis
1905 2070 1959 2099 de-

1136 2113 1259 2143 bebant
1283 2123 1356 2142 cum
1376 2122 1506 2152 semper
1525 2111 1623 2145 alias.
1648 2118 1714 2142 tum
1733 2112 1873 2142 maxime
1892 2121 1959 2142 mo-

1136 2156 1263 2191 rituris,
1294 2155 1412 2195 quibus
1442 2154 1525 2185 haec
1546 2160 1549 2170 ¹
1568 2165 1632 2185 una
1660 2153 1805 2185 anchora
1830 2152 1956 2194 reliqua
2031 2165 2056 2182 με

1136 2204 1197 2235 est,
1216 2208 1295 2228 vere
1315 2207 1423 2234 sacra,
1442 2203 1475 2227 ut
1494 2198 1672 2237 proverbio
1693 2198 1755 2227 dici
1775 2196 1874 2227 solet.
1898 2196 1956 2226 At-

1136 2251 1199 2281 que
1229 2239 1312 2271 haec
1342 2240 1479 2270 libertas
1510 2246 1575 2277 est,
1612 2250 1708 2280 quam
1738 2238 1808 2269 fere
1838 2239 1959 2280 ubique

1136 2282 1258 2313 Paulus
1289 2283 1470 2322 praedicat.
1527 2282 1730 2313 Cet-imonias
1751 2282 1805 2312 vix
1825 2291 1890 2312 uno
1911 2286 1957 2311 at-

1136 2336 1200 2368 gue
1219 2325 1323 2356 altero
1343 2324 1419 2356 loco
1438 2326 1577 2367 attingit.
1621 2325 1692 2355 Nec
1716 2324 1803 2355 aliud
1829 2330 1880 2355 est
1898 2334 1956 2354 no-

1987 549 2041 577 107.
2062 549 2083 573 b.

1136 2472 1182 2503 69)
1203 2471 1375 2502 occasionem]
1394 2471 1435 2496 Ed.
1455 2472 1476 2495 7.
1495 2471 1519 2495 in
1539 2470 1706 2495 occasionem.

1137 2524 1182 2553 70)
1202 2523 1249 2553 sis]
1268 2523 1304 2547 sic
1321 2524 1390 2547 recte
1410 2522 1452 2546 Ed.
1474 2523 1507 2552 1,;
1534 2521 1577 2546 Ed.
1595 2521 1617 2546 2.
1648 2528 1676 2546 es
1696 2522 1783 2552 [quam
1803 2521 1937 2546 lectionem
1957 2521 2032 2545 etiam
2052 2521 2113 2550 Spa-

1204 2557 1298 2582 latinus
1317 2557 1342 2582 in
1360 2556 1567 2586 interpretatione
1585 2561 1700 2585 german.
1719 2555 1848 2585 exprimit:
1872 2553 1949 2585 „Quin
1969 2554 2014 2584 bnfi
2035 2553 2063 2578 ob
2082 2554 2113 2578 bu

1206 2589 1283 2622 glun-b
1298 2590 1424 2623 getimbiqt
1441 2588 1500 2619 beist,
1520 2603 1551 2607 --
1569 2590 1600 2614 bu
1617 2587 1719 2616 britnod>
1738 2588 1796 2619 (filia
1815 2587 1915 2619 bist-¹⁴}

1877 2641 1907 2665 13
