<?xml version="1.0" encoding="UTF-8"?>
<!DOCTYPE html PUBLIC "-//W3C//DTD XHTML 1.0 Transitional//EN"
    "http://www.w3.org/TR/xhtml1/DTD/xhtml1-transitional.dtd">
<html xmlns="http://www.w3.org/1999/xhtml" xml:lang="en" lang="en">
 <head>
  <title>
</title>
<meta http-equiv="Content-Type" content="text/html;charset=utf-8" />
  <meta name='ocr-system' content='tesseract 3.04.00' />
  <meta name='ocr-capabilities' content='ocr_page ocr_carea ocr_par ocr_line ocrx_word'/>
</head>
<body>
  <div class='ocr_page' id='page_1' title='image "./operaquaesupersu21melauoft/operaquaesupersu21melauoft_0056.png"; bbox 0 0 2358 2933; ppageno 0'>
   <div class='ocr_carea' id='block_1_1' title="bbox 246 1400 332 1429">
    <p class='ocr_par' dir='ltr' id='par_1_1' title="bbox 246 1400 332 1429">
     <span class='ocr_line' id='line_1_1' title="bbox 246 1400 332 1429; baseline 0 -5"><span class='ocrx_word' id='word_1_1' title='bbox 246 1400 283 1428; x_wconf 77' lang='lat'><strong>(2,</strong></span> <span class='ocrx_word' id='word_1_2' title='bbox 297 1400 332 1429; x_wconf 85' lang='grc'><strong>1).)</strong></span> 
     </span>
    </p>
   </div>
   <div class='ocr_carea' id='block_1_2' title="bbox 251 1787 274 1815">
    <p class='ocr_par' dir='ltr' id='par_1_2' title="bbox 251 1787 274 1815">
     <span class='ocr_line' id='line_1_2' title="bbox 251 1787 274 1815; baseline 0 0"><span class='ocrx_word' id='word_1_3' title='bbox 251 1787 274 1815; x_wconf 71' lang='grc'><strong>3,</strong></span> 
     </span>
    </p>
   </div>
   <div class='ocr_carea' id='block_1_3' title="bbox 296 439 320 456">
    <p class='ocr_par' dir='ltr' id='par_1_3' title="bbox 296 439 320 456">
     <span class='ocr_line' id='line_1_3' title="bbox 296 439 320 456; baseline -0.083 0"><span class='ocrx_word' id='word_1_4' title='bbox 296 439 320 456; x_wconf 82' lang='grc'><strong>10</strong></span> 
     </span>
    </p>
   </div>
   <div class='ocr_carea' id='block_1_4' title="bbox 293 645 318 664">
    <p class='ocr_par' dir='ltr' id='par_1_4' title="bbox 293 645 318 664">
     <span class='ocr_line' id='line_1_4' title="bbox 293 645 318 664; baseline -0.04 0"><span class='ocrx_word' id='word_1_5' title='bbox 293 645 318 664; x_wconf 72' lang='grc'><strong>15</strong></span> 
     </span>
    </p>
   </div>
   <div class='ocr_carea' id='block_1_5' title="bbox 287 896 317 912">
    <p class='ocr_par' dir='ltr' id='par_1_5' title="bbox 287 896 317 912">
     <span class='ocr_line' id='line_1_5' title="bbox 287 896 317 912; baseline -0.067 0"><span class='ocrx_word' id='word_1_6' title='bbox 287 896 300 912; x_wconf 71' lang='lat'><strong>‘2</strong></span> <span class='ocrx_word' id='word_1_7' title='bbox 304 896 317 911; x_wconf 84' lang='grc'><strong>0</strong></span> 
     </span>
    </p>
   </div>
   <div class='ocr_carea' id='block_1_6' title="bbox 281 1027 305 1044">
    <p class='ocr_par' dir='ltr' id='par_1_6' title="bbox 281 1027 305 1044">
     <span class='ocr_line' id='line_1_6' title="bbox 281 1027 305 1044; baseline 0 0"><span class='ocrx_word' id='word_1_8' title='bbox 281 1027 305 1044; x_wconf 87' lang='grc'><strong>10</strong></span> 
     </span>
    </p>
   </div>
   <div class='ocr_carea' id='block_1_7' title="bbox 285 1226 310 1244">
    <p class='ocr_par' dir='ltr' id='par_1_7' title="bbox 285 1226 310 1244">
     <span class='ocr_line' id='line_1_7' title="bbox 285 1226 310 1244; baseline 0.04 -1"><span class='ocrx_word' id='word_1_9' title='bbox 285 1226 310 1244; x_wconf 71' lang='grc' dir='ltr'><strong>Ιδ</strong></span> 
     </span>
    </p>
   </div>
   <div class='ocr_carea' id='block_1_8' title="bbox 294 1786 316 1809">
    <p class='ocr_par' dir='ltr' id='par_1_8' title="bbox 294 1786 316 1809">
     <span class='ocr_line' id='line_1_8' title="bbox 294 1786 316 1809; baseline -0.045 0"><span class='ocrx_word' id='word_1_10' title='bbox 294 1786 316 1809; x_wconf 92' lang='grc'><strong>1).</strong></span> 
     </span>
    </p>
   </div>
   <div class='ocr_carea' id='block_1_9' title="bbox 848 136 1584 169">
    <p class='ocr_par' dir='ltr' id='par_1_9' title="bbox 848 136 1584 169">
     <span class='ocr_line' id='line_1_9' title="bbox 848 136 1584 169; baseline -0.001 -1"><span class='ocrx_word' id='word_1_11' title='bbox 848 138 957 169; x_wconf 85' lang='lat' dir='ltr'><strong>PHIL.</strong></span> <span class='ocrx_word' id='word_1_12' title='bbox 981 137 1082 168; x_wconf 81' lang='lat' dir='ltr'>MEL.</span> <span class='ocrx_word' id='word_1_13' title='bbox 1105 137 1289 169; x_wconf 79' lang='lat' dir='ltr'>SCRIPTA</span> <span class='ocrx_word' id='word_1_14' title='bbox 1310 136 1584 169; x_wconf 81' lang='lat' dir='ltr'><strong>DOGMATlCA.</strong></span> 
     </span>
    </p>
   </div>
   <div class='ocr_carea' id='block_1_10' title="bbox 372 229 1197 936">
    <p class='ocr_par' dir='ltr' id='par_1_10' title="bbox 372 229 1197 936">
     <span class='ocr_line' id='line_1_10' title="bbox 377 229 1196 268; baseline 0 -10"><span class='ocrx_word' id='word_1_15' title='bbox 377 232 552 258; x_wconf 63' lang='lat' dir='ltr'><strong>sanorum.</strong></span> <span class='ocrx_word' id='word_1_16' title='bbox 585 234 748 262; x_wconf 78' lang='lat' dir='ltr'><strong>Quantum</strong></span> <span class='ocrx_word' id='word_1_17' title='bbox 772 231 855 259; x_wconf 82' lang='lat' dir='ltr'><strong>enim</strong></span> <span class='ocrx_word' id='word_1_18' title='bbox 878 231 918 259; x_wconf 78' lang='lat' dir='ltr'><strong>ab</strong></span> <span class='ocrx_word' id='word_1_19' title='bbox 939 229 1034 259; x_wconf 82' lang='lat' dir='ltr'><strong>huius</strong></span> <span class='ocrx_word' id='word_1_20' title='bbox 1058 229 1196 268; x_wconf 85' lang='lat' dir='ltr'><strong>puritate</strong></span> 
     </span>
     <span class='ocr_line' id='line_1_11' title="bbox 377 269 1196 309; baseline 0 -9"><span class='ocrx_word' id='word_1_21' title='bbox 377 271 494 300; x_wconf 84' lang='lat' dir='ltr'><strong>absunt</strong></span> <span class='ocrx_word' id='word_1_22' title='bbox 520 271 740 300; x_wconf 74' lang='lat' dir='ltr'><strong>commentarii</strong></span> <span class='ocrx_word' id='word_1_23' title='bbox 750 271 764 299; x_wconf 68' lang='grc' dir='ltr'><strong>’ἰ</strong></span> <span class='ocrx_word' id='word_1_24' title='bbox 807 270 839 300; x_wconf 91' lang='lat' dir='ltr'><strong>lu</strong></span> <span class='ocrx_word' id='word_1_25' title='bbox 864 270 925 301; x_wconf 85' lang='lat' dir='ltr'><strong>huc</strong></span> <span class='ocrx_word' id='word_1_26' title='bbox 948 269 1027 300; x_wconf 80' lang='lat' dir='ltr'><strong>nihil</strong></span> <span class='ocrx_word' id='word_1_27' title='bbox 1050 271 1196 309; x_wconf 81' lang='lat' dir='ltr'><strong>reperias</strong></span> 
     </span>
     <span class='ocr_line' id='line_1_12' title="bbox 378 310 1197 352; baseline 0.001 -11"><span class='ocrx_word' id='word_1_28' title='bbox 378 322 440 341; x_wconf 88' lang='lat' dir='ltr'><strong>nou</strong></span> <span class='ocrx_word' id='word_1_29' title='bbox 464 319 647 351; x_wconf 70' lang='lat' dir='ltr'><strong>augustum.</strong></span> <span class='ocrx_word' id='word_1_30' title='bbox 672 313 702 341; x_wconf 91' lang='lat' dir='ltr'><strong>in</strong></span> <span class='ocrx_word' id='word_1_31' title='bbox 726 310 800 343; x_wconf 74' lang='grc'><strong>11115,</strong></span> <span class='ocrx_word' id='word_1_32' title='bbox 825 322 920 352; x_wconf 89' lang='lat' dir='ltr'><strong>quam</strong></span> <span class='ocrx_word' id='word_1_33' title='bbox 945 311 1047 342; x_wconf 88' lang='lat' dir='ltr'><strong>multa</strong></span> <span class='ocrx_word' id='word_1_34' title='bbox 1071 322 1154 352; x_wconf 84' lang='lat' dir='ltr'><strong>quae</strong></span> <span class='ocrx_word' id='word_1_35' title='bbox 1177 322 1197 342; x_wconf 84' lang='lat' dir='ltr'><strong>a</strong></span> 
     </span>
     <span class='ocr_line' id='line_1_13' title="bbox 378 352 1196 392; baseline 0.004 -12"><span class='ocrx_word' id='word_1_36' title='bbox 378 352 601 392; x_wconf 66' lang='lat' dir='ltr'><strong>philosophia.</strong></span> <span class='ocrx_word' id='word_1_37' title='bbox 631 354 671 382; x_wconf 86' lang='lat' dir='ltr'><strong>ab</strong></span> <span class='ocrx_word' id='word_1_38' title='bbox 696 352 856 383; x_wconf 83' lang='lat' dir='ltr'><strong>humanae</strong></span> <span class='ocrx_word' id='word_1_39' title='bbox 887 355 1019 384; x_wconf 84' lang='lat' dir='ltr'><strong>rationis</strong></span> <span class='ocrx_word' id='word_1_40' title='bbox 1047 354 1196 383; x_wconf 86' lang='lat' dir='ltr'><strong>aestima-</strong></span> 
     </span>
     <span class='ocr_line' id='line_1_14' title="bbox 377 395 1195 435; baseline 0 -11"><span class='ocrx_word' id='word_1_41' title='bbox 377 396 463 424; x_wconf 67' lang='grc' dir='ltr'><strong>110111ι</strong></span> <span class='ocrx_word' id='word_1_42' title='bbox 478 395 630 433; x_wconf 73' lang='lat' dir='ltr'><strong>pendent.</strong></span> <span class='ocrx_word' id='word_1_43' title='bbox 649 405 732 434; x_wconf 85' lang='lat' dir='ltr'><strong>quae</strong></span> <span class='ocrx_word' id='word_1_44' title='bbox 742 406 813 425; x_wconf 73' lang='lat' dir='ltr'><strong>rum</strong></span> <span class='ocrx_word' id='word_1_45' title='bbox 828 396 945 426; x_wconf 77' lang='lat' dir='ltr'><strong>iudicio</strong></span> <span class='ocrx_word' id='word_1_46' title='bbox 955 397 1089 435; x_wconf 86' lang='lat' dir='ltr'><strong>spiritus</strong></span> <span class='ocrx_word' id='word_1_47' title='bbox 1104 406 1195 435; x_wconf 89' lang='lat' dir='ltr'><strong>pror-</strong></span> 
     </span>
     <span class='ocr_line' id='line_1_15' title="bbox 377 436 1195 477; baseline 0.004 -13"><span class='ocrx_word' id='word_1_48' title='bbox 377 447 498 466; x_wconf 46' lang='grc'><strong>505161</strong></span> <span class='ocrx_word' id='word_1_49' title='bbox 531 436 686 465; x_wconf 79' lang='lat' dir='ltr'><strong>dianwtro</strong></span> <span class='ocrx_word' id='word_1_50' title='bbox 717 444 871 477; x_wconf 85' lang='lat' dir='ltr'><strong>puguant.</strong></span> <span class='ocrx_word' id='word_1_51' title='bbox 917 438 990 467; x_wconf 88' lang='lat' dir='ltr'><strong>Non</strong></span> <span class='ocrx_word' id='word_1_52' title='bbox 1021 438 1069 467; x_wconf 87' lang='lat' dir='ltr'><strong>sic</strong></span> <span class='ocrx_word' id='word_1_53' title='bbox 1099 437 1195 467; x_wconf 86' lang='lat' dir='ltr'><strong>detri—</strong></span> 
     </span>
     <span class='ocr_line' id='line_1_16' title="bbox 377 477 1195 518; baseline 0.002 -11"><span class='ocrx_word' id='word_1_54' title='bbox 377 485 485 507; x_wconf 65' lang='lat' dir='ltr'><strong>verant</strong></span> <span class='ocrx_word' id='word_1_55' title='bbox 524 477 555 506; x_wconf 76' lang='lat' dir='ltr'><strong>u)</strong></span> <span class='ocrx_word' id='word_1_56' title='bbox 587 477 708 515; x_wconf 73' lang='grc' dir='ltr'><strong>ψυχικὸν</strong></span> <span class='ocrx_word' id='word_1_57' title='bbox 734 480 931 518; x_wconf 71' lang='lat' dir='ltr'><strong>scriptores,</strong></span> <span class='ocrx_word' id='word_1_58' title='bbox 961 485 994 509; x_wconf 91' lang='grc'><strong>111</strong></span> <span class='ocrx_word' id='word_1_59' title='bbox 1026 477 1104 508; x_wconf 82' lang='lat' dir='ltr'>nihil</span> <span class='ocrx_word' id='word_1_60' title='bbox 1134 479 1195 509; x_wconf 87' lang='lat' dir='ltr'><strong>nisi</strong></span> 
     </span>
     <span class='ocr_line' id='line_1_17' title="bbox 376 518 1194 561; baseline 0.002 -14"><span class='ocrx_word' id='word_1_61' title='bbox 376 519 555 556; x_wconf 62' lang='grc' dir='ltr'><strong>ιιι-ειψιιιικιὲ</strong></span> <span class='ocrx_word' id='word_1_62' title='bbox 580 521 753 559; x_wconf 82' lang='lat' dir='ltr'><strong>spirarent.</strong></span> <span class='ocrx_word' id='word_1_63' title='bbox 782 520 829 550; x_wconf 76' lang='lat' dir='ltr'><strong>Ex</strong></span> <span class='ocrx_word' id='word_1_64' title='bbox 855 522 1010 561; x_wconf 79' lang='lat' dir='ltr'><strong>Origene,</strong></span> <span class='ocrx_word' id='word_1_65' title='bbox 1034 521 1061 550; x_wconf 83' lang='lat' dir='ltr'><strong>si</strong></span> <span class='ocrx_word' id='word_1_66' title='bbox 1085 518 1194 557; x_wconf 86' lang='lat' dir='ltr'><strong>tollas,</strong></span> 
     </span>
     <span class='ocr_line' id='line_1_18' title="bbox 377 560 1194 603; baseline 0.002 -13"><span class='ocrx_word' id='word_1_67' title='bbox 377 562 588 591; x_wconf 70' lang='lat' dir='ltr'><strong>inconcinnas</strong></span> <span class='ocrx_word' id='word_1_68' title='bbox 618 560 816 601; x_wconf 72' lang='lat' dir='ltr'><strong>allegorias,</strong></span> <span class='ocrx_word' id='word_1_69' title='bbox 842 568 871 592; x_wconf 81' lang='lat' dir='ltr'><strong>et</strong></span> <span class='ocrx_word' id='word_1_70' title='bbox 896 561 1194 603; x_wconf 78' lang='lat' dir='ltr'><strong>philosophicamm</strong></span> 
     </span>
     <span class='ocr_line' id='line_1_19' title="bbox 377 602 1194 643; baseline 0.002 -12"><span class='ocrx_word' id='word_1_71' title='bbox 377 604 610 633; x_wconf 73' lang='lat' dir='ltr'><strong>sententiarum</strong></span> <span class='ocrx_word' id='word_1_72' title='bbox 641 603 787 643; x_wconf 50' lang='lat' dir='ltr'><strong>sylvam,</strong></span> <span class='ocrx_word' id='word_1_73' title='bbox 816 604 1005 643; x_wconf 82' lang='lat' dir='ltr'><strong>quantulum</strong></span> <span class='ocrx_word' id='word_1_74' title='bbox 1037 605 1097 634; x_wconf 83' lang='lat' dir='ltr'><strong>erit</strong></span> <span class='ocrx_word' id='word_1_75' title='bbox 1120 602 1194 633; x_wconf 88' lang='lat' dir='ltr'><strong>reli-</strong></span> 
     </span>
     <span class='ocr_line' id='line_1_20' title="bbox 373 644 1193 687; baseline 0.001 -13"><span class='ocrx_word' id='word_1_76' title='bbox 373 655 469 685; x_wconf 91' lang='lat' dir='ltr'><strong>quum</strong></span> <span class='ocrx_word' id='word_1_77' title='bbox 478 644 492 674; x_wconf 68' lang='grc' dir='ltr'><strong>’ἒ</strong></span> <span class='ocrx_word' id='word_1_78' title='bbox 515 644 554 673; x_wconf 76' lang='lat' dir='ltr'><strong>Et</strong></span> <span class='ocrx_word' id='word_1_79' title='bbox 579 651 685 674; x_wconf 90' lang='lat' dir='ltr'><strong>tamen</strong></span> <span class='ocrx_word' id='word_1_80' title='bbox 696 644 972 676; x_wconf 68' lang='lat' dir='ltr'><strong>inunctam-torem</strong></span> <span class='ocrx_word' id='word_1_81' title='bbox 986 656 1103 687; x_wconf 82' lang='lat' dir='ltr'><strong>magno</strong></span> <span class='ocrx_word' id='word_1_82' title='bbox 1118 656 1193 675; x_wconf 84' lang='lat' dir='ltr'><strong>con—</strong></span> 
     </span>
     <span class='ocr_line' id='line_1_21' title="bbox 375 687 1193 727; baseline 0.005 -13"><span class='ocrx_word' id='word_1_83' title='bbox 375 697 476 716; x_wconf 68' lang='lat' dir='ltr'><strong>sensu</strong></span> <span class='ocrx_word' id='word_1_84' title='bbox 500 693 680 726; x_wconf 80' lang='lat' dir='ltr'><strong>sequuntur</strong></span> <span class='ocrx_word' id='word_1_85' title='bbox 704 688 833 723; x_wconf 74' lang='lat' dir='ltr'><strong>Graeci,</strong></span> <span class='ocrx_word' id='word_1_86' title='bbox 858 694 888 717; x_wconf 85' lang='lat' dir='ltr'><strong>et</strong></span> <span class='ocrx_word' id='word_1_87' title='bbox 921 699 960 718; x_wconf 81' lang='lat' dir='ltr'><strong>ex</strong></span> <span class='ocrx_word' id='word_1_88' title='bbox 984 687 1110 725; x_wconf 86' lang='lat' dir='ltr'><strong>latinis,</strong></span> <span class='ocrx_word' id='word_1_89' title='bbox 1139 688 1193 727; x_wconf 86' lang='lat' dir='ltr'><strong>qui</strong></span> 
     </span>
     <span class='ocr_line' id='line_1_22' title="bbox 375 727 1193 760; baseline 0.001 -3"><span class='ocrx_word' id='word_1_90' title='bbox 375 728 525 758; x_wconf 69' lang='lat' dir='ltr'><strong>videntur</strong></span> <span class='ocrx_word' id='word_1_91' title='bbox 549 738 623 758; x_wconf 61' lang='lat' dir='ltr'><strong>csse</strong></span> <span class='ocrx_word' id='word_1_92' title='bbox 647 727 829 760; x_wconf 74' lang='lat' dir='ltr'><strong>columnae.</strong></span> <span class='ocrx_word' id='word_1_93' title='bbox 855 729 1048 759; x_wconf 73' lang='lat' dir='ltr'><strong>Ambrosius</strong></span> <span class='ocrx_word' id='word_1_94' title='bbox 1073 729 1193 759; x_wconf 77' lang='grc'><strong>611116-</strong></span> 
     </span>
     <span class='ocr_line' id='line_1_23' title="bbox 375 769 1192 811; baseline 0.002 -13"><span class='ocrx_word' id='word_1_95' title='bbox 375 779 541 809; x_wconf 61' lang='lat' dir='ltr'><strong>ronymus.</strong></span> <span class='ocrx_word' id='word_1_96' title='bbox 588 769 665 799; x_wconf 72' lang='lat' dir='ltr'><strong>Post</strong></span> <span class='ocrx_word' id='word_1_97' title='bbox 690 770 750 799; x_wconf 72' lang='lat' dir='ltr'><strong>hos</strong></span> <span class='ocrx_word' id='word_1_98' title='bbox 781 769 850 800; x_wconf 76' lang='lat' dir='ltr'><strong>sere</strong></span> <span class='ocrx_word' id='word_1_99' title='bbox 885 782 949 810; x_wconf 86' lang='lat' dir='ltr'><strong>quo</strong></span> <span class='ocrx_word' id='word_1_100' title='bbox 980 772 1118 811; x_wconf 84' lang='lat' dir='ltr'><strong>quisque</strong></span> <span class='ocrx_word' id='word_1_101' title='bbox 1143 780 1192 800; x_wconf 89' lang='lat' dir='ltr'><strong>re-</strong></span> 
     </span>
     <span class='ocr_line' id='line_1_24' title="bbox 375 812 1192 852; baseline 0.002 -12"><span class='ocrx_word' id='word_1_102' title='bbox 375 812 500 840; x_wconf 83' lang='lat' dir='ltr'><strong>centior</strong></span> <span class='ocrx_word' id='word_1_103' title='bbox 524 818 585 843; x_wconf 78' lang='lat' dir='ltr'><strong>cst.</strong></span> <span class='ocrx_word' id='word_1_104' title='bbox 610 821 649 841; x_wconf 80' lang='lat' dir='ltr'><strong>eo</strong></span> <span class='ocrx_word' id='word_1_105' title='bbox 673 819 721 841; x_wconf 81' lang='lat' dir='ltr'><strong>est</strong></span> <span class='ocrx_word' id='word_1_106' title='bbox 747 812 949 849; x_wconf 82' lang='lat' dir='ltr'><strong>insincerior‚</strong></span> <span class='ocrx_word' id='word_1_107' title='bbox 966 813 1192 852; x_wconf 77' lang='lat' dir='ltr'><strong>degeneravit-</strong></span> 
     </span>
     <span class='ocr_line' id='line_1_25' title="bbox 375 852 1191 893; baseline 0.002 -12"><span class='ocrx_word' id='word_1_108' title='bbox 375 862 438 891; x_wconf 80' lang='lat' dir='ltr'><strong>que</strong></span> <span class='ocrx_word' id='word_1_109' title='bbox 462 853 590 882; x_wconf 75' lang='lat' dir='ltr'><strong>tandem</strong></span> <span class='ocrx_word' id='word_1_110' title='bbox 614 852 783 893; x_wconf 70' lang='lat' dir='ltr'><strong>disciplina</strong></span> <span class='ocrx_word' id='word_1_111' title='bbox 807 853 993 884; x_wconf 50' lang='lat' dir='ltr'><strong>christiana</strong></span> <span class='ocrx_word' id='word_1_112' title='bbox 1015 853 1191 884; x_wconf 68' lang='grc'><strong>1115611013.-</strong></span> 
     </span>
     <span class='ocr_line' id='line_1_26' title="bbox 372 893 1191 936; baseline 0.005 -14"><span class='ocrx_word' id='word_1_113' title='bbox 372 893 612 934; x_wconf 59' lang='grc' dir='ltr'><strong>5111τ115’1111ς115,</strong></span> <span class='ocrx_word' id='word_1_114' title='bbox 636 895 677 924; x_wconf 85' lang='lat' dir='ltr'><strong>de</strong></span> <span class='ocrx_word' id='word_1_115' title='bbox 693 896 810 935; x_wconf 78' lang='lat' dir='ltr'><strong>quibus</strong></span> <span class='ocrx_word' id='word_1_116' title='bbox 830 896 970 932; x_wconf 75' lang='lat' dir='ltr'><strong>dubites,</strong></span> <span class='ocrx_word' id='word_1_117' title='bbox 994 896 1110 936; x_wconf 79' lang='lat' dir='ltr'><strong>impiae</strong></span> <span class='ocrx_word' id='word_1_118' title='bbox 1126 906 1191 926; x_wconf 84' lang='lat' dir='ltr'><strong>nia-</strong></span> 
     </span>
    </p>
   </div>
   <div class='ocr_carea' id='block_1_11' title="bbox 1214 264 1221 903">
    <p class='ocr_par' dir='ltr' id='par_1_11' title="bbox 1214 264 1221 903">
     <span class='ocr_line' id='line_1_27' title="bbox 1214 264 1221 903; baseline 0 0"><span class='ocrx_word' id='word_1_119' title='bbox 1214 264 1221 903; x_wconf 95' lang='lat' dir='ltr'><strong> </strong></span> 
     </span>
    </p>
   </div>
   <div class='ocr_carea' id='block_1_12' title="bbox 1237 226 2056 884">
    <p class='ocr_par' dir='ltr' id='par_1_12' title="bbox 1237 226 2056 884">
     <span class='ocr_line' id='line_1_28' title="bbox 1240 226 2054 269; baseline -0.005 -10"><span class='ocrx_word' id='word_1_120' title='bbox 1240 230 1291 269; x_wconf 84' lang='lat' dir='ltr'><strong>gis</strong></span> <span class='ocrx_word' id='word_1_121' title='bbox 1314 230 1389 265; x_wconf 89' lang='lat' dir='ltr'><strong>sint,</strong></span> <span class='ocrx_word' id='word_1_122' title='bbox 1412 239 1453 259; x_wconf 86' lang='lat' dir='ltr'><strong>an</strong></span> <span class='ocrx_word' id='word_1_123' title='bbox 1477 227 1607 258; x_wconf 80' lang='lat' dir='ltr'><strong>stultae.</strong></span> <span class='ocrx_word' id='word_1_124' title='bbox 1652 226 1802 256; x_wconf 83' lang='lat' dir='ltr'><strong>Breviter</strong></span> <span class='ocrx_word' id='word_1_125' title='bbox 1832 226 1902 256; x_wconf 83' lang='lat' dir='ltr'><strong>fieri</strong></span> <span class='ocrx_word' id='word_1_126' title='bbox 1932 227 2054 266; x_wconf 86' lang='lat' dir='ltr'><strong>nequit,</strong></span> 
     </span>
     <span class='ocr_line' id='line_1_29' title="bbox 1241 267 2054 311; baseline -0.005 -10"><span class='ocrx_word' id='word_1_127' title='bbox 1241 272 1317 311; x_wconf 90' lang='lat' dir='ltr'><strong>quin</strong></span> <span class='ocrx_word' id='word_1_128' title='bbox 1342 276 1436 301; x_wconf 83' lang='lat' dir='ltr'><strong>cauto</strong></span> <span class='ocrx_word' id='word_1_129' title='bbox 1460 271 1555 301; x_wconf 82' lang='lat' dir='ltr'><strong>etiam</strong></span> <span class='ocrx_word' id='word_1_130' title='bbox 1578 268 1694 298; x_wconf 72' lang='lat' dir='ltr'><strong>lectori</strong></span> <span class='ocrx_word' id='word_1_131' title='bbox 1708 277 1808 307; x_wconf 82' lang='lat' dir='ltr'><strong>saepe</strong></span> <span class='ocrx_word' id='word_1_132' title='bbox 1820 267 1985 308; x_wconf 85' lang='lat' dir='ltr'><strong>imponant</strong></span> <span class='ocrx_word' id='word_1_133' title='bbox 1996 267 2054 298; x_wconf 90' lang='lat' dir='ltr'><strong>hu-</strong></span> 
     </span>
     <span class='ocr_line' id='line_1_30' title="bbox 1240 308 2055 352; baseline -0.002 -10"><span class='ocrx_word' id='word_1_134' title='bbox 1240 323 1335 342; x_wconf 87' lang='lat' dir='ltr'><strong>mana</strong></span> <span class='ocrx_word' id='word_1_135' title='bbox 1364 313 1496 352; x_wconf 82' lang='lat' dir='ltr'><strong>scripta.</strong></span> <span class='ocrx_word' id='word_1_136' title='bbox 1543 310 1637 344; x_wconf 85' lang='lat' dir='ltr'><strong>Quod</strong></span> <span class='ocrx_word' id='word_1_137' title='bbox 1667 310 1693 338; x_wconf 83' lang='lat' dir='ltr'><strong>si</strong></span> <span class='ocrx_word' id='word_1_138' title='bbox 1725 309 1855 338; x_wconf 91' lang='lat' dir='ltr'><strong>omnino</strong></span> <span class='ocrx_word' id='word_1_139' title='bbox 1885 308 2055 349; x_wconf 84' lang='lat' dir='ltr'><strong>prophetia</strong></span> 
     </span>
     <span class='ocr_line' id='line_1_31' title="bbox 1241 351 2055 392; baseline -0.004 -8"><span class='ocrx_word' id='word_1_140' title='bbox 1241 360 1273 384; x_wconf 88' lang='lat' dir='ltr'><strong>et</strong></span> <span class='ocrx_word' id='word_1_141' title='bbox 1299 352 1440 383; x_wconf 81' lang='lat' dir='ltr'><strong>adflatus</strong></span> <span class='ocrx_word' id='word_1_142' title='bbox 1471 353 1601 392; x_wconf 85' lang='lat' dir='ltr'><strong>quidam</strong></span> <span class='ocrx_word' id='word_1_143' title='bbox 1625 357 1691 388; x_wconf 74' lang='lat' dir='ltr'><strong>est,</strong></span> <span class='ocrx_word' id='word_1_144' title='bbox 1722 351 1864 390; x_wconf 81' lang='lat' dir='ltr'><strong>cognitio</strong></span> <span class='ocrx_word' id='word_1_145' title='bbox 1887 360 2055 381; x_wconf 84' lang='lat' dir='ltr'><strong>sacrarum</strong></span> 
     </span>
     <span class='ocr_line' id='line_1_32' title="bbox 1240 391 2054 432; baseline -0.002 -7"><span class='ocrx_word' id='word_1_146' title='bbox 1240 405 1360 431; x_wconf 80' lang='lat' dir='ltr'><strong>rerum,</strong></span> <span class='ocrx_word' id='word_1_147' title='bbox 1384 405 1442 425; x_wconf 87' lang='lat' dir='ltr'><strong>eur</strong></span> <span class='ocrx_word' id='word_1_148' title='bbox 1465 393 1552 425; x_wconf 88' lang='lat' dir='ltr'><strong>uonh</strong></span> <span class='ocrx_word' id='word_1_149' title='bbox 1567 404 1606 423; x_wconf 83' lang='lat' dir='ltr'><strong>oc</strong></span> <span class='ocrx_word' id='word_1_150' title='bbox 1624 391 1918 432; x_wconf 69' lang='lat' dir='ltr'><strong>literni-unugenus</strong></span> <span class='ocrx_word' id='word_1_151' title='bbox 1933 391 2054 432; x_wconf 84' lang='lat' dir='ltr'><strong>ample-</strong></span> 
     </span>
     <span class='ocr_line' id='line_1_33' title="bbox 1241 433 2055 477; baseline -0.004 -11"><span class='ocrx_word' id='word_1_152' title='bbox 1241 437 1367 473; x_wconf 78' lang='lat' dir='ltr'><strong>ctimur,</strong></span> <span class='ocrx_word' id='word_1_153' title='bbox 1390 446 1450 476; x_wconf 88' lang='lat' dir='ltr'><strong>per</strong></span> <span class='ocrx_word' id='word_1_154' title='bbox 1473 436 1558 477; x_wconf 86' lang='lat' dir='ltr'><strong>quod</strong></span> <span class='ocrx_word' id='word_1_155' title='bbox 1583 433 1725 465; x_wconf 73' lang='lat' dir='ltr'><strong>illabitur</strong></span> <span class='ocrx_word' id='word_1_156' title='bbox 1747 434 1890 474; x_wconf 85' lang='lat' dir='ltr'><strong>spiritus.</strong></span> <span class='ocrx_word' id='word_1_157' title='bbox 1907 433 2055 464; x_wconf 87' lang='lat' dir='ltr'><strong>&#39;Annon</strong></span> 
     </span>
     <span class='ocr_line' id='line_1_34' title="bbox 1240 474 2056 516; baseline -0.002 -8"><span class='ocrx_word' id='word_1_158' title='bbox 1240 479 1345 508; x_wconf 82' lang='lat' dir='ltr'><strong>onmia</strong></span> <span class='ocrx_word' id='word_1_159' title='bbox 1358 479 1407 508; x_wconf 85' lang='lat' dir='ltr'><strong>sui</strong></span> <span class='ocrx_word' id='word_1_160' title='bbox 1421 478 1581 508; x_wconf 85' lang='lat' dir='ltr'><strong>sermonis</strong></span> <span class='ocrx_word' id='word_1_161' title='bbox 1595 486 1695 516; x_wconf 89' lang='lat' dir='ltr'><strong>opera</strong></span> <span class='ocrx_word' id='word_1_162' title='bbox 1714 477 1795 506; x_wconf 73' lang='lat' dir='ltr'><strong>deus</strong></span> <span class='ocrx_word' id='word_1_163' title='bbox 1815 474 1932 506; x_wconf 77' lang='lat' dir='ltr'><strong>efficit?</strong></span> <span class='ocrx_word' id='word_1_164' title='bbox 1955 474 2056 507; x_wconf 87' lang='lat' dir='ltr'><strong>Multa</strong></span> 
     </span>
     <span class='ocr_line' id='line_1_35' title="bbox 1242 518 2055 559; baseline -0.004 -9"><span class='ocrx_word' id='word_1_165' title='bbox 1242 521 1326 550; x_wconf 88' lang='lat' dir='ltr'><strong>euim</strong></span> <span class='ocrx_word' id='word_1_166' title='bbox 1349 520 1479 550; x_wconf 79' lang='lat' dir='ltr'><strong>docebit</strong></span> <span class='ocrx_word' id='word_1_167' title='bbox 1501 521 1735 559; x_wconf 80' lang='lat' dir='ltr'><strong>scripturarum</strong></span> <span class='ocrx_word' id='word_1_168' title='bbox 1748 527 1809 548; x_wconf 89' lang='lat' dir='ltr'><strong>usu</strong></span> <span class='ocrx_word' id='word_1_169' title='bbox 1829 518 1971 558; x_wconf 77' lang='lat' dir='ltr'><strong>spiritus,</strong></span> <span class='ocrx_word' id='word_1_170' title='bbox 1995 527 2055 548; x_wconf 89' lang='lat' dir='ltr'><strong>seu</strong></span> 
     </span>
     <span class='ocr_line' id='line_1_36' title="bbox 1237 558 2054 601; baseline -0.002 -9"><span class='ocrx_word' id='word_1_171' title='bbox 1237 568 1274 592; x_wconf 85' lang='lat' dir='ltr'><strong>ut</strong></span> <span class='ocrx_word' id='word_1_172' title='bbox 1297 561 1458 592; x_wconf 85' lang='lat' dir='ltr'><strong>lohannes</strong></span> <span class='ocrx_word' id='word_1_173' title='bbox 1481 562 1535 598; x_wconf 71' lang='lat' dir='ltr'><strong>ait‚</strong></span> <span class='ocrx_word' id='word_1_174' title='bbox 1560 561 1680 597; x_wconf 79' lang='lat' dir='ltr'><strong>unctio,</strong></span> <span class='ocrx_word' id='word_1_175' title='bbox 1704 570 1788 601; x_wconf 86' lang='lat' dir='ltr'><strong>quae</strong></span> <span class='ocrx_word' id='word_1_176' title='bbox 1803 560 1974 600; x_wconf 85' lang='lat' dir='ltr'><strong>quantavis</strong></span> <span class='ocrx_word' id='word_1_177' title='bbox 1996 558 2054 590; x_wconf 93' lang='lat' dir='ltr'><strong>hu-</strong></span> 
     </span>
     <span class='ocr_line' id='line_1_37' title="bbox 1238 601 2053 643; baseline -0.002 -10"><span class='ocrx_word' id='word_1_178' title='bbox 1238 604 1323 634; x_wconf 87' lang='lat' dir='ltr'><strong>mani</strong></span> <span class='ocrx_word' id='word_1_179' title='bbox 1348 604 1466 643; x_wconf 88' lang='lat' dir='ltr'><strong>ingenii</strong></span> <span class='ocrx_word' id='word_1_180' title='bbox 1492 603 1668 639; x_wconf 78' lang='lat' dir='ltr'><strong>industria,</strong></span> <span class='ocrx_word' id='word_1_181' title='bbox 1698 613 1763 632; x_wconf 91' lang='lat' dir='ltr'><strong>non</strong></span> <span class='ocrx_word' id='word_1_182' title='bbox 1787 608 1884 643; x_wconf 84' lang='lat' dir='ltr'><strong>queat</strong></span> <span class='ocrx_word' id='word_1_183' title='bbox 1906 601 2053 642; x_wconf 82' lang='lat' dir='ltr'><strong>adsequi.</strong></span> 
     </span>
     <span class='ocr_line' id='line_1_38' title="bbox 1239 645 2055 685; baseline -0.001 -11"><span class='ocrx_word' id='word_1_184' title='bbox 1239 645 1316 675; x_wconf 85' lang='lat' dir='ltr'><strong>lNos</strong></span> <span class='ocrx_word' id='word_1_185' title='bbox 1340 650 1430 675; x_wconf 89' lang='lat' dir='ltr'><strong>certe</strong></span> <span class='ocrx_word' id='word_1_186' title='bbox 1454 655 1518 675; x_wconf 92' lang='lat' dir='ltr'><strong>non</strong></span> <span class='ocrx_word' id='word_1_187' title='bbox 1548 645 1635 675; x_wconf 90' lang='lat' dir='ltr'><strong>aliud</strong></span> <span class='ocrx_word' id='word_1_188' title='bbox 1658 645 1802 685; x_wconf 73' lang='lat' dir='ltr'><strong>agimus·‚</strong></span> <span class='ocrx_word' id='word_1_189' title='bbox 1848 655 1921 675; x_wconf 83' lang='lat' dir='ltr'><strong>uam</strong></span> <span class='ocrx_word' id='word_1_190' title='bbox 1942 649 1978 674; x_wconf 92' lang='lat' dir='ltr'><strong>ut</strong></span> <span class='ocrx_word' id='word_1_191' title='bbox 2002 653 2055 673; x_wconf 90' lang='lat' dir='ltr'><strong>eo-</strong></span> 
     </span>
     <span class='ocr_line' id='line_1_39' title="bbox 1237 686 2054 727; baseline 0 -11"><span class='ocrx_word' id='word_1_192' title='bbox 1237 698 1308 718; x_wconf 88' lang='lat' dir='ltr'><strong>rum</strong></span> <span class='ocrx_word' id='word_1_193' title='bbox 1332 688 1385 727; x_wconf 91' lang='lat' dir='ltr'><strong>qui</strong></span> <span class='ocrx_word' id='word_1_194' title='bbox 1409 688 1439 716; x_wconf 92' lang='lat' dir='ltr'><strong>in</strong></span> <span class='ocrx_word' id='word_1_195' title='bbox 1464 687 1634 726; x_wconf 83' lang='lat' dir='ltr'><strong>scriptm·is</strong></span> <span class='ocrx_word' id='word_1_196' title='bbox 1652 687 1777 716; x_wconf 82' lang='lat' dir='ltr'><strong>versari</strong></span> <span class='ocrx_word' id='word_1_197' title='bbox 1791 696 1832 716; x_wconf 90' lang='lat' dir='ltr'><strong>vo</strong></span> <span class='ocrx_word' id='word_1_198' title='bbox 1849 691 1913 723; x_wconf 84' lang='lat' dir='ltr'><strong>ent,</strong></span> <span class='ocrx_word' id='word_1_199' title='bbox 1937 686 2054 724; x_wconf 84' lang='lat' dir='ltr'><strong>studia,</strong></span> 
     </span>
     <span class='ocr_line' id='line_1_40' title="bbox 1237 728 2053 768; baseline -0.001 -9"><span class='ocrx_word' id='word_1_200' title='bbox 1237 734 1336 759; x_wconf 84' lang='lat' dir='ltr'><strong>utcun</strong></span> <span class='ocrx_word' id='word_1_201' title='bbox 1362 738 1403 758; x_wconf 86' lang='lat' dir='ltr'><strong>ue</strong></span> <span class='ocrx_word' id='word_1_202' title='bbox 1427 729 1586 765; x_wconf 58' lang='lat' dir='ltr'><strong>iuvenum,</strong></span> <span class='ocrx_word' id='word_1_203' title='bbox 1610 728 1643 757; x_wconf 90' lang='lat' dir='ltr'><strong>ld</strong></span> <span class='ocrx_word' id='word_1_204' title='bbox 1657 729 1683 757; x_wconf 90' lang='lat' dir='ltr'><strong>si</strong></span> <span class='ocrx_word' id='word_1_205' title='bbox 1699 738 1764 758; x_wconf 89' lang='lat' dir='ltr'><strong>non</strong></span> <span class='ocrx_word' id='word_1_206' title='bbox 1780 729 1941 758; x_wconf 87' lang='lat' dir='ltr'><strong>videbitur</strong></span> <span class='ocrx_word' id='word_1_207' title='bbox 1961 738 2053 768; x_wconf 88' lang='lat' dir='ltr'><strong>prae-</strong></span> 
     </span>
     <span class='ocr_line' id='line_1_41' title="bbox 1238 739 2055 810; baseline 0 -10"><span class='ocrx_word' id='word_1_208' title='bbox 1238 775 1326 800; x_wconf 87' lang='lat' dir='ltr'><strong>stare</strong></span> <span class='ocrx_word' id='word_1_209' title='bbox 1340 739 1494 807; x_wconf 55' lang='lat' dir='ltr'><strong>(libellus,</strong></span> <span class='ocrx_word' id='word_1_210' title='bbox 1516 775 1630 810; x_wconf 84' lang='lat' dir='ltr'><strong>pereat</strong></span> <span class='ocrx_word' id='word_1_211' title='bbox 1657 779 1753 806; x_wconf 79' lang='lat' dir='ltr'><strong>sane,</strong></span> <span class='ocrx_word' id='word_1_212' title='bbox 1776 769 1855 800; x_wconf 84' lang='lat' dir='ltr'><strong>nihil</strong></span> <span class='ocrx_word' id='word_1_213' title='bbox 1879 771 1964 801; x_wconf 89' lang='lat' dir='ltr'><strong>enim</strong></span> <span class='ocrx_word' id='word_1_214' title='bbox 1982 780 2055 800; x_wconf 91' lang='lat' dir='ltr'><strong>mea</strong></span> 
     </span>
     <span class='ocr_line' id='line_1_42' title="bbox 1237 810 2054 852; baseline 0.002 -11"><span class='ocrx_word' id='word_1_215' title='bbox 1237 810 1362 842; x_wconf 88' lang='lat' dir='ltr'><strong>referre</strong></span> <span class='ocrx_word' id='word_1_216' title='bbox 1387 821 1526 848; x_wconf 79' lang='lat' dir='ltr'><strong>censeo,</strong></span> <span class='ocrx_word' id='word_1_217' title='bbox 1557 812 1633 852; x_wconf 89' lang='lat' dir='ltr'><strong>quid</strong></span> <span class='ocrx_word' id='word_1_218' title='bbox 1657 812 1697 841; x_wconf 91' lang='lat' dir='ltr'><strong>de</strong></span> <span class='ocrx_word' id='word_1_219' title='bbox 1720 811 1850 851; x_wconf 87' lang='lat' dir='ltr'><strong>publico</strong></span> <span class='ocrx_word' id='word_1_220' title='bbox 1874 822 1974 852; x_wconf 90' lang='lat' dir='ltr'><strong>opere</strong></span> <span class='ocrx_word' id='word_1_221' title='bbox 1997 822 2054 851; x_wconf 90' lang='lat' dir='ltr'><strong>pu-</strong></span> 
     </span>
     <span class='ocr_line' id='line_1_43' title="bbox 1238 852 1516 884; baseline -0.007 0"><span class='ocrx_word' id='word_1_222' title='bbox 1238 852 1323 884; x_wconf 86' lang='lat' dir='ltr'><strong>bljce</strong></span> <span class='ocrx_word' id='word_1_223' title='bbox 1346 854 1516 883; x_wconf 82' lang='lat' dir='ltr'><strong>iudicetur.</strong></span> 
     </span>
    </p>
   </div>
   <div class='ocr_carea' id='block_1_13' title="bbox 626 1017 1798 1050">
    <p class='ocr_par' dir='ltr' id='par_1_13' title="bbox 626 1017 1798 1050">
     <span class='ocr_line' id='line_1_44' title="bbox 626 1017 1798 1050; baseline 0 -3"><span class='ocrx_word' id='word_1_224' title='bbox 626 1018 727 1049; x_wconf 88' lang='lat' dir='ltr'>LOCI</span> <span class='ocrx_word' id='word_1_225' title='bbox 751 1018 998 1049; x_wconf 78' lang='lat' dir='ltr'><strong>COMMUNES</strong></span> <span class='ocrx_word' id='word_1_226' title='bbox 1022 1019 1107 1050; x_wconf 85' lang='lat' dir='ltr'><strong>SEU</strong></span> <span class='ocrx_word' id='word_1_227' title='bbox 1130 1018 1454 1050; x_wconf 86' lang='lat' dir='ltr'><strong>HYPOTYPOSES</strong></span> <span class='ocrx_word' id='word_1_228' title='bbox 1477 1017 1798 1049; x_wconf 88' lang='lat' dir='ltr'><strong>THEOLOGlC-AE.</strong></span> 
     </span>
    </p>
   </div>
   <div class='ocr_carea' id='block_1_14' title="bbox 360 1100 1191 1867">
    <p class='ocr_par' dir='ltr' id='par_1_14' title="bbox 361 1100 1191 1767">
     <span class='ocr_line' id='line_1_45' title="bbox 415 1100 1191 1141; baseline 0.004 -11"><span class='ocrx_word' id='word_1_229' title='bbox 415 1100 547 1140; x_wconf 81' lang='lat' dir='ltr'><strong>Requiri</strong></span> <span class='ocrx_word' id='word_1_230' title='bbox 584 1100 691 1131; x_wconf 88' lang='lat' dir='ltr'><strong>solent</strong></span> <span class='ocrx_word' id='word_1_231' title='bbox 728 1103 758 1131; x_wconf 90' lang='lat' dir='ltr'><strong>in</strong></span> <span class='ocrx_word' id='word_1_232' title='bbox 789 1101 928 1141; x_wconf 76' lang='lat' dir='ltr'><strong>singulis</strong></span> <span class='ocrx_word' id='word_1_233' title='bbox 967 1103 1091 1132; x_wconf 86' lang='lat' dir='ltr'><strong>artibus</strong></span> <span class='ocrx_word' id='word_1_234' title='bbox 1128 1101 1191 1133; x_wconf 88' lang='lat' dir='ltr'><strong>loci</strong></span> 
     </span>
     <span class='ocr_line' id='line_1_46' title="bbox 370 1143 1191 1184; baseline 0.004 -13"><span class='ocrx_word' id='word_1_235' title='bbox 370 1143 510 1182; x_wconf 88' lang='lat' dir='ltr'><strong>quidam.</strong></span> <span class='ocrx_word' id='word_1_236' title='bbox 524 1143 641 1182; x_wconf 85' lang='lat' dir='ltr'><strong>quibus</strong></span> <span class='ocrx_word' id='word_1_237' title='bbox 654 1143 733 1173; x_wconf 75' lang='lat' dir='ltr'><strong>artis</strong></span> <span class='ocrx_word' id='word_1_238' title='bbox 744 1145 771 1175; x_wconf 68' lang='grc'><strong>3)</strong></span> <span class='ocrx_word' id='word_1_239' title='bbox 792 1145 951 1184; x_wconf 83' lang='lat' dir='ltr'><strong>cuiusque</strong></span> <span class='ocrx_word' id='word_1_240' title='bbox 968 1154 1093 1174; x_wconf 68' lang='lat' dir='ltr'><strong>summa</strong></span> <span class='ocrx_word' id='word_1_241' title='bbox 1106 1154 1191 1174; x_wconf 88' lang='lat' dir='ltr'><strong>com-</strong></span> 
     </span>
     <span class='ocr_line' id='line_1_47' title="bbox 369 1183 1191 1225; baseline 0.004 -12"><span class='ocrx_word' id='word_1_242' title='bbox 369 1183 592 1223; x_wconf 70' lang='lat' dir='ltr'><strong>prehenditur,</strong></span> <span class='ocrx_word' id='word_1_243' title='bbox 617 1185 670 1224; x_wconf 91' lang='lat' dir='ltr'><strong>qui</strong></span> <span class='ocrx_word' id='word_1_244' title='bbox 695 1185 786 1224; x_wconf 78' lang='lat' dir='ltr'><strong>scopi</strong></span> <span class='ocrx_word' id='word_1_245' title='bbox 799 1186 882 1221; x_wconf 77' lang='lat' dir='ltr'><strong>vice,</strong></span> <span class='ocrx_word' id='word_1_246' title='bbox 907 1186 948 1216; x_wconf 88' lang='lat' dir='ltr'><strong>ad</strong></span> <span class='ocrx_word' id='word_1_247' title='bbox 963 1196 1060 1225; x_wconf 88' lang='lat' dir='ltr'><strong>quem</strong></span> <span class='ocrx_word' id='word_1_248' title='bbox 1084 1187 1191 1216; x_wconf 76' lang='lat' dir='ltr'><strong>omnia</strong></span> 
     </span>
     <span class='ocr_line' id='line_1_48' title="bbox 368 1226 1189 1266; baseline 0.004 -12"><span class='ocrx_word' id='word_1_249' title='bbox 368 1226 475 1255; x_wconf 84' lang='lat' dir='ltr'><strong>studia</strong></span> <span class='ocrx_word' id='word_1_250' title='bbox 498 1227 685 1266; x_wconf 71' lang='lat' dir='ltr'><strong>dirigamus,</strong></span> <span class='ocrx_word' id='word_1_251' title='bbox 721 1226 891 1257; x_wconf 86' lang='lat' dir='ltr'><strong>habentur.</strong></span> <span class='ocrx_word' id='word_1_252' title='bbox 938 1228 1032 1261; x_wconf 84' lang='lat' dir='ltr'><strong>Quod</strong></span> <span class='ocrx_word' id='word_1_253' title='bbox 1045 1229 1075 1257; x_wconf 92' lang='lat' dir='ltr'><strong>in</strong></span> <span class='ocrx_word' id='word_1_254' title='bbox 1099 1227 1189 1257; x_wconf 88' lang='lat' dir='ltr'><strong>theo-</strong></span> 
     </span>
     <span class='ocr_line' id='line_1_49' title="bbox 367 1266 1188 1310; baseline 0.005 -14"><span class='ocrx_word' id='word_1_255' title='bbox 367 1266 454 1307; x_wconf 81' lang='lat' dir='ltr'><strong>logia</strong></span> <span class='ocrx_word' id='word_1_256' title='bbox 468 1274 598 1297; x_wconf 77' lang='lat' dir='ltr'><strong>veteres</strong></span> <span class='ocrx_word' id='word_1_257' title='bbox 616 1278 746 1308; x_wconf 87' lang='lat' dir='ltr'><strong>quoque</strong></span> <span class='ocrx_word' id='word_1_258' title='bbox 763 1275 896 1299; x_wconf 83' lang='lat' dir='ltr'><strong>secutos</strong></span> <span class='ocrx_word' id='word_1_259' title='bbox 914 1270 1073 1306; x_wconf 77' lang='lat' dir='ltr'><strong>videmus,</strong></span> <span class='ocrx_word' id='word_1_260' title='bbox 1088 1280 1188 1310; x_wconf 84' lang='lat' dir='ltr'><strong>parce</strong></span> 
     </span>
     <span class='ocr_line' id='line_1_50' title="bbox 367 1310 1187 1347; baseline 0.004 -9"><span class='ocrx_word' id='word_1_261' title='bbox 367 1310 498 1347; x_wconf 83' lang='lat' dir='ltr'><strong>quidem</strong></span> <span class='ocrx_word' id='word_1_262' title='bbox 525 1320 564 1339; x_wconf 74' lang='lat' dir='ltr'><strong>ac</strong></span> <span class='ocrx_word' id='word_1_263' title='bbox 593 1311 713 1339; x_wconf 78' lang='lat' dir='ltr'><strong>sobrie.</strong></span> <span class='ocrx_word' id='word_1_264' title='bbox 759 1310 809 1340; x_wconf 85' lang='lat' dir='ltr'><strong>Ex</strong></span> <span class='ocrx_word' id='word_1_265' title='bbox 840 1312 1077 1341; x_wconf 86' lang='lat' dir='ltr'><strong>recentioribus</strong></span> <span class='ocrx_word' id='word_1_266' title='bbox 1108 1322 1187 1341; x_wconf 87' lang='lat' dir='ltr'><strong>vero</strong></span> 
     </span>
     <span class='ocr_line' id='line_1_51' title="bbox 367 1349 1186 1393; baseline 0.004 -13"><span class='ocrx_word' id='word_1_267' title='bbox 367 1349 609 1381; x_wconf 78' lang='lat' dir='ltr'><strong>Damascenum</strong></span> <span class='ocrx_word' id='word_1_268' title='bbox 618 1361 657 1381; x_wconf 87' lang='lat' dir='ltr'><strong>ac</strong></span> <span class='ocrx_word' id='word_1_269' title='bbox 666 1351 932 1393; x_wconf 81' lang='lat' dir='ltr'><strong>Longobardum,</strong></span> <span class='ocrx_word' id='word_1_270' title='bbox 948 1353 1057 1393; x_wconf 87' lang='lat' dir='ltr'><strong>inepte</strong></span> <span class='ocrx_word' id='word_1_271' title='bbox 1066 1360 1186 1384; x_wconf 88' lang='lat' dir='ltr'><strong>utrum-</strong></span> 
     </span>
     <span class='ocr_line' id='line_1_52' title="bbox 370 1392 1186 1434; baseline 0.005 -13"><span class='ocrx_word' id='word_1_272' title='bbox 370 1402 442 1431; x_wconf 86' lang='lat' dir='ltr'><strong>que.</strong></span> <span class='ocrx_word' id='word_1_273' title='bbox 488 1392 628 1423; x_wconf 90' lang='lat' dir='ltr'><strong>Nimium</strong></span> <span class='ocrx_word' id='word_1_274' title='bbox 664 1394 748 1424; x_wconf 91' lang='lat' dir='ltr'><strong>enim</strong></span> <span class='ocrx_word' id='word_1_275' title='bbox 783 1393 1032 1434; x_wconf 64' lang='lat' dir='ltr'><strong>philosophatur</strong></span> <span class='ocrx_word' id='word_1_276' title='bbox 1068 1395 1186 1425; x_wconf 86' lang='lat' dir='ltr'><strong>Dama—</strong></span> 
     </span>
     <span class='ocr_line' id='line_1_53' title="bbox 362 1434 1185 1477; baseline 0.005 -14"><span class='ocrx_word' id='word_1_277' title='bbox 362 1434 740 1475; x_wconf 75' lang='lat' dir='ltr'><strong>scenus,Longobardus</strong></span> <span class='ocrx_word' id='word_1_278' title='bbox 751 1446 930 1476; x_wconf 78' lang='lat' dir='ltr'><strong>congerere</strong></span> <span class='ocrx_word' id='word_1_279' title='bbox 943 1436 1185 1477; x_wconf 82' lang='lat' dir='ltr'><strong>hominum&#39;opi-</strong></span> 
     </span>
     <span class='ocr_line' id='line_1_54' title="bbox 363 1477 1184 1517; baseline 0.004 -11"><span class='ocrx_word' id='word_1_280' title='bbox 363 1477 479 1506; x_wconf 77' lang='grc'><strong>11101165</strong></span> <span class='ocrx_word' id='word_1_281' title='bbox 511 1487 607 1517; x_wconf 86' lang='lat' dir='ltr'><strong>quam</strong></span> <span class='ocrx_word' id='word_1_282' title='bbox 631 1478 812 1517; x_wconf 71' lang='lat' dir='ltr'><strong>scripturae</strong></span> <span class='ocrx_word' id='word_1_283' title='bbox 845 1479 1038 1509; x_wconf 84' lang='lat' dir='ltr'><strong>sententiam</strong></span> <span class='ocrx_word' id='word_1_284' title='bbox 1061 1477 1184 1509; x_wconf 90' lang='lat' dir='ltr'><strong>referre</strong></span> 
     </span>
     <span class='ocr_line' id='line_1_55' title="bbox 363 1517 1184 1559; baseline 0.005 -12"><span class='ocrx_word' id='word_1_285' title='bbox 363 1517 484 1548; x_wconf 85' lang='lat' dir='ltr'><strong>maluit.</strong></span> <span class='ocrx_word' id='word_1_286' title='bbox 530 1518 569 1548; x_wconf 88' lang='lat' dir='ltr'><strong>Et</strong></span> <span class='ocrx_word' id='word_1_287' title='bbox 595 1529 780 1559; x_wconf 80' lang='lat' dir='ltr'><strong>quanquam</strong></span> <span class='ocrx_word' id='word_1_288' title='bbox 810 1519 908 1550; x_wconf 91' lang='lat' dir='ltr'><strong>nolim</strong></span> <span class='ocrx_word' id='word_1_289' title='bbox 932 1521 1094 1551; x_wconf 89' lang='lat' dir='ltr'><strong>immorari</strong></span> <span class='ocrx_word' id='word_1_290' title='bbox 1118 1526 1184 1551; x_wconf 86' lang='lat' dir='ltr'><strong>stu-</strong></span> 
     </span>
     <span class='ocr_line' id='line_1_56' title="bbox 364 1560 1182 1602; baseline 0.004 -13"><span class='ocrx_word' id='word_1_291' title='bbox 364 1560 487 1589; x_wconf 82' lang='lat' dir='ltr'><strong>diosos.</strong></span> <span class='ocrx_word' id='word_1_292' title='bbox 518 1566 551 1590; x_wconf 84' lang='lat' dir='ltr'><strong>ut</strong></span> <span class='ocrx_word' id='word_1_293' title='bbox 581 1567 678 1592; x_wconf 83' lang='lat' dir='ltr'><strong>autea</strong></span> <span class='ocrx_word' id='word_1_294' title='bbox 709 1562 792 1593; x_wconf 80' lang='lat' dir='ltr'><strong>dixi.</strong></span> <span class='ocrx_word' id='word_1_295' title='bbox 822 1561 886 1592; x_wconf 70' lang='lat' dir='ltr'><strong>hor</strong></span> <span class='ocrx_word' id='word_1_296' title='bbox 909 1572 1013 1602; x_wconf 88' lang='lat' dir='ltr'><strong>genus</strong></span> <span class='ocrx_word' id='word_1_297' title='bbox 1037 1564 1182 1599; x_wconf 74' lang='lat' dir='ltr'><strong>summis,</strong></span> 
     </span>
     <span class='ocr_line' id='line_1_57' title="bbox 361 1604 1182 1643; baseline 0.005 -12"><span class='ocrx_word' id='word_1_298' title='bbox 361 1607 468 1632; x_wconf 78' lang='lat' dir='ltr'><strong>tamen</strong></span> <span class='ocrx_word' id='word_1_299' title='bbox 494 1612 595 1643; x_wconf 85' lang='lat' dir='ltr'><strong>prope</strong></span> <span class='ocrx_word' id='word_1_300' title='bbox 619 1604 843 1634; x_wconf 82' lang='lat' dir='ltr'><strong>necessarium</strong></span> <span class='ocrx_word' id='word_1_301' title='bbox 861 1604 945 1634; x_wconf 89' lang='lat' dir='ltr'><strong>duco</strong></span> <span class='ocrx_word' id='word_1_302' title='bbox 962 1604 1106 1635; x_wconf 85' lang='lat' dir='ltr'><strong>indicare</strong></span> <span class='ocrx_word' id='word_1_303' title='bbox 1119 1604 1182 1635; x_wconf 87' lang='lat' dir='ltr'><strong>sal-</strong></span> 
     </span>
     <span class='ocr_line' id='line_1_58' title="bbox 361 1644 1181 1686; baseline 0.004 -13"><span class='ocrx_word' id='word_1_304' title='bbox 361 1645 454 1674; x_wconf 63' lang='lat' dir='ltr'><strong>tim⁴i</strong></span> <span class='ocrx_word' id='word_1_305' title='bbox 479 1646 628 1684; x_wconf 87' lang='lat' dir='ltr'><strong>equibus</strong></span> <span class='ocrx_word' id='word_1_306' title='bbox 652 1644 735 1675; x_wconf 87' lang='lat' dir='ltr'><strong>locis</strong></span> <span class='ocrx_word' id='word_1_307' title='bbox 749 1656 857 1675; x_wconf 88' lang='lat' dir='ltr'><strong>rerum</strong></span> <span class='ocrx_word' id='word_1_308' title='bbox 881 1656 1005 1676; x_wconf 88' lang='lat' dir='ltr'><strong>summa</strong></span> <span class='ocrx_word' id='word_1_309' title='bbox 1028 1647 1181 1686; x_wconf 71' lang='lat' dir='ltr'><strong>pendeat,</strong></span> 
     </span>
     <span class='ocr_line' id='line_1_59' title="bbox 361 1687 1181 1728; baseline 0.004 -13"><span class='ocrx_word' id='word_1_310' title='bbox 361 1692 395 1715; x_wconf 91' lang='lat' dir='ltr'><strong>ut</strong></span> <span class='ocrx_word' id='word_1_311' title='bbox 419 1696 576 1725; x_wconf 79' lang='lat' dir='ltr'><strong>quorsum</strong></span> <span class='ocrx_word' id='word_1_312' title='bbox 606 1687 730 1728; x_wconf 87' lang='lat' dir='ltr'><strong>dirigen</strong></span> <span class='ocrx_word' id='word_1_313' title='bbox 747 1690 773 1718; x_wconf 71' lang='lat' dir='ltr'><strong>ia</strong></span> <span class='ocrx_word' id='word_1_314' title='bbox 787 1690 899 1721; x_wconf 72' lang='lat' dir='ltr'><strong>sunt-⁵)</strong></span> <span class='ocrx_word' id='word_1_315' title='bbox 923 1689 1031 1718; x_wconf 81' lang='lat' dir='ltr'><strong>studia</strong></span> <span class='ocrx_word' id='word_1_316' title='bbox 1064 1687 1181 1718; x_wconf 89' lang='lat' dir='ltr'><strong>iutelli-</strong></span> 
     </span>
     <span class='ocr_line' id='line_1_60' title="bbox 362 1730 505 1767; baseline -0.007 -10"><span class='ocrx_word' id='word_1_317' title='bbox 362 1730 505 1767; x_wconf 75' lang='lat' dir='ltr'><strong>gatu1·⁶).</strong></span> 
     </span>
    </p>

    <p class='ocr_par' dir='ltr' id='par_1_15' title="bbox 360 1783 1180 1867">
     <span class='ocr_line' id='line_1_61' title="bbox 407 1783 1180 1829; baseline 0.004 -14"><span class='ocrx_word' id='word_1_318' title='bbox 407 1783 504 1816; x_wconf 77' lang='lat' dir='ltr'><strong>&#39;Sunt</strong></span> <span class='ocrx_word' id='word_1_319' title='bbox 527 1792 634 1817; x_wconf 89' lang='lat' dir='ltr'><strong>autem</strong></span> <span class='ocrx_word' id='word_1_320' title='bbox 662 1798 770 1818; x_wconf 87' lang='lat' dir='ltr'><strong>rerum</strong></span> <span class='ocrx_word' id='word_1_321' title='bbox 805 1786 1064 1829; x_wconf 87' lang='lat' dir='ltr'><strong>theologicarum</strong></span> <span class='ocrx_word' id='word_1_322' title='bbox 1095 1787 1180 1819; x_wconf 85' lang='lat' dir='ltr'><strong>haec</strong></span> 
     </span>
     <span class='ocr_line' id='line_1_62' title="bbox 360 1825 571 1867; baseline 0.005 -11"><span class='ocrx_word' id='word_1_323' title='bbox 360 1825 430 1857; x_wconf 83' lang='lat' dir='ltr'><strong>fere</strong></span> <span class='ocrx_word' id='word_1_324' title='bbox 454 1828 571 1867; x_wconf 87' lang='lat' dir='ltr'><strong>capita.</strong></span> 
     </span>
    </p>
   </div>
   <div class='ocr_carea' id='block_1_15' title="bbox 357 1885 1137 2253">
    <p class='ocr_par' dir='ltr' id='par_1_16' title="bbox 359 1885 1137 1925">
     <span class='ocr_line' id='line_1_63' title="bbox 359 1885 1137 1925; baseline 0.004 -9"><span class='ocrx_word' id='word_1_325' title='bbox 359 1885 452 1916; x_wconf 82' lang='lat' dir='ltr'><strong>Deus</strong></span> <span class='ocrx_word' id='word_1_326' title='bbox 774 1888 862 1925; x_wconf 63' lang='lat' dir='ltr'><strong>’Lex‚</strong></span> <span class='ocrx_word' id='word_1_327' title='bbox 1111 1891 1137 1908; x_wconf 89' lang='lat'><strong>¹0</strong></span> 
     </span>
    </p>

    <p class='ocr_par' dir='ltr' id='par_1_17' title="bbox 359 1927 1010 1960">
     <span class='ocr_line' id='line_1_64' title="bbox 359 1927 1010 1960; baseline 0.003 -3"><span class='ocrx_word' id='word_1_328' title='bbox 359 1927 453 1958; x_wconf 90' lang='lat' dir='ltr'><strong>Unus</strong></span> <span class='ocrx_word' id='word_1_329' title='bbox 770 1929 1010 1960; x_wconf 78' lang='lat' dir='ltr'><strong>promissiones</strong></span> 
     </span>
    </p>

    <p class='ocr_par' dir='ltr' id='par_1_18' title="bbox 357 1967 1135 2011">
     <span class='ocr_line' id='line_1_65' title="bbox 357 1967 1135 2011; baseline 0.005 -13"><span class='ocrx_word' id='word_1_330' title='bbox 357 1967 475 1999; x_wconf 76' lang='lat' dir='ltr'><strong>Trinus</strong></span> <span class='ocrx_word' id='word_1_331' title='bbox 769 1971 965 2001; x_wconf 83' lang='lat' dir='ltr'><strong>Instauratio</strong></span> <span class='ocrx_word' id='word_1_332' title='bbox 972 1981 1032 2011; x_wconf 92' lang='lat' dir='ltr'><strong>per</strong></span> <span class='ocrx_word' id='word_1_333' title='bbox 1043 1970 1135 2002; x_wconf 84' lang='lat' dir='ltr'><strong>Chri-</strong></span> 
     </span>
    </p>

    <p class='ocr_par' dir='ltr' id='par_1_19' title="bbox 358 2011 908 2049">
     <span class='ocr_line' id='line_1_66' title="bbox 358 2011 908 2049; baseline 0.004 -8"><span class='ocrx_word' id='word_1_334' title='bbox 358 2011 497 2042; x_wconf 72' lang='lat' dir='ltr'><strong>vCreatio</strong></span> <span class='ocrx_word' id='word_1_335' title='bbox 812 2019 908 2049; x_wconf 84' lang='lat' dir='ltr'><strong>stum,</strong></span> 
     </span>
    </p>

    <p class='ocr_par' dir='ltr' id='par_1_20' title="bbox 358 2053 883 2089">
     <span class='ocr_line' id='line_1_67' title="bbox 358 2053 883 2089; baseline 0.004 -6"><span class='ocrx_word' id='word_1_336' title='bbox 358 2053 473 2089; x_wconf 82' lang='lat' dir='ltr'><strong>Homo,</strong></span> <span class='ocrx_word' id='word_1_337' title='bbox 486 2053 626 2084; x_wconf 87' lang='lat' dir='ltr'><strong>hominis</strong></span> <span class='ocrx_word' id='word_1_338' title='bbox 636 2055 723 2085; x_wconf 76' lang='lat' dir='ltr'><strong>vires</strong></span> <span class='ocrx_word' id='word_1_339' title='bbox 771 2054 883 2085; x_wconf 84' lang='lat' dir='ltr'><strong>Gratia</strong></span> 
     </span>
    </p>

    <p class='ocr_par' dir='ltr' id='par_1_21' title="bbox 357 2094 1052 2128">
     <span class='ocr_line' id='line_1_68' title="bbox 357 2094 1052 2128; baseline 0.004 -3"><span class='ocrx_word' id='word_1_340' title='bbox 357 2094 534 2125; x_wconf 83' lang='lat' dir='ltr'><strong>Peccatum</strong></span> <span class='ocrx_word' id='word_1_341' title='bbox 771 2096 903 2127; x_wconf 83' lang='lat' dir='ltr'><strong>Gratiae</strong></span> <span class='ocrx_word' id='word_1_342' title='bbox 926 2096 1052 2128; x_wconf 82' lang='lat' dir='ltr'><strong>fructus</strong></span> 
     </span>
    </p>

    <p class='ocr_par' dir='ltr' id='par_1_22' title="bbox 358 2136 1135 2220">
     <span class='ocr_line' id='line_1_69' title="bbox 358 2136 1135 2177; baseline 0.004 -11"><span class='ocrx_word' id='word_1_343' title='bbox 358 2136 496 2167; x_wconf 82' lang='lat' dir='ltr'><strong>Fructus</strong></span> <span class='ocrx_word' id='word_1_344' title='bbox 510 2138 649 2177; x_wconf 84' lang='lat' dir='ltr'><strong>peccati,</strong></span> <span class='ocrx_word' id='word_1_345' title='bbox 668 2137 723 2168; x_wconf 80' lang='lat' dir='ltr'><strong>Vi·</strong></span> <span class='ocrx_word' id='word_1_346' title='bbox 769 2138 867 2168; x_wconf 87' lang='lat' dir='ltr'><strong>Fides</strong></span> <span class='ocrx_word' id='word_1_347' title='bbox 1109 2141 1135 2159; x_wconf 80' lang='lat'><strong>¹⁵</strong></span> 
     </span>
     <span class='ocr_line' id='line_1_70' title="bbox 398 2179 854 2220; baseline 0.007 -13"><span class='ocrx_word' id='word_1_348' title='bbox 398 2179 451 2215; x_wconf 83' lang='lat' dir='ltr'><strong>tia,</strong></span> <span class='ocrx_word' id='word_1_349' title='bbox 770 2179 854 2220; x_wconf 77' lang='lat' dir='ltr'><strong>Spes</strong></span> 
     </span>
    </p>

    <p class='ocr_par' dir='ltr' id='par_1_23' title="bbox 359 2219 901 2253">
     <span class='ocr_line' id='line_1_71' title="bbox 359 2219 901 2253; baseline 0.007 -4"><span class='ocrx_word' id='word_1_350' title='bbox 359 2219 490 2250; x_wconf 88' lang='lat' dir='ltr'><strong>Poenae</strong></span> <span class='ocrx_word' id='word_1_351' title='bbox 773 2221 901 2253; x_wconf 84' lang='lat' dir='ltr'><strong>Caritas</strong></span> 
     </span>
    </p>
   </div>
   <div class='ocr_carea' id='block_1_16' title="bbox 212 2313 393 2319">
    <p class='ocr_par' dir='ltr' id='par_1_24' title="bbox 212 2313 393 2319">
     <span class='ocr_line' id='line_1_72' title="bbox 212 2313 393 2319; baseline 0 0"><span class='ocrx_word' id='word_1_352' title='bbox 212 2313 393 2319; x_wconf 95' lang='lat' dir='ltr'><strong> </strong></span> 
     </span>
    </p>
   </div>
   <div class='ocr_carea' id='block_1_17' title="bbox 228 2370 730 2550">
    <p class='ocr_par' dir='ltr' id='par_1_25' title="bbox 229 2370 578 2399">
     <span class='ocr_line' id='line_1_73' title="bbox 229 2370 578 2399; baseline 0 -4"><span class='ocrx_word' id='word_1_353' title='bbox 229 2371 256 2399; x_wconf 88' lang='grc'><strong>3)</strong></span> <span class='ocrx_word' id='word_1_354' title='bbox 275 2370 345 2399; x_wconf 79' lang='lat' dir='ltr'><strong>artis]</strong></span> <span class='ocrx_word' id='word_1_355' title='bbox 367 2370 477 2393; x_wconf 78' lang='lat' dir='ltr'><strong>omittit</strong></span> <span class='ocrx_word' id='word_1_356' title='bbox 496 2370 537 2395; x_wconf 84' lang='lat' dir='ltr'><strong>Ed.</strong></span> <span class='ocrx_word' id='word_1_357' title='bbox 557 2372 578 2395; x_wconf 86' lang='grc'><strong>7.</strong></span> 
     </span>
    </p>

    <p class='ocr_par' dir='ltr' id='par_1_26' title="bbox 228 2421 595 2450">
     <span class='ocr_line' id='line_1_74' title="bbox 228 2421 595 2450; baseline 0.003 -5"><span class='ocrx_word' id='word_1_358' title='bbox 228 2421 256 2449; x_wconf 74' lang='grc'><strong>4)</strong></span> <span class='ocrx_word' id='word_1_359' title='bbox 276 2421 371 2450; x_wconf 78' lang='lat' dir='ltr'><strong>saltim]</strong></span> <span class='ocrx_word' id='word_1_360' title='bbox 391 2421 432 2445; x_wconf 86' lang='lat' dir='ltr'><strong>Ed.</strong></span> <span class='ocrx_word' id='word_1_361' title='bbox 453 2422 474 2445; x_wconf 85' lang='grc'><strong>7.</strong></span> <span class='ocrx_word' id='word_1_362' title='bbox 495 2421 595 2446; x_wconf 79' lang='lat' dir='ltr'><strong>saltem.</strong></span> 
     </span>
    </p>

    <p class='ocr_par' dir='ltr' id='par_1_27' title="bbox 228 2469 642 2499">
     <span class='ocr_line' id='line_1_75' title="bbox 228 2469 642 2499; baseline -0.002 -5"><span class='ocrx_word' id='word_1_363' title='bbox 228 2471 256 2499; x_wconf 85' lang='lat'><strong>5)</strong></span> <span class='ocrx_word' id='word_1_364' title='bbox 276 2470 343 2499; x_wconf 74' lang='lat' dir='ltr'><strong>sunt]</strong></span> <span class='ocrx_word' id='word_1_365' title='bbox 363 2469 404 2494; x_wconf 84' lang='lat' dir='ltr'><strong>Ed.</strong></span> <span class='ocrx_word' id='word_1_366' title='bbox 424 2472 447 2495; x_wconf 84' lang='lat'><strong>3.</strong></span> <span class='ocrx_word' id='word_1_367' title='bbox 467 2474 490 2495; x_wconf 82' lang='grc'><strong>61</strong></span> <span class='ocrx_word' id='word_1_368' title='bbox 510 2471 564 2495; x_wconf 66' lang='lat' dir='ltr'><strong>alh:</strong></span> <span class='ocrx_word' id='word_1_369' title='bbox 585 2472 642 2496; x_wconf 80' lang='lat' dir='ltr'><strong>sint.</strong></span> 
     </span>
    </p>

    <p class='ocr_par' dir='ltr' id='par_1_28' title="bbox 229 2519 730 2550">
     <span class='ocr_line' id='line_1_76' title="bbox 229 2519 730 2550; baseline 0.006 -7"><span class='ocrx_word' id='word_1_370' title='bbox 229 2520 257 2548; x_wconf 83' lang='lat'><strong>6)</strong></span> <span class='ocrx_word' id='word_1_371' title='bbox 276 2519 440 2549; x_wconf 77' lang='lat' dir='ltr'><strong>intelligatur]</strong></span> <span class='ocrx_word' id='word_1_372' title='bbox 460 2520 501 2545; x_wconf 84' lang='lat' dir='ltr'><strong>Ed.</strong></span> <span class='ocrx_word' id='word_1_373' title='bbox 522 2522 543 2545; x_wconf 78' lang='lat'><strong>2.</strong></span> <span class='ocrx_word' id='word_1_374' title='bbox 562 2521 730 2550; x_wconf 74' lang='lat' dir='ltr'><strong>intellegatur.</strong></span> 
     </span>
    </p>
   </div>
   <div class='ocr_carea' id='block_1_18' title="bbox 1197 1174 1219 2403">
    <p class='ocr_par' dir='ltr' id='par_1_29' title="bbox 1197 1174 1219 2403">
     <span class='ocr_line' id='line_1_77' title="bbox 1197 1174 1219 2403; baseline 0 0"><span class='ocrx_word' id='word_1_375' title='bbox 1197 1174 1219 2403; x_wconf 95' lang='lat' dir='ltr'><strong> </strong></span> 
     </span>
    </p>
   </div>
   <div class='ocr_carea' id='block_1_19' title="bbox 1233 1102 1880 1269">
    <p class='ocr_par' dir='ltr' id='par_1_30' title="bbox 1233 1102 1880 1269">
     <span class='ocr_line' id='line_1_78' title="bbox 1236 1102 1798 1146; baseline 0.007 -14"><span class='ocrx_word' id='word_1_376' title='bbox 1236 1102 1495 1134; x_wconf 85' lang='lat' dir='ltr'><strong>Praedestinatio</strong></span> <span class='ocrx_word' id='word_1_377' title='bbox 1646 1104 1798 1146; x_wconf 83' lang='lat' dir='ltr'><strong>Episcopi</strong></span> 
     </span>
     <span class='ocr_line' id='line_1_79' title="bbox 1236 1145 1880 1185; baseline 0.006 -11"><span class='ocrx_word' id='word_1_378' title='bbox 1236 1145 1336 1185; x_wconf 86' lang='lat' dir='ltr'><strong>Signa</strong></span> <span class='ocrx_word' id='word_1_379' title='bbox 1350 1145 1601 1176; x_wconf 85' lang='lat' dir='ltr'><strong>sacramentalia</strong></span> <span class='ocrx_word' id='word_1_380' title='bbox 1645 1146 1880 1178; x_wconf 84' lang='lat' dir='ltr'><strong>Condemnatio</strong></span> 
     </span>
     <span class='ocr_line' id='line_1_80' title="bbox 1238 1186 1819 1220; baseline 0.007 -4"><span class='ocrx_word' id='word_1_381' title='bbox 1238 1197 1241 1213; x_wconf 71' lang='lat'>1</span> <span class='ocrx_word' id='word_1_382' title='bbox 1250 1186 1422 1218; x_wconf 89' lang='lat' dir='ltr'><strong>Hominum</strong></span> <span class='ocrx_word' id='word_1_383' title='bbox 1445 1193 1550 1218; x_wconf 79' lang='lat' dir='ltr'><strong>status</strong></span> <span class='ocrx_word' id='word_1_384' title='bbox 1646 1188 1819 1220; x_wconf 87' lang='lat' dir='ltr'><strong>Beatitudo</strong></span> 
     </span>
     <span class='ocr_line' id='line_1_81' title="bbox 1233 1227 1446 1269; baseline 0.005 -11"><span class='ocrx_word' id='word_1_385' title='bbox 1233 1227 1446 1269; x_wconf 78' lang='lat' dir='ltr'><strong>Magistratus</strong></span> 
     </span>
    </p>
   </div>
   <div class='ocr_carea' id='block_1_20' title="bbox 1220 1289 2048 2424">
    <p class='ocr_par' dir='ltr' id='par_1_31' title="bbox 1220 1289 2048 2424">
     <span class='ocr_line' id='line_1_82' title="bbox 1276 1289 2048 1338; baseline 0.008 -14"><span class='ocrx_word' id='word_1_386' title='bbox 1276 1289 1319 1325; x_wconf 78' lang='lat' dir='ltr'><strong>¹In</strong></span> <span class='ocrx_word' id='word_1_387' title='bbox 1333 1295 1383 1325; x_wconf 89' lang='lat' dir='ltr'><strong>his</strong></span> <span class='ocrx_word' id='word_1_388' title='bbox 1406 1302 1442 1326; x_wconf 88' lang='lat' dir='ltr'><strong>ut</strong></span> <span class='ocrx_word' id='word_1_389' title='bbox 1465 1297 1594 1336; x_wconf 88' lang='lat' dir='ltr'><strong>quidam</strong></span> <span class='ocrx_word' id='word_1_390' title='bbox 1617 1306 1752 1337; x_wconf 86' lang='lat' dir='ltr'><strong>prorsus</strong></span> <span class='ocrx_word' id='word_1_391' title='bbox 1776 1298 2048 1338; x_wconf 87' lang='lat' dir='ltr'><strong>incomprehensi-</strong></span> 
     </span>
     <span class='ocr_line' id='line_1_83' title="bbox 1231 1335 2048 1381; baseline 0.007 -16"><span class='ocrx_word' id='word_1_392' title='bbox 1231 1335 1315 1367; x_wconf 84' lang='lat' dir='ltr'><strong>biles</strong></span> <span class='ocrx_word' id='word_1_393' title='bbox 1344 1342 1435 1374; x_wconf 73' lang='grc'><strong>511111,</strong></span> <span class='ocrx_word' id='word_1_394' title='bbox 1467 1339 1511 1368; x_wconf 90' lang='lat' dir='ltr'><strong>ita</strong></span> <span class='ocrx_word' id='word_1_395' title='bbox 1544 1348 1659 1369; x_wconf 84' lang='lat' dir='ltr'><strong>rursus</strong></span> <span class='ocrx_word' id='word_1_396' title='bbox 1693 1344 1768 1369; x_wconf 82' lang='lat' dir='ltr'><strong>sunt</strong></span> <span class='ocrx_word' id='word_1_397' title='bbox 1791 1340 1931 1380; x_wconf 81' lang='lat' dir='ltr'><strong>quidam,</strong></span> <span class='ocrx_word' id='word_1_398' title='bbox 1965 1351 2048 1381; x_wconf 90' lang='lat' dir='ltr'><strong>quos</strong></span> 
     </span>
     <span class='ocr_line' id='line_1_84' title="bbox 1230 1379 2048 1422; baseline 0.004 -13"><span class='ocrx_word' id='word_1_399' title='bbox 1230 1379 1385 1411; x_wconf 85' lang='lat' dir='ltr'><strong>universo</strong></span> <span class='ocrx_word' id='word_1_400' title='bbox 1413 1379 1513 1420; x_wconf 71' lang='lat' dir='ltr'><strong>vulgo</strong></span> <span class='ocrx_word' id='word_1_401' title='bbox 1543 1379 1801 1411; x_wconf 85' lang='lat' dir='ltr'><strong>Christianorum</strong></span> <span class='ocrx_word' id='word_1_402' title='bbox 1832 1383 2048 1422; x_wconf 88' lang='lat' dir='ltr'><strong>compertissi-</strong></span> 
     </span>
     <span class='ocr_line' id='line_1_85' title="bbox 1230 1421 2048 1463; baseline 0.005 -13"><span class='ocrx_word' id='word_1_403' title='bbox 1230 1430 1301 1450; x_wconf 88' lang='lat' dir='ltr'><strong>mos</strong></span> <span class='ocrx_word' id='word_1_404' title='bbox 1325 1430 1400 1451; x_wconf 85' lang='lat' dir='ltr'><strong>esse</strong></span> <span class='ocrx_word' id='word_1_405' title='bbox 1424 1421 1575 1452; x_wconf 85' lang='lat' dir='ltr'><strong>Christus</strong></span> <span class='ocrx_word' id='word_1_406' title='bbox 1599 1421 1710 1452; x_wconf 86' lang='lat' dir='ltr'><strong>voluit.</strong></span> <span class='ocrx_word' id='word_1_407' title='bbox 1754 1421 1913 1463; x_wconf 84' lang='lat' dir='ltr'><strong>Mysteria</strong></span> <span class='ocrx_word' id='word_1_408' title='bbox 1936 1424 2048 1454; x_wconf 87' lang='lat' dir='ltr'><strong>divini-</strong></span> 
     </span>
     <span class='ocr_line' id='line_1_86' title="bbox 1230 1462 2048 1505; baseline 0.005 -13"><span class='ocrx_word' id='word_1_409' title='bbox 1230 1462 1448 1493; x_wconf 65' lang='lat' dir='ltr'><strong>tatis³1·eetius</strong></span> <span class='ocrx_word' id='word_1_410' title='bbox 1472 1464 1727 1500; x_wconf 74' lang='lat' dir='ltr'><strong>adoraverimus,</strong></span> <span class='ocrx_word' id='word_1_411' title='bbox 1751 1474 1847 1504; x_wconf 90' lang='lat' dir='ltr'><strong>quam</strong></span> <span class='ocrx_word' id='word_1_412' title='bbox 1864 1465 2048 1505; x_wconf 85' lang='lat' dir='ltr'><strong>vestigave-</strong></span> 
     </span>
     <span class='ocr_line' id='line_1_87' title="bbox 1228 1504 2048 1546; baseline 0.004 -12"><span class='ocrx_word' id='word_1_413' title='bbox 1228 1504 1339 1534; x_wconf 75' lang='lat' dir='ltr'><strong>rimus.</strong></span> <span class='ocrx_word' id='word_1_414' title='bbox 1385 1504 1484 1535; x_wconf 90' lang='lat' dir='ltr'><strong>Immo</strong></span> <span class='ocrx_word' id='word_1_415' title='bbox 1508 1505 1578 1535; x_wconf 84' lang='lat' dir='ltr'><strong>sine</strong></span> <span class='ocrx_word' id='word_1_416' title='bbox 1609 1516 1728 1546; x_wconf 86' lang='lat' dir='ltr'><strong>magno</strong></span> <span class='ocrx_word' id='word_1_417' title='bbox 1761 1505 1906 1546; x_wconf 84' lang='lat' dir='ltr'><strong>periculo</strong></span> <span class='ocrx_word' id='word_1_418' title='bbox 1930 1508 2048 1537; x_wconf 83' lang='lat' dir='ltr'><strong>tantari</strong></span> 
     </span>
     <span class='ocr_line' id='line_1_88' title="bbox 1228 1547 2047 1587; baseline 0.004 -12"><span class='ocrx_word' id='word_1_419' title='bbox 1228 1556 1292 1576; x_wconf 90' lang='lat' dir='ltr'><strong>non</strong></span> <span class='ocrx_word' id='word_1_420' title='bbox 1315 1553 1464 1585; x_wconf 82' lang='lat' dir='ltr'><strong>possunt,</strong></span> <span class='ocrx_word' id='word_1_421' title='bbox 1489 1547 1521 1577; x_wconf 90' lang='lat' dir='ltr'><strong>id</strong></span> <span class='ocrx_word' id='word_1_422' title='bbox 1546 1548 1633 1587; x_wconf 90' lang='lat' dir='ltr'><strong>quod</strong></span> <span class='ocrx_word' id='word_1_423' title='bbox 1656 1557 1720 1578; x_wconf 91' lang='lat' dir='ltr'><strong>non</strong></span> <span class='ocrx_word' id='word_1_424' title='bbox 1744 1558 1818 1577; x_wconf 85' lang='lat' dir='ltr'><strong>raro</strong></span> <span class='ocrx_word' id='word_1_425' title='bbox 1849 1549 1954 1578; x_wconf 87' lang='lat' dir='ltr'><strong>sancti</strong></span> <span class='ocrx_word' id='word_1_426' title='bbox 1988 1549 2047 1578; x_wconf 88' lang='lat' dir='ltr'><strong>viri</strong></span> 
     </span>
     <span class='ocr_line' id='line_1_89' title="bbox 1228 1588 2046 1628; baseline 0.002 -11"><span class='ocrx_word' id='word_1_427' title='bbox 1228 1588 1323 1618; x_wconf 82' lang='lat' dir='ltr'><strong>etiam</strong></span> <span class='ocrx_word' id='word_1_428' title='bbox 1351 1594 1427 1618; x_wconf 85' lang='lat' dir='ltr'><strong>sunt</strong></span> <span class='ocrx_word' id='word_1_429' title='bbox 1456 1589 1590 1628; x_wconf 81' lang='lat' dir='ltr'><strong>experti.</strong></span> <span class='ocrx_word' id='word_1_430' title='bbox 1635 1588 1677 1618; x_wconf 81' lang='lat' dir='ltr'><strong>Et.</strong></span> <span class='ocrx_word' id='word_1_431' title='bbox 1708 1599 1806 1619; x_wconf 88' lang='lat' dir='ltr'><strong>carne</strong></span> <span class='ocrx_word' id='word_1_432' title='bbox 1835 1588 1935 1619; x_wconf 88' lang='lat' dir='ltr'><strong>filium</strong></span> <span class='ocrx_word' id='word_1_433' title='bbox 1966 1590 2046 1620; x_wconf 88' lang='lat' dir='ltr'><strong>deus</strong></span> 
     </span>
     <span class='ocr_line' id='line_1_90' title="bbox 1227 1629 2045 1669; baseline 0.002 -10"><span class='ocrx_word' id='word_1_434' title='bbox 1227 1629 1377 1669; x_wconf 84' lang='lat' dir='ltr'><strong>Optimus</strong></span> <span class='ocrx_word' id='word_1_435' title='bbox 1406 1629 1684 1660; x_wconf 74' lang='lat' dir='ltr'><strong>Maximusinduit</strong></span> <span class='ocrx_word' id='word_1_436' title='bbox 1712 1636 1748 1660; x_wconf 90' lang='lat' dir='ltr'><strong>ut</strong></span> <span class='ocrx_word' id='word_1_437' title='bbox 1780 1640 1841 1661; x_wconf 87' lang='lat' dir='ltr'><strong>nos</strong></span> <span class='ocrx_word' id='word_1_438' title='bbox 1866 1642 1886 1661; x_wconf 86' lang='lat' dir='ltr'><strong>a</strong></span> <span class='ocrx_word' id='word_1_439' title='bbox 1904 1636 2045 1661; x_wconf 88' lang='lat' dir='ltr'><strong>contem-</strong></span> 
     </span>
     <span class='ocr_line' id='line_1_91' title="bbox 1226 1670 2044 1713; baseline 0.004 -13"><span class='ocrx_word' id='word_1_440' title='bbox 1226 1670 1369 1710; x_wconf 88' lang='lat' dir='ltr'><strong>platione</strong></span> <span class='ocrx_word' id='word_1_441' title='bbox 1393 1672 1674 1702; x_wconf 76' lang='lat' dir='ltr'><strong>maiestatisisuae</strong></span> <span class='ocrx_word' id='word_1_442' title='bbox 1689 1673 1730 1701; x_wconf 89' lang='lat' dir='ltr'><strong>ad</strong></span> <span class='ocrx_word' id='word_1_443' title='bbox 1754 1673 1872 1709; x_wconf 76' lang='lat' dir='ltr'><strong>carnis,</strong></span> <span class='ocrx_word' id='word_1_444' title='bbox 1896 1673 2044 1713; x_wconf 84' lang='lat' dir='ltr'><strong>adeoque</strong></span> 
     </span>
     <span class='ocr_line' id='line_1_92' title="bbox 1225 1710 2045 1754; baseline 0.002 -12"><span class='ocrx_word' id='word_1_445' title='bbox 1225 1710 1410 1753; x_wconf 85' lang='lat' dir='ltr'><strong>fragilitatis</strong></span> <span class='ocrx_word' id='word_1_446' title='bbox 1425 1715 1449 1749; x_wconf 24' lang='lat'><strong>7¹)</strong></span> <span class='ocrx_word' id='word_1_447' title='bbox 1474 1719 1607 1743; x_wconf 86' lang='lat' dir='ltr'><strong>nostrae</strong></span> <span class='ocrx_word' id='word_1_448' title='bbox 1631 1713 1936 1754; x_wconf 86' lang='lat' dir='ltr'><strong>contemplationem</strong></span> <span class='ocrx_word' id='word_1_449' title='bbox 1965 1715 2045 1744; x_wconf 87' lang='lat' dir='ltr'><strong>invi-</strong></span> 
     </span>
     <span class='ocr_line' id='line_1_93' title="bbox 1225 1754 2042 1795; baseline 0.002 -12"><span class='ocrx_word' id='word_1_450' title='bbox 1225 1760 1318 1784; x_wconf 84' lang='lat' dir='ltr'><strong>taret.</strong></span> <span class='ocrx_word' id='word_1_451' title='bbox 1349 1754 1404 1784; x_wconf 87' lang='lat' dir='ltr'><strong>Sic</strong></span> <span class='ocrx_word' id='word_1_452' title='bbox 1427 1760 1460 1785; x_wconf 84' lang='lat' dir='ltr'><strong>et</strong></span> <span class='ocrx_word' id='word_1_453' title='bbox 1482 1754 1604 1785; x_wconf 83' lang='lat' dir='ltr'><strong>Paulus</strong></span> <span class='ocrx_word' id='word_1_454' title='bbox 1628 1755 1669 1784; x_wconf 86' lang='lat' dir='ltr'><strong>ad</strong></span> <span class='ocrx_word' id='word_1_455' title='bbox 1684 1754 1871 1785; x_wconf 87' lang='lat' dir='ltr'><strong>Corinthios</strong></span> <span class='ocrx_word' id='word_1_456' title='bbox 1896 1755 2042 1795; x_wconf 82' lang='lat' dir='ltr'><strong>[Lepist.</strong></span> 
     </span>
     <span class='ocr_line' id='line_1_94' title="bbox 1227 1795 2043 1836; baseline 0.002 -11"><span class='ocrx_word' id='word_1_457' title='bbox 1227 1795 1255 1832; x_wconf 82' lang='grc'><strong>1,</strong></span> <span class='ocrx_word' id='word_1_458' title='bbox 1279 1796 1344 1834; x_wconf 67' lang='grc'><strong>21.]</strong></span> <span class='ocrx_word' id='word_1_459' title='bbox 1376 1797 1506 1833; x_wconf 82' lang='lat' dir='ltr'><strong>scribit,</strong></span> <span class='ocrx_word' id='word_1_460' title='bbox 1541 1797 1636 1826; x_wconf 85' lang='lat' dir='ltr'><strong>deum</strong></span> <span class='ocrx_word' id='word_1_461' title='bbox 1664 1806 1723 1836; x_wconf 91' lang='lat' dir='ltr'><strong>per</strong></span> <span class='ocrx_word' id='word_1_462' title='bbox 1754 1795 1922 1826; x_wconf 84' lang='lat' dir='ltr'><strong>stultitiam</strong></span> <span class='ocrx_word' id='word_1_463' title='bbox 1951 1807 2043 1836; x_wconf 87' lang='lat' dir='ltr'><strong>prae-</strong></span> 
     </span>
     <span class='ocr_line' id='line_1_95' title="bbox 1225 1837 2043 1874; baseline 0.002 -8"><span class='ocrx_word' id='word_1_464' title='bbox 1225 1838 1408 1874; x_wconf 78' lang='lat' dir='ltr'><strong>dicationis,</strong></span> <span class='ocrx_word' id='word_1_465' title='bbox 1432 1838 1579 1867; x_wconf 88' lang='lat' dir='ltr'><strong>nimirum</strong></span> <span class='ocrx_word' id='word_1_466' title='bbox 1603 1848 1690 1868; x_wconf 87' lang='lat' dir='ltr'><strong>nova</strong></span> <span class='ocrx_word' id='word_1_467' title='bbox 1720 1839 1844 1868; x_wconf 85' lang='lat' dir='ltr'><strong>ratione</strong></span> <span class='ocrx_word' id='word_1_468' title='bbox 1875 1837 1961 1868; x_wconf 87' lang='lat' dir='ltr'><strong>velle</strong></span> <span class='ocrx_word' id='word_1_469' title='bbox 1990 1849 2043 1869; x_wconf 90' lang='grc'><strong>60-</strong></span> 
     </span>
     <span class='ocr_line' id='line_1_96' title="bbox 1224 1880 2039 1919; baseline 0.005 -11"><span class='ocrx_word' id='word_1_470' title='bbox 1224 1880 1356 1919; x_wconf 79' lang='lat' dir='ltr'><strong>gnosci,</strong></span> <span class='ocrx_word' id='word_1_471' title='bbox 1387 1889 1460 1909; x_wconf 88' lang='lat' dir='ltr'><strong>cum</strong></span> <span class='ocrx_word' id='word_1_472' title='bbox 1490 1889 1553 1909; x_wconf 92' lang='lat' dir='ltr'><strong>non</strong></span> <span class='ocrx_word' id='word_1_473' title='bbox 1584 1880 1725 1919; x_wconf 89' lang='lat' dir='ltr'><strong>potuerit</strong></span> <span class='ocrx_word' id='word_1_474' title='bbox 1755 1881 1964 1919; x_wconf 84' lang='lat' dir='ltr'><strong>cognoscilin</strong></span> <span class='ocrx_word' id='word_1_475' title='bbox 1988 1892 2039 1912; x_wconf 84' lang='lat' dir='ltr'><strong>sa-</strong></span> 
     </span>
     <span class='ocr_line' id='line_1_97' title="bbox 1223 1920 2042 1961; baseline 0.004 -11"><span class='ocrx_word' id='word_1_476' title='bbox 1223 1921 1361 1960; x_wconf 76' lang='lat' dir='ltr'><strong>pientia,</strong></span> <span class='ocrx_word' id='word_1_477' title='bbox 1390 1931 1449 1960; x_wconf 90' lang='lat' dir='ltr'><strong>per</strong></span> <span class='ocrx_word' id='word_1_478' title='bbox 1476 1922 1678 1961; x_wconf 84' lang='lat' dir='ltr'><strong>sapientiam.</strong></span> <span class='ocrx_word' id='word_1_479' title='bbox 1729 1920 1869 1951; x_wconf 88' lang='lat' dir='ltr'><strong>Proinde</strong></span> <span class='ocrx_word' id='word_1_480' title='bbox 1898 1932 1962 1952; x_wconf 90' lang='lat' dir='ltr'><strong>non</strong></span> <span class='ocrx_word' id='word_1_481' title='bbox 1992 1929 2042 1953; x_wconf 87' lang='lat' dir='ltr'><strong>est</strong></span> 
     </span>
     <span class='ocr_line' id='line_1_98' title="bbox 1224 1961 2040 2003; baseline 0.002 -11"><span class='ocrx_word' id='word_1_482' title='bbox 1224 1972 1282 1992; x_wconf 85' lang='lat' dir='ltr'><strong>cur</strong></span> <span class='ocrx_word' id='word_1_483' title='bbox 1311 1961 1445 1992; x_wconf 90' lang='lat' dir='ltr'><strong>multum</strong></span> <span class='ocrx_word' id='word_1_484' title='bbox 1475 1973 1594 2002; x_wconf 86' lang='lat' dir='ltr'><strong>operae</strong></span> <span class='ocrx_word' id='word_1_485' title='bbox 1622 1973 1781 2003; x_wconf 83' lang='lat' dir='ltr'><strong>ponamus</strong></span> <span class='ocrx_word' id='word_1_486' title='bbox 1810 1965 1840 1993; x_wconf 90' lang='lat' dir='ltr'><strong>in</strong></span> <span class='ocrx_word' id='word_1_487' title='bbox 1864 1962 1946 1994; x_wconf 80' lang='lat' dir='ltr'><strong>locis</strong></span> <span class='ocrx_word' id='word_1_488' title='bbox 1976 1964 2040 1995; x_wconf 87' lang='lat' dir='ltr'><strong>illis</strong></span> 
     </span>
     <span class='ocr_line' id='line_1_99' title="bbox 1223 2005 2040 2044; baseline 0.004 -11"><span class='ocrx_word' id='word_1_489' title='bbox 1223 2005 1401 2044; x_wconf 78' lang='lat' dir='ltr'><strong>supremis,</strong></span> <span class='ocrx_word' id='word_1_490' title='bbox 1426 2005 1466 2034; x_wconf 89' lang='lat' dir='ltr'><strong>de</strong></span> <span class='ocrx_word' id='word_1_491' title='bbox 1489 2005 1569 2041; x_wconf 85' lang='lat' dir='ltr'><strong>deo,</strong></span> <span class='ocrx_word' id='word_1_492' title='bbox 1600 2005 1641 2034; x_wconf 86' lang='lat' dir='ltr'><strong>de</strong></span> <span class='ocrx_word' id='word_1_493' title='bbox 1663 2006 1803 2042; x_wconf 76' lang='lat' dir='ltr'><strong>unitate,</strong></span> <span class='ocrx_word' id='word_1_494' title='bbox 1832 2006 1872 2035; x_wconf 91' lang='lat' dir='ltr'><strong>de</strong></span> <span class='ocrx_word' id='word_1_495' title='bbox 1899 2007 2040 2037; x_wconf 87' lang='lat' dir='ltr'><strong>trinitate</strong></span> 
     </span>
     <span class='ocr_line' id='line_1_100' title="bbox 1223 2046 2039 2087; baseline 0.005 -12"><span class='ocrx_word' id='word_1_496' title='bbox 1223 2047 1286 2082; x_wconf 82' lang='lat' dir='ltr'><strong>dei,</strong></span> <span class='ocrx_word' id='word_1_497' title='bbox 1311 2046 1350 2076; x_wconf 87' lang='lat' dir='ltr'><strong>de</strong></span> <span class='ocrx_word' id='word_1_498' title='bbox 1374 2047 1529 2087; x_wconf 81' lang='lat' dir='ltr'><strong>mysterio</strong></span> <span class='ocrx_word' id='word_1_499' title='bbox 1554 2047 1738 2083; x_wconf 79' lang='lat' dir='ltr'><strong>creationis,</strong></span> <span class='ocrx_word' id='word_1_500' title='bbox 1763 2047 1803 2077; x_wconf 87' lang='lat' dir='ltr'><strong>de</strong></span> <span class='ocrx_word' id='word_1_501' title='bbox 1816 2048 1912 2077; x_wconf 86' lang='lat' dir='ltr'><strong>modo</strong></span> <span class='ocrx_word' id='word_1_502' title='bbox 1936 2049 2039 2079; x_wconf 90' lang='lat' dir='ltr'><strong>incar-</strong></span> 
     </span>
     <span class='ocr_line' id='line_1_101' title="bbox 1222 2088 2040 2128; baseline 0.004 -10"><span class='ocrx_word' id='word_1_503' title='bbox 1222 2088 1372 2118; x_wconf 74' lang='lat' dir='ltr'><strong>nationis.</strong></span> <span class='ocrx_word' id='word_1_504' title='bbox 1408 2088 1538 2122; x_wconf 86' lang='lat' dir='ltr'><strong>Quaeso</strong></span> <span class='ocrx_word' id='word_1_505' title='bbox 1563 2094 1594 2118; x_wconf 85' lang='lat' dir='ltr'><strong>te</strong></span> <span class='ocrx_word' id='word_1_506' title='bbox 1618 2089 1693 2128; x_wconf 87' lang='lat' dir='ltr'><strong>quid</strong></span> <span class='ocrx_word' id='word_1_507' title='bbox 1717 2089 1965 2120; x_wconf 80' lang='lat' dir='ltr'><strong>adsecutilsunt</strong></span> <span class='ocrx_word' id='word_1_508' title='bbox 1976 2091 2040 2121; x_wconf 89' lang='lat' dir='ltr'><strong>iam</strong></span> 
     </span>
     <span class='ocr_line' id='line_1_102' title="bbox 1222 2128 2035 2171; baseline 0.005 -12"><span class='ocrx_word' id='word_1_509' title='bbox 1222 2136 1269 2160; x_wconf 83' lang='lat' dir='ltr'><strong>tot</strong></span> <span class='ocrx_word' id='word_1_510' title='bbox 1292 2128 1413 2159; x_wconf 86' lang='lat' dir='ltr'><strong>seculis</strong></span> <span class='ocrx_word' id='word_1_511' title='bbox 1437 2128 1625 2160; x_wconf 83' lang='lat' dir='ltr'><strong>scholastici</strong></span> <span class='ocrx_word' id='word_1_512' title='bbox 1648 2129 1879 2171; x_wconf 84' lang='lat' dir='ltr'><strong>Theologistae</strong></span> <span class='ocrx_word' id='word_1_513' title='bbox 1903 2142 1975 2162; x_wconf 91' lang='lat' dir='ltr'><strong>cum</strong></span> <span class='ocrx_word' id='word_1_514' title='bbox 2002 2134 2035 2163; x_wconf 90' lang='lat' dir='ltr'><strong>in</strong></span> 
     </span>
     <span class='ocr_line' id='line_1_103' title="bbox 1220 2170 2037 2204; baseline 0.004 -3"><span class='ocrx_word' id='word_1_515' title='bbox 1220 2171 1272 2202; x_wconf 87' lang='lat' dir='ltr'><strong>his</strong></span> <span class='ocrx_word' id='word_1_516' title='bbox 1295 2170 1377 2201; x_wconf 84' lang='lat' dir='ltr'><strong>locis</strong></span> <span class='ocrx_word' id='word_1_517' title='bbox 1401 2170 1481 2202; x_wconf 85' lang='lat' dir='ltr'><strong>solis</strong></span> <span class='ocrx_word' id='word_1_518' title='bbox 1504 2172 1737 2202; x_wconf 72' lang='lat' dir='ltr'><strong>versarentur?</strong></span> <span class='ocrx_word' id='word_1_519' title='bbox 1781 2173 1898 2203; x_wconf 87' lang='lat' dir='ltr'><strong>Nonne</strong></span> <span class='ocrx_word' id='word_1_520' title='bbox 1920 2175 1953 2204; x_wconf 91' lang='lat' dir='ltr'><strong>in</strong></span> <span class='ocrx_word' id='word_1_521' title='bbox 1974 2175 2037 2204; x_wconf 94' lang='lat' dir='ltr'><strong>dis-</strong></span> 
     </span>
     <span class='ocr_line' id='line_1_104' title="bbox 1223 2213 2037 2254; baseline 0.005 -11"><span class='ocrx_word' id='word_1_522' title='bbox 1223 2214 1458 2253; x_wconf 85' lang='lat' dir='ltr'><strong>ceptationibus</strong></span> <span class='ocrx_word' id='word_1_523' title='bbox 1483 2215 1562 2251; x_wconf 79' lang='lat' dir='ltr'><strong>suis,</strong></span> <span class='ocrx_word' id='word_1_524' title='bbox 1585 2220 1620 2244; x_wconf 90' lang='lat' dir='ltr'><strong>ut</strong></span> <span class='ocrx_word' id='word_1_525' title='bbox 1634 2213 1689 2244; x_wconf 90' lang='lat' dir='ltr'><strong>ille</strong></span> <span class='ocrx_word' id='word_1_526' title='bbox 1701 2215 1755 2251; x_wconf 67' lang='lat' dir='ltr'><strong>ait,</strong></span> <span class='ocrx_word' id='word_1_527' title='bbox 1771 2216 1846 2245; x_wconf 79' lang='lat' dir='ltr'><strong>vani</strong></span> <span class='ocrx_word' id='word_1_528' title='bbox 1858 2214 1935 2246; x_wconf 85' lang='lat' dir='ltr'><strong>facti</strong></span> <span class='ocrx_word' id='word_1_529' title='bbox 1951 2222 2037 2254; x_wconf 84' lang='lat' dir='ltr'><strong>sunt,</strong></span> 
     </span>
     <span class='ocr_line' id='line_1_105' title="bbox 1222 2256 2036 2296; baseline 0.004 -11"><span class='ocrx_word' id='word_1_530' title='bbox 1222 2256 1298 2286; x_wconf 87' lang='lat' dir='ltr'><strong>dum</strong></span> <span class='ocrx_word' id='word_1_531' title='bbox 1331 2261 1399 2286; x_wconf 87' lang='lat' dir='ltr'><strong>tota</strong></span> <span class='ocrx_word' id='word_1_532' title='bbox 1424 2256 1491 2286; x_wconf 87' lang='lat' dir='ltr'><strong>vita</strong></span> <span class='ocrx_word' id='word_1_533' title='bbox 1518 2262 1681 2296; x_wconf 85' lang='lat' dir='ltr'><strong>nugantur</strong></span> <span class='ocrx_word' id='word_1_534' title='bbox 1709 2257 1749 2287; x_wconf 89' lang='lat' dir='ltr'><strong>de</strong></span> <span class='ocrx_word' id='word_1_535' title='bbox 1784 2256 2036 2296; x_wconf 81' lang='lat' dir='ltr'><strong>universalibus,</strong></span> 
     </span>
     <span class='ocr_line' id='line_1_106' title="bbox 1220 2296 2033 2340; baseline 0.005 -13"><span class='ocrx_word' id='word_1_536' title='bbox 1220 2296 1480 2335; x_wconf 85' lang='lat' dir='ltr'><strong>formalitatibus‚</strong></span> <span class='ocrx_word' id='word_1_537' title='bbox 1505 2299 1698 2335; x_wconf 69' lang='lat' dir='ltr'><strong>connotafis,</strong></span> <span class='ocrx_word' id='word_1_538' title='bbox 1724 2304 1755 2329; x_wconf 87' lang='lat' dir='ltr'><strong>et</strong></span> <span class='ocrx_word' id='word_1_539' title='bbox 1778 2298 2033 2340; x_wconf 75' lang='lat' dir='ltr'><strong>nesciolquibus</strong></span> 
     </span>
     <span class='ocr_line' id='line_1_107' title="bbox 1220 2338 2035 2377; baseline 0.005 -9"><span class='ocrx_word' id='word_1_540' title='bbox 1220 2338 1292 2369; x_wconf 86' lang='lat' dir='ltr'><strong>aliis</strong></span> <span class='ocrx_word' id='word_1_541' title='bbox 1316 2340 1465 2370; x_wconf 88' lang='lat' dir='ltr'><strong>inanibus</strong></span> <span class='ocrx_word' id='word_1_542' title='bbox 1488 2339 1669 2377; x_wconf 82' lang='lat' dir='ltr'><strong>vocabulis,</strong></span> <span class='ocrx_word' id='word_1_543' title='bbox 1694 2346 1725 2371; x_wconf 82' lang='lat' dir='ltr'><strong>et</strong></span> <span class='ocrx_word' id='word_1_544' title='bbox 1754 2340 1951 2372; x_wconf 86' lang='lat' dir='ltr'><strong>dissimulari</strong></span> <span class='ocrx_word' id='word_1_545' title='bbox 1982 2352 2035 2372; x_wconf 91' lang='lat' dir='ltr'><strong>eo-</strong></span> 
     </span>
     <span class='ocr_line' id='line_1_108' title="bbox 1220 2380 2035 2424; baseline 0.004 -13"><span class='ocrx_word' id='word_1_546' title='bbox 1220 2392 1291 2412; x_wconf 88' lang='lat' dir='ltr'><strong>rum</strong></span> <span class='ocrx_word' id='word_1_547' title='bbox 1314 2380 1450 2412; x_wconf 83' lang='lat' dir='ltr'><strong>stultitia</strong></span> <span class='ocrx_word' id='word_1_548' title='bbox 1472 2388 1602 2422; x_wconf 73' lang='lat' dir='ltr'><strong>posset,</strong></span> <span class='ocrx_word' id='word_1_549' title='bbox 1626 2383 1686 2412; x_wconf 87' lang='lat' dir='ltr'><strong>nisi</strong></span> <span class='ocrx_word' id='word_1_550' title='bbox 1711 2382 1926 2424; x_wconf 85' lang='lat' dir='ltr'><strong>Evangelium</strong></span> <span class='ocrx_word' id='word_1_551' title='bbox 1956 2384 2035 2414; x_wconf 85' lang='lat' dir='ltr'><strong>inte-</strong></span> 
     </span>
    </p>
   </div>
   <div class='ocr_carea' id='block_1_21' title="bbox 1246 2524 1754 2554">
    <p class='ocr_par' dir='ltr' id='par_1_32' title="bbox 1246 2524 1754 2554">
     <span class='ocr_line' id='line_1_109' title="bbox 1246 2524 1754 2554; baseline 0.004 -6"><span class='ocrx_word' id='word_1_552' title='bbox 1246 2526 1274 2553; x_wconf 85' lang='lat'><strong>7)</strong></span> <span class='ocrx_word' id='word_1_553' title='bbox 1293 2524 1449 2554; x_wconf 78' lang='lat' dir='ltr'><strong>fragilitatis]</strong></span> <span class='ocrx_word' id='word_1_554' title='bbox 1468 2525 1508 2549; x_wconf 87' lang='lat' dir='ltr'><strong>Ed.</strong></span> <span class='ocrx_word' id='word_1_555' title='bbox 1530 2526 1550 2550; x_wconf 84' lang='lat'><strong>7.</strong></span> <span class='ocrx_word' id='word_1_556' title='bbox 1570 2526 1754 2550; x_wconf 61' lang='lat' dir='ltr'><strong>imbecillitatis</strong></span> 
     </span>
    </p>
   </div>
   <div class='ocr_carea' id='block_1_22' title="bbox 2118 1203 2148 1222">
    <p class='ocr_par' dir='ltr' id='par_1_33' title="bbox 2118 1203 2148 1222">
     <span class='ocr_line' id='line_1_110' title="bbox 2118 1203 2148 1222; baseline 0 0"><span class='ocrx_word' id='word_1_557' title='bbox 2118 1203 2148 1222; x_wconf 81' lang='lat'><strong>²0</strong></span> 
     </span>
    </p>
   </div>
   <div class='ocr_carea' id='block_1_23' title="bbox 2091 1303 2155 1331">
    <p class='ocr_par' dir='ltr' id='par_1_34' title="bbox 2091 1303 2155 1331">
     <span class='ocr_line' id='line_1_111' title="bbox 2091 1303 2155 1331; baseline -0.016 -5"><span class='ocrx_word' id='word_1_558' title='bbox 2091 1303 2106 1326; x_wconf 80' lang='lat'>4</span> <span class='ocrx_word' id='word_1_559' title='bbox 2125 1308 2155 1331; x_wconf 66' lang='grc'><strong>,8.</strong></span> 
     </span>
    </p>
   </div>
   <div class='ocr_carea' id='block_1_24' title="bbox 2117 1669 2142 1686">
    <p class='ocr_par' dir='ltr' id='par_1_35' title="bbox 2117 1669 2142 1686">
     <span class='ocr_line' id='line_1_112' title="bbox 2117 1669 2142 1686; baseline 0 0"><span class='ocrx_word' id='word_1_560' title='bbox 2117 1669 2142 1686; x_wconf 87' lang='grc'><strong>10</strong></span> 
     </span>
    </p>
   </div>
   <div class='ocr_carea' id='block_1_25' title="bbox 2113 1885 2139 1904">
    <p class='ocr_par' dir='ltr' id='par_1_36' title="bbox 2113 1885 2139 1904">
     <span class='ocr_line' id='line_1_113' title="bbox 2113 1885 2139 1904; baseline 0.038 -1"><span class='ocrx_word' id='word_1_561' title='bbox 2113 1885 2139 1904; x_wconf 80' lang='lat'><strong>15</strong></span> 
     </span>
    </p>
   </div>
   <div class='ocr_carea' id='block_1_26' title="bbox 2071 2102 2157 2173">
    <p class='ocr_par' dir='ltr' id='par_1_37' title="bbox 2071 2102 2157 2173">
     <span class='ocr_line' id='line_1_114' title="bbox 2111 2102 2142 2120; baseline 0 0"><span class='ocrx_word' id='word_1_562' title='bbox 2111 2102 2142 2120; x_wconf 77' lang='lat'><strong>20</strong></span> 
     </span>
     <span class='ocr_line' id='line_1_115' title="bbox 2071 2144 2157 2173; baseline 0.023 -6"><span class='ocrx_word' id='word_1_563' title='bbox 2071 2144 2108 2173; x_wconf 88' lang='grc'><strong>(3.</strong></span> <span class='ocrx_word' id='word_1_564' title='bbox 2121 2144 2157 2173; x_wconf 82' lang='lat' dir='ltr'><strong>a.)</strong></span> 
     </span>
    </p>
   </div>
   <div class='ocr_carea' id='block_1_27' title="bbox 2086 2303 2148 2333">
    <p class='ocr_par' dir='ltr' id='par_1_38' title="bbox 2086 2303 2148 2333">
     <span class='ocr_line' id='line_1_116' title="bbox 2086 2303 2148 2333; baseline -0.016 -6"><span class='ocrx_word' id='word_1_565' title='bbox 2086 2303 2111 2333; x_wconf 84' lang='lat'><strong>4,</strong></span> <span class='ocrx_word' id='word_1_566' title='bbox 2124 2303 2148 2327; x_wconf 86' lang='lat' dir='ltr'><strong>b.</strong></span> 
     </span>
    </p>
   </div>
  </div>
 </body>
</html>
