2358 2933
147 107 208 139 261

192 1858 217 1888 9,

235 1858 258 1882 b.

591 105 612 135 1.
638 104 738 136 LOCI
760 104 1040 136 THEOLOGICI:
1064 105 1101 136 C.
1126 105 1337 138 SECUNDA
1359 106 1515 138 EORUM
1539 107 1695 138 AETAS.

303 200 421 230 iectum
443 199 594 238 pertinet.
641 197 714 227 Hoc
738 198 955 228 testimonium
985 197 1127 229 clarissi-

303 252 389 271 mum
413 246 472 270 est.
517 240 600 270 Nam
623 239 707 270 haec
737 246 804 270 tota
828 241 972 270 narratio
996 240 1126 271 loannis

302 284 436 324 proprie
458 282 500 312 ad
524 281 588 312 1106
603 283 749 313 instituta
773 287 822 312 est
844 287 879 311 ut
903 282 955 311 dei
978 288 1126 313 naturam

303 325 478 355 describat.
503 335 604 364 (10616
624 325 719 354 etiam
743 324 774 354 in
791 323 864 354 aliis
884 325 1125 355 narrationibus

303 377 388 407 quae
411 377 476 396 0011
497 367 537 396 (16
561 372 677 397 natura
699 365 894 406 loquuntur,
918 367 977 395 sed
1001 367 1041 396 de
1066 367 1124 397 hu-

301 410 406 439 manis
442 407 558 439 officiis
593 409 744 438 divinitus
776 408 933 438 ordinatis
963 409 1124 439 interdum

301 450 494 491 metaphora
522 456 572 481 est
594 451 626 480 in
652 451 781 480 nomine
804 450 883 486 Dei,
906 456 941 480 ut
963 450 1035 491 Ego
1059 451 1124 481 dixi

303 494 345 524 dii
381 494 470 523 estis.
502 498 609 523 tamen
642 493 672 522 in
696 492 758 522 hac
782 493 970 522 narratione
993 494 1123 523 loannis

301 545 441 566 necesse
475 541 525 565 est
558 535 781 574 propriissime
804 535 907 574 accipi
926 535 1125 566 vocabulum

301 578 374 615 Dei,
403 578 515 618 Itaque
544 578 783 607 meminerimus
813 576 877 607 hoc
905 578 1124 608 testiinonium

301 621 389 661 quod
429 620 550 650 diserte
588 620 783 658 pronunciat
816 630 900 659 quae
934 621 975 650 sit
1008 626 1124 650 natura

300 663 392 692 verbi
426 661 552 692 scilicet
586 662 674 701 quod
710 661 795 699 λόγος
824 662 865 691 sit
889 668 1006 692 natura
1030 663 1122 692 deus.

258 729 263 733 .
299 704 341 734 Et
363 703 417 734 vel
439 703 522 734 haec
540 714 606 734 una
628 705 807 734 sententia¹
833 703 1015 735 clarissime
1038 704 1123 734 refu·
1144 739 1145 748 ἵ

299 752 346 777 161
380 746 558 782 Α1·116005,
593 746 647 786 qui
678 757 751 776 cuni
783 747 1003 777 concederent
1038 747 1123 785 λόγον

299 798 475 829 personam
499 798 585 825 6556,
610 793 718 818 tamen
742 790 1045 829 iiegabantrnatura
1069 790 1123 819 de-

298 842 353 861 um
376 841 461 861 esse.
495 830 540 860 At
562 836 737 871 postquam
761 832 926 861 concedas
951 832 1035 870 Myer
1049 842 1122 872 pei·-

300 884 415 904 sonam
442 883 533 910 6556,
562 873 644 903 11666
667 874 838 911 sententia,
862 873 901 903 Et
916 874 930 903 ὁ
953 876 994 914 l²)
1037 875 1123 912 λόγος

299 922 371 947 6161
405 916 503 952 deus,
537 922 655 955 postea
689 916 853 946 convincit
888 917 972 954 λόγον
1005 923 1123 946 natura

299 959 395 988 (1611111
418 968 503 988 6556.
534 957 617 988 111οᾶ
640 958 737 998 igitur
756 958 931 998 praecipue
961 960 1056 989 nobis
1086 958 1122 988 il-

298 1000 503 1030 lustrandum
543 1005 615 1037 651,
657 1000 745 1039 quod
779 1000 863 1038 λόγος
893 1002 935 1030 sit
967 1011 1122 1041 persona,

297 1042 382 1072 Nam
415 1041 497 1072 11666
532 1047 581 1072 651
611 1041 803 1081 principalis
837 1044 1067 1074 controversia
1089 1043 1122 1073 in

298 1084 360 1115 hac
384 1094 494 1114 causa.
551 1083 676 1114 Multae
703 1090 779 1114 sunt
807 1091 942 1115 exortae
965 1085 1122 1116 haereses

298 1132 414 1157 contra
437 1127 627 1163 trinitatem,
657 1127 716 1156 sed
740 1128 901 1167 quaedam
924 1129 1006 1158 adeo
1031 1138 1122 1158 mon-

299 1174 428 1200 strosae
463 1174 538 1199 sunt
571 1174 606 1198 ut
628 1168 859 1200 Valentiniana
882 1175 913 1200 et
935 1169 1122 1206 Manichea,

298 1218 332 1244 ut
355 1211 435 1243 nihil
459 1212 598 1243 afferant
626 1213 714 1253 quod
737 1212 768 1241 in
793 1213 938 1252 speciem
961 1212 1030 1243 ullo
1054 1222 1121 1243 mo-

299 1258 341 1287 do
371 1257 413 1286 sit
435 1253 625 1296 probabile,
660 1254 773 1295 Itaque
804 1253 901 1285 facile
930 1256 1065 1286 iudicari
1091 1260 1122 1285 et

297 1297 403 1329 refelli
427 1303 562 1338 possent
576 1297 644 1327 Sed
655 1296 779 1327 Paulus
793 1296 1030 1328 Samosatenus
1055 1297 1121 1328 cal-

296 1341 454 1372 lidissime
479 1340 643 1371 contendit
667 1339 750 1378 λόγον
769 1350 835 1370 000
848 1350 923 1371 6556
934 1350 1120 1381 personam,

297 1385 357 1415 sed
385 1384 470 1414 sicut
499 1384 531 1413 in
560 1382 692 1412 homine
720 1383 876 1424 cogitatio
900 1383 1041 1413 hominis
1065 1388 1119 1413 aut

297 1436 406 1457 sermo
436 1436 502 1456 non
526 1431 577 1456 est
598 1435 761 1466 persona,
795 1427 854 1456 sed
877 1427 1039 1466 quaedam
1061 1425 1120 1455 ho-

295 1469 389 1500 minis
413 1468 555 1509 qualitas
579 1474 635 1498 aut
657 1468 757 1498 motio
775 1469 950 1506 transiens,
973 1469 1018 1499 ita
1042 1478 1119 1498 con-

297 1512 397 1542 tendit
419 1512 451 1540 in
475 1512 537 1541 deo
557 1511 640 1549 λόγον
662 1521 729 1540 000
752 1520 827 1541 6556
850 1521 1038 1551 1161500610,
1062 1511 1121 1541 56(1

297 1559 421 1584 1601001
454 1553 684 1593 cogitationem
720 1554 822 1592 patris
857 1564 941 1594 quae
975 1554 1017 1584 sit
1050 1554 1121 1593 ipse

295 1596 462 1636 patei-¹3),
507 1600 563 1625 aut
595 1604 778 1625 sermonem
807 1597 910 1635 patris
943 1595 1120 1636 loquentis,

296 1639 351 1679 qui
371 1643 531 1679 quatenus
554 1643 604 1668 est
626 1638 658 1667 in
681 1642 773 1677 patre
786 1643 835 1667 est
855 1638 925 1678 ipse
939 1643 1044 1678 pater,
1057 1639 1120 1668 sic-

295 1686 329 1712 ut
371 1681 507 1711 dicimus
552 1686 692 1711 mentem
725 1686 780 1709 aut
810 1680 986 1711 bonitatem
1017 1681 1119 1721 patris

295 1732 370 1754 esse
403 1724 509 1763 ipsum
542 1729 685 1763 patrem,
719 1721 764 1751 At
793 1724 928 1753 verbum
958 1729 1120 1763 quatenus

297 1771 347 1797 651
369 1776 434 1796 vox
458 1765 578 1803 audita,
598 1774 665 1795 non
688 1770 738 1794 est
762 1765 946 1795 substantia
970 1766 1029 1795 sed
1052 1775 1119 1795 nio-

295 1816 348 1842 tus
371 1810 593 1842 transiens.¹⁴)
628 1806 750 1837 Postea
772 1807 927 1838 Ioannem
950 1808 992 1838 ad
1015 1807 1117 1839 11606Ι

295 1853 593 1894 interpretationem
628 1852 864 1882 accommodat.
910 1852 996 1882 Dicit
1030 1852 1119 1881 initio

294 1896 397 1927 fuisse
431 1897 567 1927 verbum
601 1895 620 1925 i.
656 1904 683 1925 e.
708 1895 939 1935 cogitationem
963 1904 1022 1924 seu
1044 1904 1119 1934 pro-

294 1933 436 1980 posstum
459 1938 521 1969 Dei
545 1938 772 1968 constituentis
786 1938 874 1978 quod
887 1936 967 1967 velit
979 1946 1016 1967 se
1029 1942 1119 1977 pate-

293 1982 404 2014 facere
427 1992 487 2023 per
510 1982 728 2011 conditionem
759 1986 994 2010 creaturarum.
1040 1979 1119 2009 116111

296 2026 382 2068 quod
413 2024 491 2055 velit
521 2034 558 2054 se
581 2023 729 2054 revelare
751 2032 810 2063 per
833 2021 1010 2059 Christum,
1033 2027 1068 2052 ut
1087 2022 1119 2051 in

296 2079 336 2099 eo
369 2068 554 2098 innotescat
588 2071 618 2096 et
651 2076 711 2106 per
734 2075 806 2095 euni
830 2063 935 2095 salvet
958 2064 1117 2094 homines.

296 2111 390 2141 Hanc
415 2109 645 2150 cogitationem
670 2108 745 2139 dicit
768 2106 870 2138 fuisse
883 2108 988 2147 ipsum
1000 2106 1118 2143 Deum,

297 2159 329 2183 et
356 2152 419 2183 hac
442 2152 505 2182 Dei
534 2152 732 2192 cogitatione
759 2150 824 2180 hoc
847 2150 1017 2191 proposito
1043 2150 1140 2190 dieii„

298 2195 405 2226 omnia
435 2195 566 2225 condita
596 2203 686 2231 esse,
721 2193 901 2223 secundum
923 2191 1004 2223 illud
1027 2192 1118 2222 Dixit

145 2344 189 2372 12)
215 2338 228 2365 ὁ
247 2343 278 2366 in
298 2349 394 2376 mury.
416 2340 605 2372 adscriptum
629 2337 747 2362 eirhibel
766 2337 824 2362 Ms.

147 2394 190 2424 13)
216 2394 269 2424 ipse
289 2393 371 2423 pater]
403 2390 449 2416 Ita
477 2393 583 2423 postea
617 2391 754 2413 carrecta
788 2391 936 2413 monstrat
959 2387 1017 2413 MS.
1043 2395 1118 2420 quae
1139 2377 1140 2380 ¹

209 2428 345 2460 primum
365 2424 517 2450 eti-hibuit:
537 2426 561 2449 iii
579 2425 635 2455 ipso
654 2426 734 2454 patre,

429 2476 567 2506 transiens]
600 2474 645 2499 lta
674 2476 780 2506 postea
813 2475 951 2497 correcta
983 2472 1119 2506 loquutur
1139 2481 1141 2485 ⁴

216 2518 292 2543 quae
307 2512 440 2543 primum
462 2511 577 2542 scripta
600 2511 703 2533 erunt:
716 2511 756 2532 est
774 2508 852 2538 patris
871 2510 911 2532 est
929 2509 1013 2532 motus
1032 2510 1118 2531 trans·
1140 2511 1141 2526 1

213 2547 277 2570 iens.

147 2479 190 2509 14)
217 2482 257 2502 est
274 2484 322 2502 vox
341 2496 346 2501 .
368 2497 373 2503 .
393 2495 398 2500 .

1170 198 1262 229 Deus
1286 199 1357 230 Fiat
1379 199 1437 230 lux
1461 205 1522 230 etc.
1569 200 1648 230 Item
1666 205 1782 240 postea
1807 201 1887 230 deus
1912 210 1994 230 voce

1171 243 1278 272 onmia
1302 243 1405 283 gessit
1428 241 1570 283 loquens
1594 243 1633 272 ad
1659 248 1767 282 patres
1781 242 1897 279 Adam,
1910 242 1994 279 Noe,

1170 283 1355 321 Abi-aliam,
1386 285 1427 314 ad
1461 284 1656 324 prophetas,
1691 285 1815 315 addens
1856 285 1994 315 subinde

1169 327 1421 364 promissionesq
1456 327 1560 357 (101166
1595 327 1726 357 tandem
1760 326 1922 357 revelaret
1957 336 1993 357 56

1169 368 1249 396 deus
1276 368 1308 397 in
1333 367 1483 405 Christo,
1518 370 1570 399 ubi
1595 370 1730 400 verbum
1756 369 1789 399 fit
1817 379 1896 399 6610
1919 370 1939 399 i.
1965 380 1992 399 e.

1168 410 1372 449 propositum
1397 409 1476 439 illud
1501 411 1591 451 de¹⁵)
1617 422 1653 440 se
1677 411 1855 441 revelando
1878 412 1910 441 in
1934 411 1992 441 illo

1169 450 1301 481 Chi-isto
1337 462 1396 482 seu
1419 453 1593 492 promissio
1619 454 1658 483 de
1683 452 1814 484 Christo
1834 455 1896 483 iain
1919 464 1991 494 per-

1169 492 1285 524 ficitur.
1305 494 1339 523 tit
1363 504 1440 523 caro
1464 495 1496 523 in
1521 505 1584 535 qua
1608 495 1688 525 deus
1714 505 1751 525 se
1776 495 1877 525 voluit
1901 506 1992 526 reve-

1167 534 1246 572 lare,
1270 535 1311 565 Et
1330 536 1372 565 ait
1391 535 1545 566 loannem
1567 537 1612 566 ita
1636 538 1746 574 ordiri,
1776 544 1810 567 ut
1841 538 1994 568 ostendat

1167 576 1384 618 Evangeliuni
1418 588 1483 607 non
1519 588 1594 609 esse
1618 579 1792 610 humanum
1815 581 1992 617 inventum,

1168 620 1226 650 sed
1254 626 1446 660 perpetuum
1476 621 1526 650 dei
1554 622 1758 661 propositum
1781 620 1883 652 fuisse
1905 622 1993 652 111106

1168 661 1267 692 filiuni
1291 663 1323 692 in
1347 672 1412 702 quo
1436 663 1659 693 innotesceret
1678 669 1710 694 et
1732 674 1792 703 pei·
1816 674 1910 704 quem
1928 663 1992 694 sal—

1167 710 1259 734 varet
1302 704 1451 734 homines
1492 705 1648 735 exhibere
1681 707 1814 743 inundo,
1849 706 1992 746 Ideoque

1166 747 1402 787 promissiones
1426 746 1531 778 factas
1555 758 1641 781 esseq
1677 754 1707 778 et
1731 758 1843 778 omnes
1867 748 1992 779 revela-

1167 790 1274 819 tiones
1300 788 1405 819 factas
1429 799 1521 826 esse,
1552 796 1585 820 ut
1611 797 1721 821 essent
1742 791 1925 821 testimonia
1950 791 1991 821 de

1166 832 1229 861 isto
1265 830 1373 861 futuro
1403 831 1551 869 Christo,
1587 832 1677 863 Haec
1708 839 1758 863 est
1786 832 1992 863 Samosateni

1166 874 1406 914 interpretatio,
1427 885 1523 914 (1116111
1547 874 1611 905 1106
1631 881 1777 915 tempore
1800 881 1936 906 renovat
1961 880 1993 905 et

1167 914 1311 946 defendit
1334 917 1492 947 Sei-vetus
1516 916 1572 947 ille
1586 917 1762 958 Hispanus,
1782 918 1875 948 editis
1898 916 1991 948 libel-

1166 958 1267 995 lisffl),
1291 960 1350 989 sed
1374 957 1614 989 confusissime.
1635 961 1639 977 ¹
1662 959 1722 989 Est
1741 966 1849 990 autem
1867 961 1898 989 in
1918 970 1990 1000 spe-

1167 1002 1248 1031 ciem
1280 1001 1441 1031 concinna
1471 1002 1675 1042 imaginatio,
1705 1003 1781 1042 quia
1806 1001 1921 1032 alludit
1950 1003 1992 1033 ad

1165 1042 1340 1073 humanum
1375 1042 1570 1083 exemplum.
1627 1044 1717 1074 Sicut
1740 1044 1879 1074 hominis
1903 1046 1991 1086 cogi-

1166 1086 1244 1115 tatio
1269 1095 1335 1115 non
1359 1091 1410 1114 est
1432 1096 1586 1125 persona,
1610 1086 1654 1116 ita
1677 1086 1801 1127 fingunt
1814 1086 1893 1117 nihil
1908 1097 1990 1127 opus

1167 1137 1242 1158 esse
1284 1126 1425 1168 aliquam
1460 1128 1511 1158 dei
1547 1129 1779 1169 cogitationem
1813 1140 1990 1170 personam

1166 1169 1294 1206 166616,
1325 1169 1403 1200 116111
1428 1170 1567 1201 Ioannes
1591 1172 1632 1201 de
1656 1170 1712 1201 tali
1735 1172 1838 1202 verbo
1863 1172 1990 1202 videtur

1165 1211 1266 1253 loqui,
1291 1223 1355 1253 quo
1369 1212 1461 1242 Deus
1486 1214 1624 1243 subinde
1643 1214 1729 1243 aedit
1752 1214 1989 1254 promissiones

1165 1265 1254 1291 suas,
1279 1254 1355 1284 Ideo
1379 1254 1538 1286 transfert
1560 1254 1814 1296 appellationem
1838 1258 1928 1286 verbi
1948 1257 1989 1286 ad

1164 1296 1282 1328 vocale
1317 1297 1454 1328 verbum
1486 1298 1629 1328 auditum
1658 1298 1814 1329 Abrahae
1844 1304 1876 1328 et
1905 1298 1988 1328 aliis.

1164 1340 1269 1370 Porro
1293 1349 1397 1370 sonus
1420 1339 1476 1369 ille
1499 1350 1566 1370 non
1590 1346 1640 1371 est
1662 1350 1816 1381 persona,
1836 1340 1989 1381 Denique

1163 1382 1264 1412 inulta
1287 1382 1387 1412 habet
1408 1381 1490 1412 haec
1513 1383 1702 1424 imaginatio
1723 1394 1806 1423 quae
1819 1382 1989 1414 blandiun-

1164 1432 1216 1455 tur
1249 1424 1399 1455 humanis
1433 1425 1588 1466 ingeniis,
1619 1436 1720 1466 quare
1743 1431 1874 1466 oportet
1895 1425 1989 1456 firma

1165 1468 1349 1498 testimonia
1380 1477 1541 1507 quaerere
1583 1478 1667 1508 quae
1698 1468 1873 1498 ostendant
1903 1468 1988 1506 λόγον

1163 1520 1340 1551 personam
1385 1519 1471 1547 6556,
1507 1516 1539 1540 61
1575 1520 1655 1540 vere
1695 1510 1883 1551 significare
1921 1509 1987 1540 tale

1164 1553 1328 1593 quoddam
1351 1553 1507 1590 verbum,
1540 1552 1572 1582 in
1596 1563 1661 1593 quo
1683 1551 1747 1583 Dei
1770 1553 1878 1593 imago
1900 1552 1987 1582 relu-

1164 1605 1243 1625 cens
1267 1605 1410 1635 persona
1435 1605 1494 1625 seu
1518 1594 1708 1635 hypostasis
1731 1601 1792 1631 est,
1811 1605 1895 1635 quae
1913 1605 1986 1635 per-

1163 1648 1244 1667 sona
1280 1637 1424 1678 loquitur
1458 1647 1530 1667 cuni
1561 1637 1709 1677 patribus
1740 1643 1771 1667 et
1805 1637 1985 1677 prophetis.

1163 1679 1304 1710 Facilius
1339 1685 1388 1710 est
1422 1678 1566 1709 refutare
1599 1679 1805 1716 Arrhianos,
1842 1680 1924 1709 Nam
1958 1679 1985 1708 si

1163 1723 1236 1763 quis
1261 1722 1411 1752 concedit
1436 1721 1519 1760 λόγον
1537 1731 1613 1751 6556
1631 1731 1819 1761 personam,
1842 1722 1873 1751 id
1898 1721 1985 1761 quod

1162 1765 1350 1795 fatebantur
1379 1763 1551 1800 Arrhiani,
1583 1763 1723 1794 Ioannes
1752 1769 1866 1804 postea
1896 1763 1986 1794 clare

1162 1813 1301 1838 testatur
1325 1806 1409 1844 λόγον
1432 1816 1508 1836 6556
1532 1807 1637 1836 (1611111.
1684 1806 1749 1837 Sed
1772 1807 1901 1846 utrique
1920 1812 1986 1836 tuni

1161 1850 1316 1880 Arrhiani
1345 1855 1412 1879 tum
1436 1848 1644 1878 Samosateni
1674 1849 1718 1879 ita
1746 1847 1880 1878 refutari
1910 1858 1985 1888 pos-

1162 1898 1248 1929 sunt,
1273 1890 1421 1922 collectis
1445 1891 1636 1920 testimoniis
1661 1891 1701 1920 de
1725 1889 1867 1920 Christo.
1904 1890 1985 1921 Cum

1163 1936 1246 1965 enim
1280 1935 1455 1975 probatum
1487 1939 1536 1963 est
1559 1934 1589 1962 in
1615 1932 1746 1963 Christo
1765 1933 1906 1963 divinam
1928 1943 1985 1962 na-

1162 1984 1267 2008 turam
1292 1986 1378 2013 6556,
1402 1985 1541 2006 0666556
1566 1975 1626 2005 erit
1648 1974 1737 2006 illam
1760 1982 1909 2005 naturam
1933 1984 1983 2004 65-

1163 2031 1199 2050 56
1229 2026 1259 2050 et
1288 2029 1464 2059 personam
1495 2023 1526 2048 et
1562 2018 1672 2049 deum.
1707 2017 1845 2047 Ioannes
1876 2017 1984 2057 itaque

1162 2068 1302 2093 testatur
1325 2062 1410 2099 λόγον
1432 2070 1608 2101 personam
1632 2070 1718 2093 esse.
1742 2070 1815 2089 cum
1829 2059 1871 2089 ait
1894 2064 1984 2098 post-

1163 2116 1201 2136 ea
1226 2105 1266 2135 de
1295 2103 1444 2139 Christo,
1475 2103 1562 2142 quod
1599 2103 1738 2132 mundus
1760 2105 1763 2120 ¹
1788 2111 1846 2141 per
1875 2102 1980 2141 ipsum

1162 2147 1268 2178 factus
1292 2147 1344 2183 sit,
1363 2146 1509 2175 Necesse
1533 2150 1581 2174 est
1604 2145 1702 2185 igitur
1724 2144 1759 2174 In
1772 2143 1904 2174 Christo
1928 2154 1984 2173 na-

1162 2197 1267 2221 turam
1287 2189 1427 2218 divinam
1452 2196 1539 2223 6556,
1564 2186 1684 2227 alioqui
1709 2196 1771 2215 non
1792 2191 1906 2226 posset
1921 2185 1983 2215 dici

1138 2233 1315 2263 'mundum
1345 2240 1404 2271 per
1435 2229 1597 2260 Christum
1633 2239 1707 2259 esse
1726 2227 1864 2264 factum,
1900 2227 1984 2262 Quia

1163 2282 1252 2306 certe
1282 2274 1422 2304 mundus
1448 2282 1514 2302 non
1546 2278 1596 2301 est
1620 2271 1769 2302 conditus
1794 2281 1852 2310 per
1874 2270 1985 2301 huma-

1167 2422 1208 2449 15)
1235 2420 1265 2444 de
1286 2425 1343 2442 om.
1364 2415 1423 2441 MS.

1231 2504 1393 2531 Diaiogoruni
1415 2502 1444 2525 de
1465 2501 1573 2524 trinitate
1593 2500 1651 2524 libb.
1673 2500 1699 2523 H.
1718 2499 1790 2522 1532.

2029 969 2067 997 10,

2020 2112 2058 2141 10,

2084 104 2147 135 262

2085 974 2107 992 8.

2077 2112 2102 2136 b.

1139 2456 1141 2472 Ι
1166 2472 1209 2501 16)
1236 2468 1351 2494 Ser-veti
1370 2466 1462 2491 libelli
1487 2467 1555 2489 ,cunt
1573 2466 1606 2490 De
1625 2466 1743 2490 trinitatis
1763 2465 1890 2489 erroribus
1909 2465 1968 2502 libb.
1989 2464 2036 2502 vil.
2059 2464 2131 2502 1531.

1829 2499 2011 2523 Christianismi
2029 2500 2133 2522 restitu-

1233 2539 1266 2563 tio
1289 2537 1360 2560 1553.
1381 2541 1470 2560 recusa
1484 2534 1593 2559 Noriiiib.
1616 2534 1687 2556 1791.
1708 2530 2131 2563 (6001501111ρ.245511.1ιοῑει*)).

1938 2581 1982 2605 17⁸
