2358 2933
109 128 173 160 273

146 1415 188 1441 20.

207 1421 229 1439 a.

559 124 582 154 1.
606 122 708 154 LOCI
731 120 1008 152 THEOLOGICI:
1032 120 1068 152 G.
1093 120 1303 152 SECUNDA
1320 118 1478 150 EORUM
1502 118 1658 150 AETAS.

263 225 314 250 est
332 219 364 249 in
383 217 514 248 actione
533 214 653 256 aliqua,
673 216 757 245 sicut
777 212 940 250 diffidere,
959 213 1084 250 odisse,

262 262 362 292 irasci
385 260 459 290 Deo
485 264 546 289 etc.
592 257 634 288 Et
652 258 685 288 id
702 263 821 288 vocant
842 254 991 286 naturale
1010 264 1085 295 pcc—

264 310 383 340 catum,
402 300 528 332 scilicet
547 299 600 331 vel
614 301 721 340 ipsam
739 305 876 330 naturae
895 296 1086 339 qualitatem

265 345 321 377 vel
339 345 502 376 actionem
525 344 639 384 ipsam.
654 343 701 382 ⁴⁶)

306 387 402 418 Nunc
427 388 526 417 redeo
560 386 602 416 ad
624 385 765 425 priorem
796 383 1022 423 quaestionem
1046 382 1086 411 de

264 430 489 471 contingentia
507 429 583 459 Ideo
607 431 715 458 autem
733 430 894 466 quaerunt
920 425 1085 465 quomodo

263 473 371 514 possit
390 482 466 502 esse
486 470 719 511 contingentia,
739 468 815 508 quia
829 478 902 498 cuin
913 467 1006 498 Deus
1018 476 1086 496 non

265 514 372 545 solum
390 514 561 555 provideat
580 512 687 542 omnia
705 511 767 540 sed
789 510 886 540 etiam
910 514 1087 540 conservet

265 568 319 588 res
337 567 377 588 ac
398 556 588 587 determinet
608 553 842 593 contingentia,
861 553 1013 583 videntur
1031 561 1087 581 ne-

267 600 415 630 cessario
439 599 548 629 omnia
572 597 658 634 ficri,
689 596 765 636 quia
789 595 904 625 notitia
926 594 989 625 Dei
1020 603 1087 624 non

265 648 376 682 potest
402 639 481 671 falli.
526 640 606 671 Item
631 637 712 669 nihil
735 643 844 677 potest
871 637 940 667 fieri
971 643 1087 667 contra

266 685 434 714 decretum
469 682 542 713 Dei.
593 681 660 713 Sed
692 680 747 710 hic
781 680 920 710 maxime
950 679 1088 720 prodest

267 726 478 756 considerare
494 734 628 754 causam
646 723 784 763 peccati,
802 722 983 763 Postquam
1003 722 1088 751 enim

267 769 477 799 constitutum
497 772 547 796 est
558 765 664 796 Deum
684 775 747 795 non
761 774 835 795 esse
853 770 1000 795 autorem
1011 773 1088 803 pec-

268 811 332 841 cati
345 812 390 846 47)
415 810 474 839 sed
501 808 705 839 voluntatem
729 807 850 838 diaboli
881 814 910 837 et
936 806 1088 843 hominis,

266 851 365 883 facile
384 857 435 882 est
454 851 599 881 iudicare
623 851 711 892 quod
730 860 797 880 non
816 850 923 880 omnia
942 849 1021 879 fiant
1033 858 1089 879 ne-

268 895 414 926 cessario
433 894 633 924 necessitate
645 892 808 923 absoluta.
829 892 905 933 quia
917 892 999 922 enim
1012 900 1089 931 pec-

268 943 375 967 catum
393 937 526 976 proprie
545 946 564 965 a
583 934 751 966 voluntate
764 935 886 965 diaboli
905 940 936 965 et
948 933 1088 964 hominis

268 984 374 1009 ortum
401 984 467 1015 est,
492 979 576 1008 sicut
598 978 701 1018 inquit
726 976 887 1007 Christus.
934 977 1010 1007 Ideo
1037 986 1089 1006 ne-

267 1031 331 1062 que
349 1020 423 1050 Deo
442 1021 646 1059 approbante
669 1029 777 1059 neque
804 1024 945 1060 cogente
973 1017 1089 1048 volun-

266 1069 351 1093 tates
377 1069 512 1091 nostras
542 1060 664 1091 factum
694 1067 753 1091 est.
799 1061 910 1096 Quare
944 1070 1009 1090 non
1039 1066 1090 1090 est

266 1104 457 1135 necessario
476 1102 597 1134 factum
622 1104 820 1134 necessitate
839 1101 1001 1134 absoluta.
1047 1102 1089 1132 Et

266 1147 397 1188 quidem
423 1144 576 1176 voluntas
606 1152 723 1176 nostra
751 1152 828 1176 ante
857 1152 1030 1186 peccatum
1052 1143 1088 1175 li-

267 1190 348 1219 bera
360 1190 405 1223 ⁴5)
429 1187 497 1218 fuit.
542 1187 603 1218 Est
626 1194 735 1218 autem
753 1187 890 1219 libertas
909 1187 1088 1218 voluntatis

267 1241 370 1262 causa
401 1231 644 1271 contingentiae
676 1231 852 1261 actionum.
909 1230 1089 1270 Loquimur

266 1274 351 1304 enim
365 1283 453 1303 nunc
471 1273 512 1303 de
531 1273 754 1313 contingentia
781 1278 969 1303 nostrarum
988 1273 1088 1302 actio-

265 1325 351 1346 num.
396 1315 487 1346 Haec
507 1315 590 1345 ratio
611 1315 650 1345 de
675 1324 776 1345 causa
799 1316 929 1355 peccati
953 1315 1033 1345 satis
1052 1313 1089 1344 il-

265 1357 378 1388 lustris
404 1363 471 1395 est,
501 1363 533 1387 et
557 1357 754 1397 opponenda
783 1364 834 1388 est
859 1356 931 1388 aliis
956 1358 1088 1387 rationi-

265 1401 326 1431 bus
348 1408 351 1418 *
376 1410 461 1440 quae
479 1400 609 1430 omnino
629 1399 747 1430 tollunt
767 1400 1033 1441 contingentiam.
1058 1405 1089 1429 et

264 1443 426 1473 interdum
444 1443 477 1473 in
501 1442 640 1473 curiosis
659 1442 800 1483 ingeniis
813 1444 860 1482 4⁹)
880 1452 1020 1484 magnos
1040 1448 1088 1472 tu-

264 1483 384 1516 multus
411 1486 566 1516 excitant.
612 1484 741 1515 Deinde
767 1485 1016 1516 concedendum
1038 1490 1087 1514 est

266 1532 297 1557 et
315 1527 397 1564 hoc,
427 1528 515 1568 quod
541 1528 704 1567 scriptura
729 1528 840 1560 tribuit
866 1526 1008 1568 aliquem
1033 1527 1087 1557 de-

265 1568 385 1599 lectum
404 1579 443 1600 ac
461 1568 645 1599 libertatem
662 1569 785 1600 homini
803 1569 912 1600 adhuc
923 1575 1000 1610 post
1012 1579 1087 1609 pec-

266 1617 374 1642 catum
392 1611 424 1640 in
442 1611 494 1641 his
515 1621 598 1652 quae
617 1612 767 1642 subiecta
790 1617 866 1642 sunt
890 1613 1008 1642 rationi
1027 1612 1085 1642 hu-

264 1663 380 1683 manae
399 1654 440 1683 ad
461 1652 668 1683 efficiendam
693 1654 849 1684 iustitiam
869 1655 996 1691 carnis,
1021 1654 1085 1684 hoc

265 1701 316 1726 est
335 1694 472 1726 civilem.
516 1695 596 1726 Vult
616 1696 700 1726 enim
724 1694 799 1737 lege
819 1698 966 1727 coerceri
984 1696 1086 1727 homi-

265 1747 341 1775 nes,
367 1744 465 1768 vocat
490 1736 632 1778 aliquam
657 1739 850 1777 sapientiam
875 1745 905 1769 et
931 1739 1087 1769 iustitiam

266 1781 385 1811 carnis.
401 1782 445 1817 ⁵⁰.)
491 1780 582 1811 Sicut
601 1780 701 1821 igitur
712 1780 805 1811 Deus
823 1782 1013 1812 universam
1030 1791 1086 1811 na-

265 1829 371 1853 turam
388 1822 544 1859 condidit,
562 1823 609 1853 ita
628 1823 772 1853 condidit
791 1824 888 1854 etiam
906 1823 972 1853 hoc
995 1829 1086 1854 natu-

265 1875 321 1895 rae
346 1865 466 1895 donum
490 1874 549 1895 seu
573 1866 705 1895 modum
729 1867 848 1907 agendi
875 1865 1027 1897 videlicet
1051 1865 1087 1896 li-

266 1908 436 1938 bertatem.
472 1906 533 1937 Est
544 1913 652 1938 autem
671 1906 819 1945 libertas,
837 1914 873 1939 ut
892 1909 1013 1939 dictum
1026 1913 1087 1945 est,

266 1959 369 1981 causa
387 1949 637 1991 contingentiae.
682 1949 772 1991 Ergo
791 1949 847 1981 illa
877 1962 961 1992 quae
984 1951 1088 1981 libere

266 1997 298 2023 et
320 1993 547 2032 contingenter
572 1992 669 2029 fiunt,
696 1993 766 2032 ipse
784 1994 880 2024 etiam
898 1995 942 2025 ita
960 1993 1087 2034 praevi-

266 2036 321 2065 det
343 2045 383 2065 ac
402 2035 594 2065 determinat
612 2034 721 2075 qualia
747 2042 832 2066 sunt.
878 2035 1086 2067 Resistamus

266 2078 375 2117 itaque
394 2083 425 2107 et
443 2077 475 2107 in
493 2076 557 2107 hac
576 2078 713 2115 ratione,
732 2077 916 2109 libertatem
935 2089 1010 2110 esse
1030 2079 1087 2109 do-

266 2129 342 2150 nuni
362 2119 413 2149 dei
437 2125 468 2149 et
487 2129 570 2159 opus
590 2120 642 2150 dei
659 2120 691 2150 in
710 2127 837 2152 natura.
873 2122 960 2152 unde
979 2121 1087 2162 sequi-

113 2248 157 2278 46)
178 2248 220 2272 His
241 2248 264 2273 in
283 2248 399 2277 margine
418 2247 545 2277 adscripta
564 2250 636 2273 sunt:
654 2249 689 2274 Ne
708 2254 755 2274 nos
774 2249 878 2274 inducas
898 2250 945 2274 etc.
983 2249 1087 2274 indurat

178 2282 345 2311 Pharaonem,
364 2282 442 2306 rerba
460 2285 518 2306 sunt
537 2283 710 2312 promissionis
730 2289 800 2308 more
819 2284 930 2308 hebraeo
950 2285 998 2308 etc.

115 2332 160 2361 47)
179 2333 246 2357 Haec
264 2332 356 2357 iterum
374 2333 418 2363 iis,
438 2339 502 2363 quae
522 2334 547 2358 in
565 2334 636 2359 Editt.
657 2334 788 2364 leguntur,
808 2335 898 2359 similia
917 2337 984 2359 sunt.

114 2382 159 2411 48)
178 2383 221 2420 MS).
240 2385 298 2408 ante
318 2382 412 2407 libera
431 2384 509 2409 habet
525 2382 589 2415 fere
608 2385 778 2413 obliteratum,
797 2386 867 2410 cuius
886 2386 941 2410 loco
960 2386 984 2410 in
1004 2391 1085 2415 marg.

182 2424 213 2441 ve
232 2416 312 2446 (vere
320 2417 345 2448 ἓ)
364 2418 518 2449 adscriptum
539 2421 586 2444 est.

114 2466 160 2496 49)
179 2467 302 2492 interdum
328 2469 353 2493 in
377 2470 481 2494 curiosis
505 2470 623 2501 ingeniis]
649 2470 720 2494 Editt.
742 2471 830 2495 1535.:
855 2471 879 2495 in
904 2477 955 2495 cur.
977 2471 1086 2500 ingeniis
1108 2466 1110 2510 1

184 2507 269 2530 saepe.

128 2598 272 2619 MELANTH.
288 2602 367 2621 OPER.
383 2603 444 2621 voL.
461 2603 517 2621 XXI<

1128 220 1181 243 tur
1207 220 1239 243 et
1269 212 1525 253 contingentiam
1556 221 1641 241 esse.
1687 210 1728 240 Et
1756 215 1789 239 ut
1815 209 1953 239 maxime

1128 254 1220 285 Deus
1255 255 1449 285 determinat
1479 253 1752 294 contingentiam,
1783 257 1891 281 tamen
1921 256 1955 280 ut

1129 298 1271 328 sciamus
1302 298 1348 327 ita
1367 297 1584 327 determinare
1602 302 1637 326 ut
1655 305 1721 325 non
1745 292 1839 324 tollat
1858 292 1956 323 liber-

1130 346 1240 370 tatem.
1288 350 1361 370 cum
1379 339 1464 369 haec
1484 339 1526 368 sit
1544 339 1662 368 modus
1686 337 1816 377 quidam
1835 335 1955 375 agendi

1131 383 1172 412 ab
1196 383 1269 421 ipso
1290 382 1441 412 conditus
1462 387 1493 411 et
1513 382 1654 411 donatus
1673 386 1821 409 naturae.
1862 377 1954 408 Haec

1131 423 1322 463 simpliciter
1346 429 1460 454 tenere
1491 424 1531 453 de
1554 422 1619 452 hoc
1638 423 1771 463 negotio
1792 420 1873 450 satis
1893 425 1955 450 est.

1131 466 1215 496 Nam
1244 467 1329 496 sicut
1360 466 1482 496 creatio
1509 464 1647 505 intelligi
1678 474 1745 493 non
1773 468 1885 503 potest
1915 462 1955 492 ab

1131 507 1197 539 ulla
1217 515 1384 545 creatura,
1403 509 1447 538 ita
1469 517 1576 547 neque
1602 507 1685 537 haec
1709 506 1789 536 satis
1814 504 1958 544 perspici

1131 556 1289 592 possunt,
1309 550 1475 591 quomodo
1494 555 1621 579 maneat
1646 548 1798 584 libertas,
1829 548 1891 577 deo
1912 552 1958 576 ta-

1131 603 1205 624 men
1226 593 1464 623 determinante
1478 591 1710 632 contingentia.
1747 590 1837 620 Haec
1851 589 1959 619 omnia

1132 636 1295 676 pertinent
1315 635 1357 665 ad
1381 633 1583 664 intellectum
1603 633 1790 663 creationis.
1836 631 1875 661 Et
1904 631 1958 671 qui

1132 679 1217 709 haec
1236 676 1387 708 subtilius
1408 677 1575 716 disputant
1594 675 1694 706 multa
1714 673 1876 715 colligunt
1902 674 1958 703 ab·

1134 721 1235 752 surda
1253 725 1286 750 et
1308 717 1567 759 inexplicabilia,
1591 728 1675 758 quae
1702 718 1808 757 magis
1832 721 1959 756 pertur-

1134 765 1211 795 bant
1235 761 1417 792 imbecilles
1436 767 1563 791 mentes
1583 771 1679 800 quam
1700 761 1830 790 docent.

1177 806 1252 836 Non
1277 811 1327 835 est
1349 803 1472 834 inutilis
1495 804 1659 833 distinctio
1691 802 1731 833 de
1762 802 1960 832 necessitate

1135 848 1369 888 consequentis
1412 856 1471 877 seu
1505 844 1659 877 absoluta
1693 851 1726 875 et
1760 844 1960 875 necessitate

1135 890 1401 931 consequentiae.
1437 889 1513 929 quia
1547 889 1713 928 scriptura
1748 897 1849 928 saepe
1883 885 1960 916 facit

1134 934 1332 964 mentionem
1355 931 1575 967 necessitatis,
1600 932 1654 961 ubi
1674 936 1809 961 natura!
1835 929 1960 960 contin-

1136 976 1247 1018 gentia
1269 976 1313 1006 ait
1337 984 1412 1004 esse
1434 974 1635 1004 necessaria.
1666 979 1700 1003 ut
1720 973 1859 1013 Oportet
1876 971 1960 1001 haec

1136 1019 1205 1049 fieri
1236 1018 1295 1048 sed
1324 1026 1390 1047 non
1414 1017 1523 1046 statim
1553 1015 1626 1046 finis
1651 1022 1713 1046 etc.
1758 1015 1820 1045 Est
1849 1016 1960 1054 itaque

1134 1059 1290 1091 absoluta
1318 1060 1518 1095 necessitas,
1549 1057 1657 1098 qualis
1682 1057 1765 1088 haec
1789 1062 1849 1087 est.
1897 1056 1961 1087 Ne-

1136 1112 1232 1133 cesse
1261 1107 1311 1131 est
1343 1102 1440 1132 deum
1475 1110 1568 1137 esse,
1604 1110 1679 1131 esse
1713 1110 1867 1131 veracem
1898 1104 1960 1129 etc.

1133 1144 1351 1176 Necessitatis
1375 1144 1632 1184 consequentiae
1662 1149 1727 1180 est,
1757 1149 1791 1174 ut
1823 1142 1963 1182 Oportet

1133 1188 1220 1218 vinci
1239 1187 1440 1226 Pompeium.
1486 1186 1626 1226 Oportet
1659 1187 1762 1216 everti
1794 1184 1959 1225 lerosoly-

1134 1240 1230 1261 mam.
1276 1229 1367 1259 Haec
1389 1239 1456 1259 non
1479 1235 1556 1259 sunt
1578 1239 1639 1259 sua
1662 1235 1779 1259 natura
1806 1237 1960 1258 necessa-

1135 1274 1201 1310 ria,
1226 1272 1287 1302 sed
1309 1272 1392 1302 fiunt
1414 1272 1615 1308 necessaria,
1639 1269 1693 1302 vel
1717 1271 1793 1311 quia
1811 1271 1893 1300 deus
1917 1271 1962 1300 ita

1136 1315 1351 1351 determinat,
1391 1319 1447 1344 aut
1486 1314 1562 1354 quia
1603 1319 1786 1354 sequuntur
1826 1318 1961 1353 propter

1133 1357 1374 1398 praecedentes
1405 1366 1541 1393 causaS,
1571 1362 1606 1388 ut
1635 1356 1776 1396 Oportet
1803 1355 1961 1386 haereses

1136 1410 1222 1436 esse,
1247 1399 1283 1430 Id
1301 1400 1386 1430 enim
1405 1400 1552 1440 sequitur
1570 1405 1705 1439 propter
1723 1398 1961 1439 praecedentes

1135 1452 1264 1473 causas.
1303 1442 1387 1477 Quia
1410 1443 1495 1473 enim
1518 1440 1670 1473 diabolus
1696 1442 1762 1472 odit
1783 1441 1961 1477 Christum,

1135 1492 1167 1516 et
1184 1486 1302 1525 impios
1320 1489 1431 1525 potest
1449 1486 1586 1515 incitare
1606 1490 1722 1515 contra
1733 1482 1961 1525 Evangelium,

1134 1533 1166 1558 et
1200 1528 1287 1568 impii
1316 1537 1376 1567 per
1411 1537 1486 1558 sese
1521 1528 1638 1558 ardent
1672 1527 1747 1558 odio
1777 1525 1961 1567 Evangelii,

1133 1570 1212 1600 Ideo
1238 1575 1367 1610 oportet
1390 1569 1546 1601 haereses
1571 1579 1657 1606 esse,
1676 1571 1708 1600 in
1732 1570 1850 1610 quibus
1873 1568 1961 1599 lace-

1131 1618 1206 1643 rant
1229 1617 1262 1642 et
1276 1618 1486 1653 corrumpunt
1500 1611 1717 1653 Evangelium
1739 1613 1836 1652 impii.
1870 1610 1963 1642 Haec

1132 1666 1206 1686 cum
1237 1656 1301 1685 sint
1328 1661 1447 1686 natura
1467 1656 1707 1696 contingentia,
1738 1660 1848 1685 tamen
1880 1654 1961 1684 fiunt

1131 1697 1334 1735 necessaria,
1352 1698 1412 1728 sed
1424 1699 1623 1728 necessitate
1643 1698 1960 1738 consequentiae-5¹>

1132 1802 1204 1841 De
1252 1801 1444 1841 viribus
1489 1802 1717 1841 humanis·
1761 1815 1847 1840 seu
1899 1800 1957 1839 de

1432 1874 1488 1905 lib.
1512 1876 1658 1906 arbitrio.

1176 1950 1325 1981 Necesse
1355 1956 1405 1981 est
1437 1952 1477 1982 de
1508 1953 1632 1983 viribus
1663 1951 1813 1984 humanis
1837 1951 1959 1993 aliquid

1133 1993 1294 2034 praefari,
1335 1999 1371 2024 ut
1407 2003 1446 2024 ea
1482 2004 1566 2035 quae
1595 2001 1716 2035 postea
1746 1996 1786 2026 de
1820 2001 1958 2035 peccato

1135 2036 1214 2066 Item
1234 2036 1274 2066 de
1297 2035 1328 2066 le
1355 2046 1390 2073 e,
1420 2037 1461 2067 de
1491 2037 1650 2068 beneficio
1675 2037 1795 2069 Christi
1820 2038 1958 2068 dicenda

1133 2084 1243 2113 erunt,
1271 2077 1335 2108 faci
1352 2080 1401 2108 ius
1425 2078 1563 2120 intelligi
1582 2081 1720 2120 possint.
1767 2079 1849 2110 Cum
1873 2081 1958 2110 enim

1133 2122 1300 2162 quaeritur
1324 2121 1365 2151 de
1395 2120 1451 2152 lib.
1475 2123 1628 2159 arbitrio,
1656 2123 1822 2163 quaeritur
1851 2121 1957 2163 qualis

1132 2165 1174 2194 sit
1196 2170 1315 2194 natura
1337 2163 1489 2199 hominis,
1512 2175 1554 2195 an
1578 2166 1609 2195 in
1632 2164 1694 2196 hac
1719 2171 1874 2205 corrupta
1899 2176 1955 2196 na-

1132 2212 1206 2236 tura
1228 2207 1335 2246 possit
1358 2216 1434 2237 esse
1457 2217 1538 2237 vera
1567 2213 1598 2237 et
1626 2206 1775 2248 perfecta
1803 2207 1956 2238 obedien—

1131 2250 1175 2279 tia
1199 2258 1278 2289 erga
1302 2248 1409 2290 legem
1438 2249 1488 2280 dei
1512 2250 1583 2280 sine
1611 2256 1766 2291 peccato,
1811 2249 1883 2280 Hoc
1906 2256 1957 2281 est

1131 2301 1173 2322 an
1202 2292 1235 2322 in
1264 2297 1383 2322 natura
1410 2291 1549 2322 hominis
1580 2294 1620 2323 sit
1652 2302 1731 2323 vera
1760 2292 1876 2322 notitia
1904 2293 1955 2323 dei

1132 2334 1204 2364 sine
1227 2334 1440 2371 dubitatione,
1465 2344 1563 2365 verus
1588 2337 1698 2372 timor,
1722 2345 1802 2365 vera
1826 2334 1955 2372 fiducia,

1131 2386 1211 2407 vera
1230 2375 1361 2406 dilectio
1391 2378 1460 2414 dei,
1490 2377 1628 2418 denique
1652 2387 1778 2408 summa
1801 2378 1954 2408 obedien-

1201 2555 1248 2580 loci
1267 2555 1352 2584 finem,
1372 2556 1396 2579 in
1414 2556 1458 2580 MS.
1478 2561 1528 2580 non
1546 2556 1673 2585 leguntur.

1905 2604 1934 2627 18

1997 936 2037 964 20,

2047 116 2111 147 274

2057 935 2080 959 b.

271 2552 275 2557 θ
352 2553 356 2557 .
1108 2519 1110 2559 Ι
1132 2522 1177 2553 51)
1198 2522 1266 2551 Quae
1285 2521 1332 2551 his,
1351 2522 1375 2546 in
1394 2521 1467 2546 Editt.
1491 2522 1569 2551 1535.Ί
1589 2522 1700 2551 proxime
1721 2525 1862 2553 sequuntur
1879 2528 1960 2552 usque
1980 2525 2012 2549 ad
2031 2526 2104 2550 huius

120 2550 165 2580 50)
185 2551 251 2575 Haec
270 2558 294 2576 1n
314 2553 386 2577 Editt.
407 2554 506 2578 desunt.
1108 2562 1110 2575 s
