2358 2933
84 115 149 145 865

89 215 130 235 va
153 203 294 234 tristiore
318 201 498 233 offensione
520 200 635 241 inquit,
658 200 746 240 quod
770 197 967 229 contumelia
989 197 1060 228 affi-

90 246 244 285 ciant3¹²³)
269 253 389 284 corpus
413 249 445 274 et
468 243 659 284 sanguinem
684 242 825 272 Domini.
856 240 984 271 Deinde
1007 240 1062 270 ad-

90 289 136 318 dit
157 287 293 318 alteram
316 287 612 316 comminationem:
657 284 768 316 Edens
790 289 823 313 et
845 283 960 313 bibens
982 282 1062 312 indi·

91 339 155 371 gne
176 330 328 360 iudicium
352 329 413 359 sibi
437 329 502 358 edit
525 334 557 358 et
580 327 670 363 bibit,
688 337 754 357 non
773 326 967 356 discernens
991 334 1063 354 cor—

90 381 153 412 pus
176 371 319 407 Domini,
341 371 373 400 id
393 376 456 408 est,
478 379 618 410 poenam
636 369 698 399 sibi
721 368 863 400 accersit
879 377 944 397 non
957 365 1063 396 solum

93 424 151 453 pro
172 413 338 454 prioribus
360 413 517 451 peccatis,
549 411 610 441 sed
633 411 728 441 etiam
751 419 811 450 pro
835 409 899 439 hoc
924 407 1062 445 scelere,

92 456 180 496 quod
204 454 401 485 contumelia
423 453 524 485 afficit
546 463 667 492 corpus
689 452 832 483 Domini.
865 451 1065 481 Necessaria

93 503 143 528 est
165 498 264 539 igitm·
285 498 483 537 poenitentia
508 507 566 527 seu
589 496 684 525 timor
706 495 768 525 Dei
791 495 823 524 in
846 493 910 530 his,
935 493 989 534 qui
1012 503 1065 523 ac-

93 540 212 570 cedunt
234 540 276 570 ad
296 540 565 570 communionem.

178 581 220 612 Et
243 582 374 622 quidem
398 583 438 612 de
459 587 598 621 utraque
619 589 667 617 re,
691 580 731 610 de
749 579 947 619 poenitentia
970 583 1001 608 et
1025 578 1066 608 de

94 624 168 662 fide,
192 624 406 655 concionatur
438 622 521 653 11300
553 624 626 661 11153
648 622 749 660 actio,
783 620 968 652 celebratur
1002 630 1067 650 010-

94 667 196 697 0101·13
230 667 341 697 mortis
365 665 497 696 Christi.
542 665 659 701 Audis,
695 674 816 704 corpus
851 662 973 693 Christi
1006 672 1066 702 pro

94 715 128 738 te
161 709 270 738 datum
304 718 396 743 055ος
429 707 549 744 Αο(115,
574 707 766 747 sanguinem
788 716 849 746 pro
873 711 905 735 te
930 704 1068 735 effusum

96 760 183 781 esse.
228 750 319 780 Haec
348 751 451 780 verba
480 759 542 779 nos
564 750 702 789 primum
727 750 767 779 de
789 748 911 789 ingenti
934 748 982 777 ira
1004 746 1067 777 Dei

96 793 255 823 adversus
290 798 402 822 nostra
439 798 577 832 peccata
612 790 907 822 commonefaciunt
922 813 929 825 ‚
970 800 1069 830 quam

96 845 170 866 0001
192 833 355 865 nullorum
378 834 543 865 hominum
565 840 621 864 aut
632 833 836 875 Angelorum
853 833 990 863 virtutes
1014 838 1068 862 aut

96 878 212 907 merita
246 876 379 916 placare
413 877 592 917 potuerint,
626 877 684 906 sed
708 875 779 906 Filii
813 881 916 906 morte
944 873 1069 915 placari

97 920 289 959 oportuerit,
308 920 361 958 pia
385 929 478 949 mens
503 919 644 949 iudicare
667 924 786 958 potest,
809 924 981 958 peccatum
1005 926 1070 946 11011

96 971 173 992 0550
206 960 279 992 leve
306 960 436 991 malum.
479 959 604 992 Multae
627 971 766 1001 magnae
790 960 990 991 calamitates
1014 958 1071 988 hu-

96 1013 223 1040 103030.
246 1004 362 1040 morbi,
386 1002 496 1040 exilia,
521 1002 694 1043 supplicia,
717 1004 865 1043 inopiae,
889 1001 992 1038 bella,
1016 1011 1071 1031 ne-

98 1055 156 1076 ces
179 1051 211 1076 et
233 1044 316 1076 aliae
338 1056 516 1076 aerumnae
550 1046 645 1086 signa
679 1052 752 1075 sunt
776 1046 846 1076 irae
868 1045 932 1075 Dei
957 1044 1071 1074 adver-

98 1097 156 1118 sus
178 1094 361 1128 peccatum,
396 1095 428 1119 et
450 1088 545 1119 nobis
569 1088 738 1128 impositae
762 1094 849 1125 sunt,
872 1093 907 1117 ut
930 1087 970 1116 de
993 1085 1072 1116 iudi—

98 1130 149 1160 cio
185 1135 217 1160 et
249 1130 297 1160 ira
321 1130 382 1162 Dei
416 1132 665 1165 admoneamur3
700 1130 766 1161 Sed
790 1129 888 1170 longe
911 1128 1071 1159 illustrius

98 1173 319 1203 testimonium
353 1179 405 1203 est
439 1174 579 1214 ingentis
614 1173 682 1203 irae
716 1171 816 1202 Filius
850 1171 912 1202 Dei
946 1170 1071 1201 sudans

99 1215 304 1256 sanguinem,
328 1214 457 1246 luctans
482 1225 554 1246 cum
573 1215 622 1245 ira
633 1214 706 1252 Dei,
726 1213 902 1250 laceratus,
924 1213 1071 1254 pendens

98 1257 130 1287 in
165 1268 273 1288 cruce.
319 1258 392 1287 Hoc
426 1258 610 1288 testimonio
645 1257 673 1286 si
707 1257 780 1296 quis
814 1266 880 1286 000
910 1260 1072 1290 movetur,

97 1309 160 1329 nec
184 1300 375 1340 expavescit
399 1299 598 1340 cogitatione
621 1299 690 1328 irae
712 1298 776 1328 Dei
800 1304 832 1328 et
855 1298 968 1328 mortis
981 1296 1073 1328 Chri-

98 1341 140 1371 sti
173 1341 206 1371 in
238 1340 301 1371 1130
328 1343 399 1381 11153
421 1341 551 1372 actione
570 1347 601 1371 et
623 1341 884 1378 manducatione,
906 1350 972 1370 non
997 1349 1074 1370 con-

99 1384 233 1421 siderat,
256 1384 332 1424 quid
355 1384 408 1414 hic
432 1390 559 1424 agatur.
605 1383 633 1413 Ο
659 1383 733 1413 1050
756 1382 904 1420 Christe,
926 1381 988 1412 Fili
1011 1381 1074 1411 Dei

98 1426 175 1463 vivi,
208 1436 268 1466 pro
303 1427 397 1456 nobis
432 1425 588 1456 crucifixe
622 1432 654 1455 et
687 1427 895 1462 resuscitate,
929 1424 1074 1455 accende

99 1474 226 1499 mentes
249 1475 394 1506 nostras,
417 1474 452 1498 ut
475 1468 516 1498 ad
527 1467 635 1498 Deum
658 1474 900 1504 convertamur,
922 1477 984 1497 nec
997 1476 1074 1497 con-

100 1516 282 1541 temnamus
309 1510 389 1541 iram
414 1511 483 1540 eius
507 1516 538 1540 et
561 1516 647 1540 tuam
670 1516 824 1547 mortem,
848 1510 908 1540 sed
932 1519 1010 1540 vere
1033 1509 1074 1538 ad

101 1553 300 1594 agnitionem
322 1559 451 1583 tuorum
475 1551 710 1583 beneficiorum
734 1559 765 1583 et
788 1552 924 1583 mirandi
949 1549 1076 1582 consilii

101 1595 142 1625 de
164 1601 219 1626 tua
237 1602 342 1626 morte
365 1596 546 1625 flectamur.

187 1637 303 1679 Longe
332 1643 465 1678 superat
499 1637 564 1668 hoc
587 1636 758 1668 consilium
781 1637 967 1667 universam
990 1636 1076 1676 sapi-

102 1681 219 1711 entiam
238 1681 379 1711 omnium
403 1686 636 1711 creaturarum.
681 1679 758 1710 Ideo
787 1685 821 1710 tu
842 1689 917 1716 nos,
941 1677 1001 1709 Fili
1014 1678 1076 1709 Dei

101 1722 178 1754 lesu
190 1721 332 1760 Christe,
355 1723 498 1759 erudias,
513 1723 567 1763 qui
580 1722 689 1752 dixisti
703 1721 795 1759 [Luc.
811 1722 861 1759 10,
873 1722 958 1759 22.]:
971 1721 1075 1751 Nemo

102 1766 193 1796 novit
214 1764 344 1795 Patrem
367 1765 429 1795 nisi
451 1763 564 1802 Filius,
589 1770 620 1795 et
644 1765 694 1795 cui
717 1763 818 1794 Filius
842 1763 1049 1794 revelaverit.

188 1807 316 1838 Deinde
339 1813 369 1838 et
393 1807 475 1838 fides
497 1807 689 1838 necessaria
714 1813 780 1844 est,
802 1812 918 1847 petens
938 1812 969 1836 et
992 1807 1076 1836 acci-

102 1850 195 1890 piens
228 1850 455 1880 remissionem
488 1855 710 1890 peccatorum.
755 1849 839 1880 Nam
866 1849 920 1879 hic
943 1848 1077 1879 offertur

103 1893 252 1923 remissio
286 1898 497 1931 peccatorum
531 1899 562 1922 01
585 1890 768 1932 applicatur
792 1891 948 1922 credenti.
995 1889 1077 1921 Cum

103 1935 187 1966 enim
209 1933 264 1965 1110
287 1935 423 1972 dicatur,
446 1934 507 1964 Hic
532 1939 583 1965 est
606 1935 741 1974 sanguis
764 1935 841 1964 novi
864 1933 1076 1970 Testamenti,

103 1978 315 2008 admonemur
339 1977 379 2007 de
401 1977 557 2007 universo
580 1975 775 2017 Evangelio,
800 1977 840 2006 de
863 1982 933 2006 toto
958 1975 1078 2006 benefi-

103 2019 155 2050 cio
188 2020 267 2050 novi
299 2019 510 2050 Testamenti.
555 2019 595 2049 Et
629 2018 711 2049 haec
745 2019 920 2059 promissio
944 2018 1078 2059 requirit

103 2061 210 2098 fidem,
234 2066 269 2091 ut
292 2071 393 2101 supra
411 2063 532 2092 dictum
555 2067 605 2092 est
630 2062 774 2102 copiose.
820 2061 863 2091 At
886 2071 953 2091 1100
976 2071 1079 2102 agens

102 2104 335 2144 poenitentiam
354 2114 415 2134 nec
434 2104 513 2144 petit
524 2114 586 2134 000
597 2105 715 2144 30011111
727 2104 962 2134 remissionem.
1008 2103 1079 2134 Hac

103 2146 202 2188 igitur
214 2146 363 2177 doctrina
374 2147 565 2186 praemoniti
578 2147 798 2177 exuscitemus
811 2147 937 2177 animos
950 2146 991 2176 ad
1003 2155 1080 2186 poe-

103 2189 271 2220 nitentiam
290 2194 322 2218 et
335 2188 512 2219 afferamus
525 2189 632 2219 tidem.
677 2188 786 2230 Digne
798 2189 896 2230 igitur
908 2189 1079 2226 accedunt,

104 2231 159 2272 qui
178 2232 264 2262 serio
284 2237 385 2271 agunt
404 2231 646 2271 poenitentiam,
664 2238 695 2262 et
713 2232 787 2262 ideo
802 2232 842 2262 ad
856 2231 1000 2262 Coenam
1012 2230 1080 2261 Do-

104 2273 181 2304 mini
215 2274 393 2311 accedunt,
416 2279 451 2304 ut
473 2272 722 2305 commonefacti
746 2273 810 2305 hoc
833 2274 1018 2304 testimonio
1048 2280 1080 2304 et

105 2316 326 2355 promissione
345 2317 421 2346 novi
444 2315 643 2346 Testamenti
667 2317 764 2347 tidem
788 2316 992 2348 confirment.
1026 2316 1080 2347 Ad

105 2358 170 2388 hoc
192 2358 292 2399 igitur
313 2359 449 2398 prodest
472 2359 679 2389 manducatio
702 2361 813 2401 agenti
836 2360 1079 2399 poenitentiam,

105 2399 259 2431 videlicet
282 2401 325 2431 ad
349 2401 445 2431 fidem
465 2401 734 2438 confirmandam,
757 2412 821 2443 qua
843 2412 976 2432 sumens
1000 2411 1079 2432 vere

107 2443 318 2483 consequitur
353 2443 578 2474 remissionem
612 2451 821 2484 peccatorum
857 2451 887 2475 et
923 2444 1101 2484 Spiritum*

107 2536 166 2566 31³)
184 2535 306 2566 afficiant]
319 2537 393 2562 Editt.
416 2537 456 2559 22.
477 2538 516 2561 24.
537 2537 577 2561 28.
597 2538 636 2562 29.
655 2537 773 2567 31-33.,
791 2538 850 2569 opp.
871 2540 892 2563 l.
911 2539 933 2562 2.
953 2538 1074 2563 afficiunt.

260 2595 404 2614 namura.
421 2595 501 2614 open.
516 2595 572 2613 voL
595 2595 652 2613 xxr.

568 102 591 135 l.
614 102 716 138 LOCI
737 102 1011 137 THEOLOGICI:
1033 103 1077 136 D.
1100 103 1259 136 TERTIA
1276 101 1432 135 EORUM
1451 102 1605 134 AETAS.

2015 100 2079 132 866

1106 204 1266 228 sanctum.
1301 196 1337 226 Si
1360 205 1447 226 nova
1467 205 1534 225 vox
1555 193 1618 224 Dei
1641 194 1682 224 de
1705 192 1800 224 coelo
1823 202 1958 230 500305,
1980 199 2080 223 testa-

1107 246 1196 271 retur
1218 246 1249 269 te
1271 239 1372 278 recipi
1395 239 1426 268 111
1450 237 1604 278 gratiam,
1635 242 1703 267 tum
1725 245 1805 266 vero
1829 236 1951 276 ingenti
1973 235 2080 264 animo

1108 283 1236 313 diceres
1260 287 1292 311 te
1315 280 1389 311 Deo
1414 279 1612 310 crediturum
1636 287 1712 308 esse
1734 287 1775 308 ac
1797 278 1921 318 gratias
1944 285 2080 317 ageresg

1109 325 1165 355 Sic
1189 323 1332 364 oportuit
1353 323 1385 352 in
1408 322 1472 352 hoc
1483 323 1526 354 32)
1551 331 1613 351 usu
1637 320 1841 352 Sacramenti
1864 329 1925 349 nos
1949 319 2080 349 sentire.

1108 366 1262 396 Testatur
1274 364 1425 395 Christus
1448 363 1513 394 hoc
1529 369 1619 393 tanto
1637 363 1775 404 pignore
1793 368 1824 392 te
1841 361 1952 401 recipi,
1966 367 2000 391 te
2012 360 2082 390 fieri

1109 409 1287 438 membrum
1300 408 1351 437 sui
1363 406 1523 446 corporis-
1560 405 1630 435 Hoc
1643 405 1828 435 testimonio
1837 404 2020 434 admonitus
2029 412 2082 433 ve-

1109 461 1145 481 re
1162 456 1194 480 te
1218 450 1318 489 recipi
1336 450 1377 479 ab
1395 449 1468 488 ipso
1488 448 1604 477 credas
1625 453 1657 477 et
1669 446 1731 477 1130
1745 446 1807 476 fide
1819 448 1954 477 invoces
1964 445 2082 481 Deum,

1110 502 1192 533 agas
1207 493 1330 533 gratias
1339 490 1482 526 Christo,
1497 489 1584 528 quod
1597 495 1700 519 morte
1713 499 1773 519 sua
1780 487 2082 528 placaritiramDei‚

1112 535 1200 575 quod
1224 534 1347 564 dederit
1371 533 1466 563 nobis
1489 530 1705 572 Evangelium
1728 537 1760 561 et
1783 540 1843 560 sua
1866 530 2060 560 testimonia.

1196 576 1406 606 Reiiciendus
1441 580 1491 604 est
1524 574 1622 614 igitur
1655 583 1747 603 error
1780 572 2019 603 monachorum
2052 578 2083 602 et

1113 617 1393 654 Sacrificulorum,
1417 617 1472 658 qui
1495 615 1660 646 finxerunt
1683 625 1723 645 ex
1747 624 1848 654 opere
1871 620 2025 654 operato,
2050 620 2084 644 ut

1090 673 1093 676 ⁴
1113 660 1305 701 loquuntur.
1339 661 1410 690 sine
1444 660 1530 689 bono
1560 663 1650 689 motu
1671 658 1792 688 utentis
1815 657 1977 697 prodesse
1999 666 2085 687 sum·

1112 705 1264 744 ptionem.
1310 701 1405 732 Unde
1427 700 1511 731 haec
1533 699 1725 730 pharisaica
1749 698 1960 730 deliramenta
1981 698 2085 729 10Εο-

1115 745 1247 776 clesiam
1279 744 1501 785 irrepserunt?
1541 742 1647 773 Clarc‘
1669 743 1785 772 dicitur
1816 740 1921 779 [Rom.
1948 741 1977 778 l,
2001 741 2080 778 17.]:

1115 789 1222 819 Iustus
1246 787 1310 818 fide
1333 797 1395 817 sua
1417 787 1515 817 vivet.
1551 785 1661 820 Quare
1682 785 1715 815 in
1738 784 1922 824 sumptione
1944 792 2083 813 necesse

1115 837 1166 861 est
1187 830 1347 861 accedere
1371 830 1479 865 fidem,
1501 827 1660 868 plurimas
1683 837 1738 857 res
1762 827 1918 857 maximas
1942 826 2087 867 cogitan-

1115 880 1197 909 tem.
1232 874 1314 903 iram
1336 871 1398 902 Dei
1433 872 1594 901 adversus
1627 874 1813 909 peccatum,
1847 874 1985 898 mortem
2017 866 2089 898 Filii

1115 916 1190 952 Dei,
1214 925 1278 955 qua
1300 914 1399 944 Pater
1421 912 1570 954 placatus
1595 919 1658 945 est,
1683 912 1892 942 donationem
1914 909 2088 951 Evangelii

1117 965 1146 989 et
1167 958 1464 993 Sacramentorum,
1500 956 1617 996 quibus
1652 955 1747 985 nobis
1781 952 1924 994 applicat
1953 953 2089 992 promis-

1117 1011 1187 1031 sam
1222 999 1447 1030 remissionem
1479 1004 1701 1038 peccatorum.
1756 996 1841 1027 Nam
1876 995 2090 1026 Sacramenta

1117 1041 1255 1084 singulis
1279 1040 1444 1082 applicant
1480 1040 1741 1080 promissionem.
1786 1038 1827 1068 Et
1848 1039 1881 1068 in
1903 1037 1966 1068 hac
1989 1033 2090 1068 actio*-

1117 1096 1158 1116 110
1183 1084 1334 1115 Christus
1359 1094 1420 1113 nos
1444 1084 1506 1113 sibi
1530 1090 1683 1122 tanquam
1706 1082 1851 1112 membra
1868 1080 2025 1121 adiungit.

1202 1127 1273 1157 Hac
1303 1126 1502 1166 cogitatione
1536 1131 1567 1155 et
1591 1124 1655 1154 fide
1674 1134 1746 1154 cum
1768 1124 1961 1153 invocamus
1984 1121 2091 1152 Deum

1118 1175 1147 1200 et
1172 1170 1311 1200 ducente
1330 1168 1462 1198 Christo
1474 1166 1634 1197 Pontifice
1656 1166 1698 1196 ad
1722 1176 1795 1196 eum
1817 1165 2015 1201 accedimus,
2038 1174 2091 1195 30-

1119 1212 1302 1243 cenduntur
1337 1210 1438 1240 corda
1471 1215 1587 1239 nostra
1609 1208 1731 1248 Spiritu
1764 1214 1892 1238 sancto.
1938 1207 2014 1237 ldeo
2038 1217 2092 1237 ex-

1118 1260 1212 1284 terna
1245 1263 1311 1284 vox
1333 1250 1506 1293 Evangelii
1529 1256 1636 1288 sonat,
1670 1256 1705 1281 ut
1729 1249 1830 1281 corda
1853 1259 1924 1280 eam
1945 1248 2010 1279 fide
2038 1259 2091 1280 ac-

1120 1297 1251 1337 cipiant,
1274 1302 1308 1325 ut
1332 1295 1434 1335 inquit
1457 1293 1597 1324 Paulus:
1626 1292 1724 1323 Fides
1747 1302 1788 1323 ex
1812 1292 1923 1323 auditu
1941 1298 2002 1322 est.
2045 1291 2093 1322 lta

1120 1344 1255 1369 externa
1289 1338 1373 1368 actio
1409 1336 1612 1367 Sacramenti
1647 1336 1720 1365 ideo
1755 1336 1925 1375 proposita
1960 1340 2026 1372 est,
2059 1339 2095 1364 ut

1121 1381 1221 1412 corda
1251 1378 1524 1411 commonefaciat
1559 1384 1590 1409 et
1623 1377 1721 1408 fidem
1755 1378 1932 1414 exuscitet,
1966 1386 2032 1407 non
2061 1382 2095 1406 ut.

1119 1424 1190 1464 ipsa
1214 1424 1256 1453 sit
1278 1422 1352 1452 finis
1377 1428 1408 1452 et
1430 1422 1578 1452 meritum
1596 1419 1883 1451 reconciliationis.

1206 1465 1386 1505 Postquam
1419 1469 1528 1494 autem
1562 1464 1602 1494 de
1635 1461 1808 1503 principali
1831 1462 1912 1499 fine,
1945 1460 2095 1493 videlicet

1121 1509 1162 1539 de
1198 1507 1446 1539 confirmatione
1470 1506 1557 1543 fidei,
1591 1506 1711 1536 dictum
1735 1511 1796 1542 est,
1820 1511 1910 1535 recte
1932 1505 2096 1535 adduntur

1121 1550 1211 1581 multi
1245 1549 1298 1580 alii
1332 1549 1432 1585 fine-53
1465 1549 1549 1579 Nam
1582 1549 1678 1579 unius
1702 1548 1840 1579 actionis
1862 1553 2002 1588 possunt
2020 1556 2095 1577 0550

1121 1592 1210 1624 multi
1234 1592 1329 1626 fines,
1354 1592 1414 1622 sed
1438 1592 1587 1622 ordinati.

1206 1635 1404 1666 Necessario
1439 1640 1546 1665 autem
1575 1634 1617 1664 ad
1640 1632 1921 1664 confirmationem
1945 1632 2020 1662 fidei
2041 1632 2096 1662 ad-

1121 1680 1218 1710 datur
1239 1679 1407 1718 proximus
1431 1676 1515 1714 finis,
1538 1676 1714 1717 gratiarum
1737 1676 1833 1706 actio.
1879 1675 1955 1705 ldeo
1978 1684 2097 1704 nomen

1120 1721 1197 1752 huic
1243 1720 1447 1751 ceremoniae
1491 1720 1680 1749 attributum
1716 1724 1765 1748 est
1800 1717 1979 1756 εὐχαριστία.
2036 1716 2097 1747 Hic

1122 1764 1206 1794 enim
1219 1769 1251 1793 et
1263 1764 1294 1793 in
1308 1762 1457 1793 docendo
1471 1761 1719 1792 commemorari
1733 1761 1851 1791 debent
1865 1759 1988 1791 Christi
1999 1760 2097 1790 bene-

1121 1806 1196 1836 ficia
1230 1812 1261 1836 et
1295 1803 1427 1845 publica
1461 1814 1544 1835 voce
1579 1810 1610 1833 et
1638 1805 1668 1834 in
1695 1803 1830 1843 privatis
1853 1802 2096 1842 precationibus

1123 1858 1281 1889 expressa
1305 1848 1481 1889 gratiarum
1505 1847 1589 1877 actio
1614 1847 1751 1876 dicatur.

1209 1891 1423 1930 Omnipotens
1458 1889 1562 1925 Deus.
1597 1895 1730 1919 aeterne
1754 1887 1852 1918 Pater
1874 1887 2006 1918 Domini
2041 1897 2097 1917 00-

1123 1935 1181 1965 stri
1204 1933 1280 1964 lesu
1304 1932 1436 1969 Christi.
1470 1932 1620 1961 conditor
1654 1931 1796 1962 omnium
1830 1940 1936 1960 reriun
1960 1937 1991 1960 et
2020 1939 2097 1960 con-

1123 1981 1275 2007 servator
1308 1986 1381 2005 011111
1404 1974 1487 2005 Filio
1523 1981 1578 2005 tuo
1613 1979 1790 2004 coaeterno
1813 1972 1953 2003 Domino
1983 1978 2096 2002 nostro

1123 2019 1199 2050 lesu
1223 2018 1354 2049 Christo
1389 2024 1420 2048 et
1444 2017 1568 2057 Spiritu
1601 2022 1718 2047 sancto
1752 2022 1819 2053 tuo,
1854 2016 2011 2045 miserere
2034 2015 2096 2045 mei

1122 2068 1258 2102 propter
1281 2060 1386 2091 lesum
1410 2060 1575 2091 Christum
1599 2058 1715 2089 Filium
1738 2064 1838 2095 tuum,
1861 2067 1956 2098 quem
1975 2058 2097 2087 miran-

1124 2105 1165 2135 do
1200 2109 1231 2134 et
1259 2102 1469 2134 inenarrabili
1504 2101 1643 2132 consilio
1679 2099 1807 2131 voluisti
1829 2110 1889 2140 pro
1912 2100 2006 2130 nobis
2029 2099 2098 2130 fieri

1124 2147 1304 2182 victimam3
1333 2146 1385 2176 Ac
1408 2143 1505 2176 simul
1529 2144 1700 2175 ostendisti
1724 2144 1803 2173 iram
1826 2149 1914 2173 tuam
1937 2143 2097 2173 adversus

1124 2194 1295 2229 peccatum
1331 2194 1363 2218 et
1398 2189 1587 2218 immensam
1621 2186 1878 2217 misericordiam
1907 2191 1996 2215 tuam
2019 2195 2097 2225 erga

1124 2242 1229 2273 genus
1253 2230 1439 2268 humanum,
1463 2229 1644 2266 sanctifica,
1669 2239 1749 2270 rege
1785 2235 1816 2258 et
1844 2229 1920 2260 iuva
1953 2237 2005 2258 me
2028 2227 2098 2267 Spi-

1124 2275 1186 2305 ritu
1221 2279 1337 2304 530010
1361 2280 1436 2310 tuo,
1469 2282 1550 2313 rege
1573 2279 1603 2301 et
1627 2282 1725 2302 serva
1747 2270 1932 2302 Ecclesiam
1956 2275 2043 2301 tuam
2066 2277 2096 2299 et

1124 2316 1265 2358 politiaS,
1291 2326 1375 2357 quae
1398 2321 1474 2346 sunt
1496 2314 1638 2355 hospitia
1661 2312 1895 2344 Ecclesiamm.

1210 2359 1341 2389 Gratias
1366 2359 1462 2389 etiam
1487 2368 1551 2399 ago
1576 2357 1648 2394 tibi,
1682 2357 1886 2397 omnipotens
1910 2355 2020 2392 Deus,
2045 2365 2097 2384 30-

1123 2408 1215 2433 terne
1239 2401 1336 2432 Pater
1371 2400 1501 2431 Domini
1536 2400 1639 2430 nostri
1670 2399 1744 2429 1050
1778 2398 1913 2435 Christi,
1948 2398 2097 2428 conditor

1123 2445 1264 2475 omnium
1298 2453 1405 2474 rerum
1430 2449 1461 2473 et
1485 2447 1700 2472 conservator
1723 2451 1795 2473 cum
1818 2439 1899 2471 Filio
1923 2447 1978 2471 tuo
2003 2450 2096 2470 coae—

1121 2538 1166 2567 32)
1187 2539 1233 2562 00(-
1251 2537 1390 2562 omittunt
1407 2537 1479 2562 Editt.
1501 2538 1520 2560 1.
1541 2537 1564 2559 3.

1862 2587 1893 2611 55
