2358 2933
244 131 302 161 431

244 227 294 249 ter
331 221 424 249 nobis
462 223 619 260 propitius
650 230 710 251 est.
769 222 823 251 Sic
853 223 949 252 docet
980 222 1121 260 Paula-<5
1148 234 1220 254 cum

245 263 286 291 ait
313 261 418 297 gliom.
442 262 472 292 S.
500 263 558 294 l.::
602 261 696 292 Nulla
720 273 805 293 nunc
829 265 1058 294 condemnatio
1084 272 1132 294 est
1157 264 1218 295 his.

245 305 297 344 qni
322 302 485 333 ambulant
507 305 537 332 in
563 302 704 333 stu-isto.
754 304 825 334 Non
846 306 886 335 ait
913 316 970 335 eos
992 307 1062 336 sine
1081 314 1219 345 peccato

245 355 330 375 esse.
351 346 407 373 sed
431 356 492 374 non
519 346 661 375 danmari
683 357 740 375 eos
766 347 878 385 inquit,
903 348 975 386 quia
1001 348 1062 377 iam
1085 349 1147 378 sint
1173 347 1219 378 sa-

244 389 284 416 cti
309 386 362 416 tilii
386 395 520 425 propter
544 386 718 417 Chris-omi.
766 387 844 418 ltem
869 389 955 424 lihid-
979 388 1011 425 6,
1038 389 1119 427 144:
1144 390 1217 420 Non

243 430 320 458 estis
346 430 406 458 sub
430 427 516 468 lege.
543 429 601 457 sed
627 430 687 459 sub
712 430 835 469 gratia:
880 430 910 459 id
935 436 1002 461 est.

242 482 305 500 nou
331 469 520 500 satisfacitis
545 469 628 511 legi,
653 479 759 501 tamen
783 482 848 501 non
872 480 1006 503 accusat
1031 484 1108 505 vos,
1144 475 1217 514 quia

240 514 301 541 iam
326 513 403 541 estis
430 511 493 541 tilii.
540 511 578 541 Et
602 514 632 542 in
658 512 785 543 Galatis
811 513 853 550 13,
880 513 960 551 134:
991 513 1142 545 Christus
1167 526 1216 545 rc-

241 555 335 583 demit
368 564 428 583 nos
459 554 498 583 de
529 553 703 584 maledicto
735 554 835 596 legis,
865 555 1033 593 videlicet,
1060 557 1125 587 Lex
1151 568 1215 587 non

239 604 371 626 accusat
407 606 486 625 nos.
524 603 697 637 postquam
728 597 791 627 tide
822 598 1022 629 reconciliati
1058 598 1214 629 habemus

239 637 342 668 Deum
366 639 550 677 propitium.
597 638 661 668 lam
687 640 794 679 cogita
819 646 972 680 quantum
998 641 1036 670 sit
1062 641 1214 671 benefici-

237 689 307 715 um.
343 687 461 719 quanta
486 681 721 711 misericordia.
758 688 898 721 quantus
921 693 1013 713 amor
1037 692 1118 724 erga
1141 692 1213 718 nos,
1236 716 1237 719 Ἴ

238 722 325 762 quod
349 721 442 752 Deus
474 721 554 753 haec
586 723 703 763 exigua
733 722 839 753 osticia
871 731 901 754 et
926 724 1011 754 han(-
1036 731 1082 754 tot
1107 725 1212 754 modis

238 765 487 794 contaminatam
512 765 738 795 obedientiam.
763 773 869 795 tamen
888 767 1066 805 approbat:
1091 772 1122 796 et
1146 768 1212 806 qui-

237 805 310 835 dem
341 813 434 835 ornat
468 805 708 837 honestissimis
737 805 886 837 laudibus
911 819 951 837 ac
974 808 1144 846 praemiis,
1179 814 1211 838 ut

237 854 350 886 postea
382 848 496 878 dicam.
557 849 627 878 1111(-
658 850 799 888 pertinet
828 850 947 879 dictum
977 848 1069 879 Pauli
1105 849 1210 886 {Rom-

236 889 266 918 3.
290 889 371 927 :31.]:
408 889 530 930 Legem
554 889 735 920 stabilimus
760 901 818 930 per
841 891 955 922 fidem:
987 892 1081 931 quasi
1105 892 1208 921 dicat:

237 932 317 965 Quia
334 941 426 961 nemo
448 930 511 973 legi
531 932 701 969 satisfacit.
724 933 797 963 ideo
818 934 890 972 quia
915 944 980 963 non
1001 940 1075 963 sunt
1095 943 1209 964 recon-

236 972 333 1003 ciliati
365 973 444 1010 fide,
477 975 602 1004 etiamsi
631 973 737 1015 aliqua
764 974 847 1016 legis
872 985 970 1016 opera
995 974 1134 1010 faciunt,
1163 982 1210 1005 ta-

235 1026 307 1046 men
333 1026 396 1046 non
419 1024 557 1055 possunt
582 1016 655 1047 Deo
679 1015 829 1056 placere:
854 1027 984 1057 semper
1007 1018 1090 1047 enim
1113 1027 1209 1048 accu-

235 1065 349 1088 santur
371 1069 389 1087 a
414 1057 505 1098 lege.
536 1066 564 1088 et
595 1066 725 1089 manent
750 1060 780 1088 in
805 1060 1008 1090 dubitatione
1031 1070 1069 1090 ac
1094 1060 1209 1100 despe-

234 1101 366 1130 ratione.
413 1100 478 1131 Sed
502 1107 567 1130 tum
591 1101 720 1131 demum
743 1100 849 1141 placet
874 1102 1075 1138 obedientia,
1109 1112 1209 1142 quan-

235 1152 330 1182 quam
354 1142 556 1182 imperfecta,
580 1151 754 1183 postquam
777 1143 840 1174 fide
863 1143 1065 1175 reconciliati
1085 1154 1207 1174 sumus.

232 1184 307 1214 Non
332 1185 427 1225 igitur
450 1184 557 1215 abolet
583 1185 665 1216 tides
689 1184 813 1226 legem,
844 1186 903 1216 sed
935 1185 1052 1223 efficit,
1082 1192 1116 1216 nt
1140 1185 1208 1226 pla-

234 1232 316 1256 ceat.
363 1226 539 1257 Praeterea
572 1237 615 1257 ne
650 1228 779 1268 quidem
812 1230 971 1268 praestari
1010 1227 1140 1259 dilectio
1176 1235 1206 1258 et

232 1278 310 1298 vera
336 1269 445 1299 cordis
470 1269 654 1300 obedientia
679 1277 805 1309 potest,
830 1271 890 1301 nisi
915 1271 1016 1301 corda
1039 1271 1130 1310 prius
1154 1281 1207 1300 ac-

233 1311 352 1351 cipiant
379 1311 657 1348 consolationem,
694 1319 723 1342 et
748 1312 883 1343 credant
907 1313 968 1343 sibi
992 1313 1107 1343 remitti
1130 1322 1206 1352 pec-

233 1360 316 1383 cata.
362 1353 512 1384 Necesse
544 1360 593 1384 est
622 1354 719 1394 igittu·
741 1356 942 1394 praecedere
970 1353 1206 1385 reconciliatio-

230 1406 304 1427 nem
338 1406 516 1435 personae:
557 1402 587 1426 et
621 1395 704 1426 haec
732 1396 954 1427 reconciliatio
986 1397 1037 1434 fit,
1066 1403 1101 1427 ut
1131 1396 1206 1433 dixi,

230 1439 306 1475 fide,
331 1449 415 1478 quae
439 1439 551 1469 nititur
573 1448 638 1468 non
664 1445 778 1469 nostra
801 1439 974 1480 dignitateg
1000 1439 1059 1469 sed
1082 1444 1206 1469 tantum

229 1481 466 1511 misericordia.
512 1481 633 1511 Postea
656 1490 735 1511 vero
759 1479 867 1520 placet
892 1488 922 1511 et
948 1481 1130 1511 obedientia
1155 1490 1205 1511 se-

230 1532 353 1563 quens,
386 1524 458 1563 quia
490 1533 602 1554 sumus
628 1524 658 1552 in
679 1522 820 1553 Christo.
865 1522 1020 1553 Nonnihil
1042 1521 1139 1553 faciet
1164 1523 1205 1553 ad

228 1566 511 1604 perspicuitatem,
553 1566 579 1595 si
620 1566 790 1595 discernas
830 1575 1005 1604 personam
1045 1571 1074 1595 et
1110 1575 1204 1604 opus.

228 1607 365 1637 Etiamsi
400 1607 506 1637 David
546 1607 664 1637 habeat
705 1607 792 1637 bona
827 1617 946 1648 opera,
989 1614 1097 1637 tamen
1131 1607 1205 1647 quia

227 1649 326 1680 habet
368 1651 463 1680 etiam
505 1648 660 1690 reliquias
700 1650 846 1688 peccati,
885 1659 951 1679 non
998 1655 1105 1688 potest
1139 1655 1205 1678 sta-

227 1698 334 1729 tuere,
375 1692 463 1732 quod
505 1698 639 1731 propter
677 1690 733 1721 illa
774 1692 859 1721 bona
894 1701 993 1730 opera
1028 1691 1102 1721 Deo
1136 1689 1204 1730 pla-

228 1741 311 1767 ceat.
358 1734 434 1764 Ideo
464 1744 603 1764 necesse
633 1740 682 1763 est
705 1734 795 1772 prius
825 1744 898 1763 eum
923 1740 1086 1770 statuere,
1116 1732 1203 1772 quod

226 1787 371 1818 persona
405 1786 464 1816 per
500 1776 756 1806 misericordiam
791 1774 937 1815 placeat,
971 1781 1087 1814 postea
1122 1784 1202 1803 vero

229 1821 312 1849 bona
337 1829 447 1858 opera.
490 1819 545 1849 Sic
568 1819 611 1848 ait
635 1824 666 1847 et
688 1816 811 1847 Paulus
837 1818 878 1853 [l.
904 1816 981 1847 Cor.
1005 1817 1036 1853 4,
1059 1817 1122 1854 4.]:
1146 1815 1202 1845 Ni-

226 1861 270 1892 hil
294 1861 369 1891 mihi
394 1861 548 1891 conscius
572 1870 655 1896 sum,
680 1860 737 1889 sed
757 1860 788 1888 in
815 1858 878 1889 hoc
897 1858 1091 1889 iustificatus
1111 1867 1201 1892 sumg

227 1905 319 1944 quasi
351 1904 452 1933 dicat:
497 1902 566 1932 Etsi
589 1901 697 1932 habeo
727 1902 877 1931 iustitiam
902 1902 1008 1931 bonae
1031 1900 1201 1930 conscien—

227 1947 300 1975 tiae.
326 1952 431 1975 tamen
455 1944 540 1975 hanc
563 1955 629 1974 non
653 1953 784 1984 oppono
807 1944 926 1974 iudicio
950 1943 1031 1979 Dei,
1061 1942 1121 1972 sed
1145 1952 1201 1980 op·
1224 1964 1225 1967 ,

226 1997 313 2029 pono
337 1986 502 2017 Cllm'stum
531 1987 753 2017 mediatorem.
799 1985 845 2015 lta
867 1985 975 2015 David
1006 1994 1078 2015 cum
1101 1984 1201 2024 inquit

228 2031 295 2068 1Ps.
323 2031 398 2067 142,
429 2030 490 2067 ’2.11
536 2029 610 2058 Non
639 2027 868 2058 iustificabitur
896 2037 1006 2057 coram
1036 2033 1067 2057 te
1096 2026 1201 2055 omnis

227 2075 358 2109 vivens,
390 2073 486 2102 docet
516 2071 735 2112 quaerendam
761 2079 837 2099 esse
861 2069 1121 2099 iustificationem
1144 2077 1202 2107 per

226 2115 501 2151 misericordiam,
542 2123 606 2143 non
646 2119 782 2152 propter
822 2117 969 2141 nostram
1003 2112 1200 2151 dignitatem.

228 2157 309 2187 Cum
338 2158 436 2195 igitur
467 2166 527 2185 nos
557 2155 711 2184 erio-imus
742 2154 806 2183 fide
837 2160 865 2183 et
890 2154 1078 2189 statuimus,
1113 2152 1202 2192 quod

228 2191 370 2239 persona
396 2199 442 2227 sic
466 2197 592 2236 placeat
606 2180 686 2226 ffieo
709 2206 769 2236 per
787 2196 1054 2232 misericordiam,
1074 2201 1103 2224 et
1125 2204 1201 2224 con-

229 2242 369 2271 donetur
392 2241 485 2269 nobis
509 2239 675 2269 mfirmitas
699 2245 853 2268 naturae:
878 2244 995 2277 postea
1019 2238 1114 2267 etiam
1133 2235 1202 2275 pla-

229 2290 279 2313 cet
305 2281 457 2312 inchoata
486 2282 686 2311 obedientia:
723 2290 797 2310 nam
820 2279 874 2309 illa
898 2279 980 2309 fides
1003 2289 1068 2309 non
1092 2284 1200 2318 potest
1222 2315 1223 2319 Ἰ

659 2323 705 2352 lta
729 2321 823 2352 simul
846 2322 1024 2351 retinentur
1048 2320 1199 2351 Clln‘stus
1221 2321 1223 2354 ἶ
1245 2328 1274 2351 et
1304 2322 1372 2351 veri
1400 2320 1562 2357 honores,
1592 2321 1707 2360 quibus
1732 2319 1823 2349 Deus
1854 2318 2045 2349 delectatur.
2098 2319 2215 2349 Petrus

1066 2362 1117 2397 Ex
1149 2361 1199 2391 his
1221 2361 1223 2371 ¹

231 2408 379 2437 omnibus
407 2400 521 2445 liques,
551 2408 639 2444 quod
669 2406 852 2434 obedientia
876 2412 1006 2442 nostra,
1031 2414 1089 2434 seu
1111 2405 1200 2434 iusti·
1221 2427 1222 2443 3

229 2450 272 2478 tia
307 2449 413 2478 bonae
449 2448 668 2477 conscientiae
702 2447 741 2475 sit
777 2446 967 2474 necessaria
1006 2450 1036 2473 et
1071 2445 1222 2482 placeat]

229 2489 313 2526 Deo.
339 2499 403 2518 non
427 2490 501 2528 quia
526 2489 565 2517 sit
589 2487 745 2527 perfecta,
776 2487 834 2516 sed
858 2487 931 2526 quia
953 2486 1016 2515 iam
1038 2494 1199 2524 personae
1220 2510 1222 2525 ἰ

1220 2528 1222 2551 ¹
1243 2536 1288 2563 98)
1309 2540 1333 2559 ιη
1354 2536 1492 2559 ominum
1511 2539 1582 2560 fiam.
1603 2537 1708 2560 11—13.
1730 2540 1753 2562 et
1773 2538 1832 2567 opp.

229 2325 286 2354 niti
311 2330 424 2353 nostra
448 2324 613 2363 dignitate.

229 2366 388 2395 mediator
422 2371 451 2394 et
481 2366 602 2401 agnitio
637 2371 769 2394 nostrae
804 2364 1014 2404 indignitatis.

231 2538 304 2562 sunt
339 2529 568 2561 reconciliatae
603 2529 681 2566 fide,
716 2536 745 2559 et
776 2528 895 2558 habent
927 2527 1198 2557 condonationem

872 131 980 162 PHlL.
1004 131 1106 162 MEL.
1131 131 1314 163 SCRIPTA
1338 132 1611 164 DoGMATICA.

1035 442 1218 472 quanquam
1241 431 1243 438 '

2175 134 2237 166 432

1264 224 1457 255 infirmitatis
1481 236 1569 255 suae.
1616 225 1666 256 Ac
1689 232 1863 266 postquam
1882 226 1946 256 hoc
1969 227 2066 257 modo
2086 233 2117 257 et
2135 237 2236 268 agno-

1263 267 1385 296 scimus
1408 266 1625 298 infirmitatem
1648 274 1806 304 nostram,
1831 274 1861 298 et
1880 269 1944 298 fide
1962 267 2234 308 apprehendimus

1264 307 1579 345 reconciliationem.
1610 316 1725 349 postea
1755 310 1896 350 dignitas
1927 320 2059 350 operum
2088 320 2153 341 non
2183 317 2233 341 est

1263 350 1484 380 extenuanda:
1530 361 1603 380 nam
1644 352 1805 390 scriptura
1839 352 1933 381 etiam
1967 352 2051 382 hane
2083 352 2233 383 iustitiam

1263 400 1396 431 operum
1419 391 1749 422 honorilicentissime
1772 393 1936 432 praedicat
1958 394 1991 424 in
2015 395 2148 425 sanctis.

1348 432 1489 463 Primum
1539 435 1623 464 enim
1664 435 1848 465 necessitas
1889 436 2125 466 consideranda
2171 442 2232 466 est.

1262 473 1399 513 Oportet
1423 477 1506 505 enim
1531 475 1624 505 fidem
1649 477 1680 506 in
1704 477 1798 506 nobis
1823 477 1963 507 assiduis
1994 478 2171 515 exercitiis,
2200 478 2232 508 in

1261 516 1483 553 invocatione,
1524 519 1738 556 poenitentia.
1772 517 1924 557 periculis
1964 529 2129 550 crescere.
2185 519 2233 550 Ita

1262 558 1381 588 crescit
1405 560 1533 588 novitas
1557 558 1750 599 spiritualis3
1775 561 1815 590 de
1839 570 1902 600 qua
1924 560 2046 591 Paulus
2065 562 2165 602 inquit
2189 562 2231 598 12.

1261 598 1334 630 Cor.
1359 599 1390 635 5,
1414 599 1474 638 3.]:
1505 601 1698 640 Superindui
1724 602 1961 640 desiderantes,
1984 604 2142 643 siquidem
2165 613 2231 634 non

1260 642 1336 671 nudi
1369 642 1578 681 reperiemur.
1627 643 1756 674 Deinde
1790 645 1850 673 etsi
1883 654 1942 683 per
1974 645 2231 675 misericordiam

1258 688 1393 722 propter
1416 683 1582 714 Christum
1611 695 1751 724 persona
1781 685 1877 716 habet
1906 687 2132 717 remissionem
2156 695 2231 726 pec-

1259 730 1424 761 catorum,
1459 731 1491 754 et
1514 732 1562 756 est
1587 727 1686 763 iusta,
1710 727 1741 756 id
1765 734 1831 764 est,
1855 734 2003 767 accepta.
2026 734 2060 758 ut
2085 728 2160 765 dixi,
2182 733 2230 758 ta-

1258 776 1330 796 men
1354 764 1436 796 haec
1461 777 1590 806 quoque
1621 777 1754 807 operum
1777 769 1897 799 iustitia
1921 770 2112 800 necessatio
2135 769 2229 810 sequi

1257 807 1363 838 debet.
1420 807 1479 838 Est
1521 810 1605 840 enim
1632 810 1818 840 mandatum
1844 810 1925 847 Dei,
1962 818 1995 841 ut
2024 816 2228 851 praestemus

1257 848 1341 879 hanc
1373 850 1607 888 obedientiam,
1643 854 1716 892 quia
1751 851 1901 882 Christus
1936 851 2025 883 clare
2053 853 2227 892 praecipit:

1255 891 1354 931 Agite
1378 893 1617 932 poenitentiam.
1664 894 1715 923 Ac
1739 895 1766 923 si
1789 895 1860 934 quis
1884 894 1937 924 hic
1960 895 2118 934 disputat,
2140 893 2227 927 ultro

1256 934 1326 963 sine
1349 934 1501 964 mandato
1524 933 1607 965 haec
1631 935 1700 965 fieri
1723 936 1754 965 in
1779 936 1954 972 renovatis,
1977 936 2005 964 is
2028 946 2087 974 per
2104 945 2156 966 me
2174 945 2227 966 sa-

1255 985 1296 1005 ne
1327 974 1507 1006 delectetur
1536 976 1721 1007 huiusmodi
1750 976 1977 1017 ἀκριβολογίαις.
2022 976 2094 1016 Ego
2122 986 2141 1006 a
2169 987 2226 1008 vo-

1255 1016 1372 1047 cabulo
1403 1019 1568 1058 praecepti
1597 1029 1656 1049 cur
1678 1018 1891 1057 abhorream,
1921 1029 1987 1050 non
2011 1019 2124 1056 video,
2153 1028 2226 1049 eum

1256 1065 1288 1089 et
1312 1058 1461 1090 Christus
1493 1061 1579 1091 dicat
1605 1060 1685 1096 [Ioh.
1711 1061 1760 1098 15,
1786 1061 1862 1099 1⁶24:
1907 1061 2096 1092 Mandatum
2119 1070 2226 1091 meum

1254 1108 1314 1131 est.
1360 1101 1400 1132 Et
1430 1101 1553 1133 Paulus
1582 1102 1688 1139 [Rom.
1718 1103 1750 1140 S,
1778 1103 1856 1141 121:
1899 1103 2076 1134 Debitores
2099 1112 2223 1134 sumus.

1252 1143 1431 1175 Praeterea
1453 1151 1542 1174 tanta
1565 1146 1748 1175 necessitas
1772 1152 1835 1181 est,
1863 1152 1899 1175 ut
1922 1144 2010 1175 clare
2034 1146 2120 1176 dicat
2141 1144 2227 1176 Pau-

1252 1184 1303 1216 lus
1328 1186 1368 1216 de
1391 1185 1559 1223 adulteris,
1582 1188 1834 1224 scortatoribus.
1857 1186 2027 1217 homicidis
2050 1193 2112 1217 ete.
2137 1186 2223 1223 [Gal.

1251 1228 1282 1265 5,
1305 1228 1386 1267 ⁵214:
1413 1228 1474 1262 Qui
1496 1227 1571 1259 talia
1594 1235 1706 1270 agunt,
1730 1228 1879 1270 Regnum
1903 1229 1965 1259 Dei
1987 1239 2053 1260 non
2075 1229 2225 1269 posside—

1252 1271 1340 1300 bunt.
1386 1270 1558 1301 Postremo
1581 1281 1642 1301 nec
1660 1270 1741 1301 fides
1760 1277 1870 1310 potest
1889 1272 2030 1301 existere
2048 1281 2121 1302 cum
2139 1269 2224 1301 mala

1252 1313 1464 1349 conscientia,
1499 1313 1574 1353 quia
1597 1312 1679 1343 fides
1703 1319 1753 1343 est
1780 1313 1915 1350 fiducia,
1945 1313 2033 1353 quod
2061 1312 2154 1343 Deus
2182 1314 2225 1343 sit

1250 1355 1345 1385 nobis
1369 1355 1537 1394 propitius.
1582 1354 1670 1385 Mala
1701 1355 1901 1385 conscientia
1925 1355 2125 1385 contrarium
2146 1355 2225 1386 iudi-

1251 1402 1311 1427 cat.
1358 1397 1448 1433 Item,
1472 1397 1525 1436 qui
1548 1406 1614 1427 non
1638 1404 1739 1438 agunt
1762 1397 2009 1436 poenitentiam,
2039 1397 2099 1427 sed
2120 1395 2225 1428 indul-

1250 1445 1327 1479 gent
1351 1439 1477 1469 vitiosis
1502 1439 1750 1479 cupiditatibus,
1773 1449 1839 1469 non
1870 1439 2009 1468 retinent
2031 1437 2146 1474 fidem3
2186 1438 2224 1469 fi-

1250 1481 1308 1511 des
1333 1482 1417 1511 enim
1441 1482 1565 1521 quaerit
1588 1481 1815 1511 remissionem
1837 1485 2059 1519 peccatorum,
2083 1490 2149 1510 non
2168 1481 2223 1511 de·

1249 1521 1389 1553 lectatur
1416 1523 1574 1563 peccatis.
1627 1522 1697 1552 Nec
1725 1528 1831 1552 manet
1857 1522 1996 1562 Spiritus
2026 1527 2162 1552 sanctus
2189 1523 2223 1552 in

1249 1564 1315 1600 his,
1339 1566 1393 1605 qui
1418 1566 1642 1604 obtemperant
1666 1565 1790 1594 vitiosis
1813 1563 2003 1599 affectibus3
2032 1564 2121 1594 iuxta
2142 1562 2223 1594 illud

1249 1606 1420 1636 iohannis:
1447 1606 1509 1640 Qui
1531 1606 1610 1636 facit
1631 1612 1815 1645 peccatum,
1838 1616 1878 1636 ex
1902 1605 2033 1636 diabolo
2057 1611 2121 1636 est.
2151 1605 2223 1636 Hae

1249 1655 1294 1679 tot
1319 1658 1440 1678 causae
1463 1649 1672 1679 necessitatis
1697 1654 1911 1684 concurrunt,
1932 1657 2016 1687 quae
2038 1648 2154 1678 merito
2177 1647 2222 1678 di-

1247 1690 1415 1731 ligentiam
1438 1691 1522 1720 bene
1546 1690 1702 1729 operandi
1725 1691 1757 1719 in
1780 1690 1874 1720 nobis
1899 1699 2018 1720 acuere
2038 1689 2168 1726 debent,
2187 1694 2224 1719 ut

1247 1732 1438 1763 beneficium
1456 1731 1518 1762 Dei
1541 1733 1748 1762 retineamus.
1795 1731 1886 1762 Sicut
1909 1730 2027 1762 Petrus
2052 1731 2102 1768 [ll.
2127 1731 2220 1771 epist.

1252 1775 1280 1811 l,
1306 1774 1368 1812 104
1392 1775 1622 1814 p1·aecipit:⁹⁷)
1647 1773 1778 1810 Curate,
1807 1780 1840 1804 ut
1872 1774 2076 1804 vocationem
2104 1779 2135 1803 et
2158 1772 2222 1803 ele-

1248 1817 1387 1846 ctionem
1418 1822 1561 1846 vestram
1583 1816 1707 1846 firmam
1730 1814 1874 1852 faciatis,
1899 1816 1931 1845 id
1955 1821 2017 1852 est,
2038 1821 2073 1845 ut
2082 1816 2127 1855 ⁹8)
2149 1824 2222 1855 per-

1247 1859 1405 1889 severetis
1428 1859 1460 1888 in
1483 1859 1657 1888 vocatione
1681 1863 1711 1887 et
1734 1856 1992 1888 sanctificatione
2013 1862 2135 1887 vestra.

1334 1900 1486 1931 Secundo
1520 1910 1587 1930 non
1621 1899 1726 1930 solum
1762 1900 1945 1929 necessitas
1981 1899 2220 1933 consideranda

1246 1949 1308 1979 est,
1331 1943 1391 1972 sed
1409 1943 1520 1972 invitet
1539 1952 1601 1972 nos
1621 1942 1716 1971 etiam
1735 1942 1876 1982 dignitas
1897 1942 2055 1971 bonorum
2074 1951 2218 1982 operum.

1246 1984 1440 2024 Quanquam
1465 1986 1549 2014 enim
1572 1985 1603 2013 in
1627 1989 1716 2013 tanta
1739 1983 1925 2013 infirmitate
1948 1988 2072 2020 nostra,
2098 1984 2138 2013 de
2161 1993 2219 2013 no-

1246 2027 1296 2056 bis
1319 2027 1448 2066 quidem
1471 2036 1536 2055 non
1560 2026 1716 2055 debemus
1736 2031 1933 2065 arroganter
1955 2025 2088 2062 sentire,
2111 2031 2219 2055 tamen

1245 2069 1374 2098 vocatio
1398 2074 1511 2098 nostra
1535 2066 1796 2108 magnifacienda
1819 2073 1880 2096 est.
1926 2066 1997 2097 Etsi
2025 2068 2162 2097 virtutes
2187 2072 2219 2098 et

1246 2111 1351 2140 bonae
1381 2110 1529 2140 actiones
1559 2116 1694 2139 nostrae
1724 2119 1929 2149 nequaquam
1952 2110 2032 2139 satis
2056 2110 2218 2140 excitatae

1222 2155 1224 2163 ¹
1246 2159 1299 2182 aut
1322 2153 1461 2182 mundae
1485 2158 1579 2189 sunt,
1609 2158 1715 2181 tamen
1745 2152 1787 2181 ad
1817 2150 1954 2192 gloriam
1977 2150 2098 2181 Christi
2120 2152 2216 2191 perti-

1222 2198 1224 2209 *
1245 2200 1333 2232 nent,
1363 2195 1436 2224 ideo
1460 2204 1578 2234 magna
1601 2204 1711 2224 earum
1738 2194 1877 2234 dignitas
1908 2199 1968 2223 est.

1222 2240 1223 2245 ¹
1245 2248 1314 2267 mus
1339 2246 1396 2266 eas
1419 2236 1493 2266 Deo
1517 2234 1612 2266 valde
1634 2235 1778 2275 placere,
1802 2241 1895 2265 ornat
1919 2245 1975 2265 eas
1997 2234 2090 2265 Deus
2114 2235 2216 2266 hono-

2014 2192 2056 2223 Et
2077 2199 2112 2223 ut
2134 2193 2217 2224 scia-

1244 2280 1344 2309 riticis
1367 2277 1478 2308 titulis.
1523 2277 1694 2308 Vocantur
1717 2277 1893 2313 sacrificia,
1918 2276 1981 2307 hoc
2006 2282 2073 2314 est,
2096 2278 2215 2317 propn'i

1244 2364 1343 2403 inquit
1370 2362 1404 2399 ΙΙ.
1429 2364 1522 2402 epist.
1547 2363 1584 2399 2,
1609 2363 1665 2399 ιη,
1694 2362 1765 2392 Nos
1786 2371 1862 2391 esse
1892 2361 2118 2392 Sacerdotium
2142 2371 2215 2391 san-

1244 2456 1288 2479 97)
1308 2455 1439 2485 praecipit]
1461 2456 1495 2479 sic
1513 2456 1584 2480 Editt.
1605 2455 1627 2477 7.
1649 2455 1672 2477 8.
1695 2455 1799 2476 11—14.
1820 2457 1845 2478 et
1864 2455 1941 2484 opp:
1959 2453 2032 2478 Editt.
2057 2455 2077 2477 1.
2104 2454 2126 2476 2.
2147 2454 2170 2477 4.
2190 2453 2214 2478 5.

1311 2491 1332 2507 ⁴³-
1352 2491 1496 2519 praecepitz
1517 2489 1558 2513 Ed.
1577 2490 1599 2512 6.
1618 2488 1728 2512 ostendit
