2358 2933
226 140 286 172 139
847 131 956 162 PHIL.
979 129 1081 161 MEL.
1100 129 1284 162 SCRIPTA
1305 127 1581 161 DOGMATICA.

377 231 461 265 cies,
492 227 547 259 ille
576 229 646 268 ipse
675 226 792 265 impiae
821 234 862 255 ac
890 221 1192 259 conscelerataeffl)

377 270 545 303 lezabelne
569 268 663 299 sucus
687 266 796 297 laedit.

619 350 678 381 DE
701 349 822 380 EVAN
827 348 970 379 GELIO.

300 425 312 442 ⁵
420 412 584 443 Hactenus
596 408 722 449 peccati
746 406 892 444 sormam,
916 413 946 437 et
970 405 1081 448 legum
1098 407 1195 437 ratio·

378 464 461 485 nem.
486 452 618 482 brevius
643 449 796 481 soi-tasse.
820 459 916 490 quam
938 459 998 489 pro
1017 459 1065 486 re,
1078 454 1195 479 tracta-

377 497 493 531 ximus,
516 504 581 524 non
605 493 689 523 enim
717 491 982 522 commentarium
1011 491 1195 528 scribimuS,

377 537 437 567 sed
472 535 640 576 vulgarem
677 533 839 574 quandam
874 531 1022 564 locorum
1059 531 1196 563 sormam

377 579 618 614 adumbramus,
642 586 725 617 quos
748 576 779 605 in
793 575 957 605 discendis
976 576 1080 606 sacris
1093 574 1195 605 literis
1218 587 1219 590 ¹

297 632 322 650 ιο
378 630 479 661 sequa
491 620 546 649 ris.
575 619 670 649 Nunc
687 618 728 648 de
749 616 932 657 Evangelio
956 623 987 647 et
1011 618 1115 658 gratia
1131 617 1196 647 dis-

378 662 577 702 putabimus,
614 671 632 691 e
656 661 773 701 quibus
797 658 879 689 locis
903 658 1072 689 nonnnihil
1101 668 1195 689 acce·
1218 665 1219 685 1

378 705 431 735 det
453 703 537 734 lucis
562 703 657 733 etiam
680 701 916 742 superioribus.
940 701 1022 731 Nam
1046 701 1087 731 de
1109 699 1195 741 legis

377 746 602 786 abrogatione,
621 745 662 775 de
684 745 715 774 η’
739 742 822 779 legis
844 742 942 773 dilata
955 743 1129 783 disputatio
1145 749 1195 772 est
1218 766 1219 774 ,

377 789 410 818 in
432 787 519 818 hunc
530 796 636 827 usque
647 776 895 822 locm11.l³0rro,
917 791 950 815 ut
974 785 1100 825 peccati
1113 785 1194 815 ratio

293 840 318 858 is
378 830 439 860 nisi
475 839 515 859 ex
553 827 673 869 le¹gum
720 825 884 864 fot-mulis,
933 837 999 857 non
1044 825 1194 867 intelligi-

379 878 448 907 tur,
480 872 524 901 ita
558 880 619 900 nec
652 870 776 910 gratiae
805 870 877 905 viS,
919 869 980 899 nisi
1017 878 1058 898 ex
1087 868 1195 899 Evan-

378 912 453 954 gelii
488 912 722 952 descriptione.
755 911 912 951 cognosci
945 916 1071 951 potest.
1102 917 1133 941 et
1160 916 1194 941 ut

376 955 534 986 hactenus
572 954 697 994 egimus
728 954 768 983 de
801 953 940 983 hominis
977 953 1195 990 damnatione,

376 1007 436 1028 seu
473 996 718 1032 maledictione,
760 995 805 1025 ita
849 1004 936 1025 nunc
980 1005 1116 1036 agemus
1155 995 1219 1028 de}

286 1052 316 1070 πο
375 1039 514 1069 hominis
548 1038 805 1074 instauratione,
830 1040 833 1060 i
857 1046 917 1067 seu
957 1038 1194 1068 benedictione.

376 1081 471 1112 Duae
511 1082 542 1111 in
576 1081 763 1111 universum
778 1079 824 1117 ⁵²)
867 1079 1049 1119 scripturae
1083 1085 1219 1120 partes

376 1124 513 1161 sun153)
538 1122 607 1153 Lex
639 1127 670 1151 et
696 1119 920 1161 Evangelium.
975 1121 1044 1152 Lex
1079 1131 1196 1161 pecca-

378 1172 444 1195 tum
476 1165 635 1200 ostendit,
672 1161 888 1203 Evangelium
918 1164 1066 1203 gratiam.
1125 1163 1195 1193 Lex

376 1207 522 1237 morbum
534 1207 666 1242 indicat,
685 1204 901 1246 Evangelium
913 1206 1101 1236 remedium.
1125 1205 1195 1236 Lex
1218 1225 1219 1234 t

246 1252 303 1282 (30.
322 1254 358 1280 an)
377 1249 489 1279 mortis
513 1249 659 1278 ministra
688 1254 755 1284 est,
785 1253 819 1277 ut
842 1246 935 1277 Pauli
958 1248 1069 1277 verbis
1096 1259 1099 1267 ·
1125 1253 1194 1278 uta-

258 1286 298 1312 55,
317 1292 338 1310 ⁸·
376 1301 447 1321 mur
476 1289 691 1331 Evangelium
721 1290 806 1320 witae
836 1299 876 1319 ac
904 1290 1006 1329 pacis.
1043 1290 1085 1326 [l.
1117 1288 1193 1319 Cor.

377 1333 427 1370 15,
450 1332 534 1371 56.:]
563 1332 633 1363 Lex
661 1332 766 1362 virtus
795 1332 922 1371 peccati
953 1338 1014 1369 est,
1043 1331 1218 1372 Evangeff

375 1374 452 1405 lium
467 1375 571 1405 virtus
593 1373 708 1405 salutis
724 1374 810 1403 omni
834 1374 1055 1407 credenti⁵3¹).
1079 1373 1195 1414 Neque
1216 1408 1217 1413 ¹

375 1427 454 1447 vero
479 1417 523 1447 ita
546 1416 656 1457 legem
681 1422 713 1447 et
734 1415 950 1457 Evangelium
968 1416 1099 1446 tradidit
1115 1416 1194 1447 seri-

374 1465 479 1499 ptura,
502 1464 536 1489 ut
550 1457 767 1499 Evangelium
789 1458 821 1488 id
843 1458 941 1488 modo
964 1464 1072 1498 putes,
1095 1458 1191 1498 quod*

297 1505 310 1522 ⁵
375 1501 577 1541 scripsertmt
609 1499 814 1537 Matthaeus',
839 1499 991 1537 Marcus,
1020 1500 1131 1530 Lucas
1163 1505 1195 1530 et

374 1541 546 1574 lohannes.
597 1541 685 1573 Mosi
720 1541 842 1579 libros,
870 1541 951 1572 nihil
983 1543 1045 1572 nisi
1074 1541 1192 1582 legent.

375 1584 442 1615 Sed
465 1595 581 1625 sparsa
605 1591 655 1615 est
667 1583 837 1625 Evangelii
859 1584 954 1621 ratio,
970 1594 1106 1625 sparsae
1118 1590 1193 1614 sunt

374 1628 611 1667 promissiones
643 1627 677 1657 in
712 1636 825 1657 omnes
858 1625 979 1663 libros,
1009 1627 1129 1657 veteris
1153 1636 1193 1657 ac

373 1670 450 1699 now·
473 1670 668 1699 testamenti.
713 1668 856 1699 Rursum
865 1667 958 1709 leges
983 1669 1078 1699 etiam
1101 1679 1192 1708 spar-

289 1722 314 1739 10
375 1720 432 1741 sae
445 1717 519 1741 sunt
552 1711 705 1741 inomnia
728 1717 795 1741 tum
819 1712 950 1748 veteris,
973 1717 1041 1741 nun
1053 1712 1130 1741 novi
1144 1716 1190 1740 te-

373 1754 523 1783 stamenti
546 1752 720 1783 volumina.
766 1753 852 1789 Nec,
886 1759 922 1783 ut
943 1751 1044 1793 vulgo
1066 1759 1191 1793 putant,

373 1794 592 1825 discriminata
621 1800 696 1824 sunt
726 1793 827 1835 legis,
858 1800 889 1825 et
916 1794 1088 1835 Evangelii
1111 1801 1190 1825 tem-

373 1846 463 1875 pora.
509 1836 703 1877 Quanquam
725 1836 807 1868 alias
829 1835 901 1874 lex,
930 1836 1012 1868 alias
1040 1837 1190 1877 Evange-

371 1877 460 1913 lium,
490 1879 628 1910 subinde
657 1878 752 1909 aliter
781 1878 926 1910 revelata
955 1885 1040 1910 sunt.
1086 1878 1190 1910 Omne

221 2004 267 2034 51)
292 2004 492 2034 consceleratae]
510 2004 552 2029 Ed.
571 2006 594 2029 7.
613 2005 762 2029 sceleratae.

220 2038 266 2067 52)
289 2038 356 2062 Duae
375 2038 490 2063 inuniver
500 2044 630 2063 sum.....
650 2036 879 2070 ἤδηίτεθείκαμεν
887 2034 1033 2068 εὐαγγέλια
1049 2039 1105 2069 (fol.
1113 2037 1188 2069 54‚l›.

287 2072 328 2095 lin.
347 2072 387 2096 20.
406 2072 438 2095 ad
457 2072 501 2096 fol.
522 2073 561 2101 71,
581 2079 607 2095 (ι.
628 2072 670 2097 lin.
683 2073 731 2102 9.)]
750 2073 789 2097 bic
813 2073 883 2097 locus
909 2073 1035 2102 reperitur
1057 2074 1134 2097 etiam
1162 2074 1188 2097 in

286 2105 362 2129 hocce
390 2105 453 2130 libro
472 2112 494 2130 a.
514 2106 587 2130 1523.
615 2106 723 2135 primum
748 2106 828 2130 edito:
854 2106 898 2131 ..In
922 2107 1069 2131 obscuriora
1093 2107 1188 2137 aliquot

286 2139 367 2168 capita
387 2140 516 2164 Geneseos
535 2139 596 2164 Phil.
615 2140 763 2164 MelancbtlL
783 2140 966 2164 annotationes.
984 2141 1121 2170 Hagenoae
1142 2146 1189 2170 per
1210 2158 1211 2163 ,

286 2172 404 2197 loannem
432 2174 559 2197 Secerium
586 2179 652 2197 anno
678 2175 750 2198 1523.
776 2179 866 2198 mense
885 2174 962 2198 Now·
989 2175 1012 2199 8.
1031 2174 1187 2204 [recuso'fu-

287 2206 378 2235 bingae
400 2207 463 2231 1523
481 2214 486 2231 z
505 2207 609 2231 iterum:
628 2207 672 2236 „In
691 2207 836 2232 obscuriora
847 2207 941 2238 aliquot
960 2208 1041 2237 capita
1056 2209 1187 2233 Geneseos

287 2238 347 2263 Phil.
366 2240 420 2264 Mel.
441 2242 623 2265 annotationes.
662 2241 696 2265 Ex
715 2241 878 2266 faelicissima
897 2242 1016 2270 Haganoa
1035 2248 1081 2272 per
1092 2243 1126 2267 Io.
1143 2243 1187 2267 Se-

286 2273 388 2297 cerium.
407 2274 551 2301 (Praecedit
579 2274 704 2303 praefatio
728 2275 822 2300 Nicolai
841 2275 948 2299 Gerbelii
973 2275 1032 2300 data
1060 2282 1082 2300 a,
1104 2276 1188 2305 1524.)

286 2306 317 2330 42
338 2306 391 2331 soll.
409 2313 478 2332 num,
497 2308 535 2337 8.;
554 2308 708 2338 iterumque:
729 2309 773 2338 „In
792 2309 1188 2334 obscuriora—annotationes.··
1208 2333 1209 2337 ,

285 2339 312 2364 In
330 2339 394 2364 fine:
412 2343 483 2366 Anno
501 2341 531 2365 M.
550 2341 575 2365 D.
594 2342 682 2366 xxltn.
702 2344 735 2371 (s.
756 2342 785 2371 l.)
805 2344 836 2367 39
857 2342 910 2367 foll.
929 2348 997 2367 num.
1017 2343 1066 2372 8.],
1094 2344 1119 2367 in
1137 2349 1186 2373 quo

286 2374 310 2397 in
329 2373 437 2399 Genesin
457 2377 664 2400 commentarium
684 2376 848 2406 subsequitur
865 2376 901 2406 [in
917 2376 957 2400 m
971 2378 996 2401 3.
1017 2376 1058 2400 fol.
1071 2378 1187 2402 29—42..

285 2407 309 2431 in
332 2408 373 2431 Ed.
399 2409 421 2432 4.
436 2408 479 2433 foi.
498 2409 620 2438 28—39.]
644 2412 764 2433 tractatus
790 2411 826 2434 sic
850 2410 998 2439 inscriptus:
1025 2410 1187 2435 DisCRntEN

284 2440 370 2500 LIEGIS
388 2442 423 2466 ΕΤ
440 2442 605 2467 EVAJGELH.
649 2443 692 2467 Hic
716 2443 780 2467 liber
803 2444 828 2468 in
847 2444 1012 2474 sequentibus
1039 2444 1184 2473 insignitur:

284 2493 289 2499 .
311 2481 327 2498 n
346 2475 482 2500 Genesin:-

218 2509 263 2538 53)
287 2511 373 2537 partes
392 2510 461 2539 sunt]
479 2510 505 2534 In
524 2510 633 2534 Genesin
650 2509 691 2534 Ed
711 2511 734 2534 3.
754 2509 798 2534 fol.
819 2511 859 2537 29,
878 2517 921 2534 α.;
941 2512 1001 2534 sunt
1018 2512 1112 2540 partes.

218 2542 276 2571 53¹)
292 2542 319 2567 ln
337 2542 453 2571 Genesin,
471 2543 495 2567 in
514 2549 608 2572 marg:
626 2543 700 2573 Legis
719 2549 748 2567 ac
767 2544 892 2572 evangeiii
911 2543 1054 2569 discrimen.

1213 224 1382 267 sstempuS,
1415 221 1504 262 quod
1533 221 1575 252 ad
1618 226 1745 250 mentes
1773 226 1904 252 nostras
1933 221 2056 253 adtinet

1214 281 1217 301 ¹.
1236 270 1287 294 est
1298 263 1393 304 legis,
1411 270 1508 303 atque
1520 261 1690 303 Evangelii
1703 268 1841 302 tempus,
1855 263 1939 294 sicut
1954 264 2055 294 omni-

1216 330 1217 336 ,
1237 306 1300 336 bus
1324 306 1524 345 temporibus
1548 305 1663 335 eodem
1685 304 1782 334 modo
1794 303 1942 336 homines
1965 306 2054 336 iusti·

1215 352 1218 375 ι
1238 347 1324 378 ficati
1347 354 1441 384 sunt,
1471 353 1642 387 peccatum
1671 355 1730 386 per
1757 344 1864 387 legem
1886 352 2055 378 ostensum

1217 396 1300 426 ,est‚
1327 390 1431 430 gratia
1476 399 1511 419 er
1533 388 1783 429 promissionem
1817 397 1878 418 seu
1905 388 2054 430 Evange-

1217 430 1326 462 ·lium.
1355 430 1447 461 Reve
1462 431 1579 461 ationis
1610 437 1763 470 tempora
1800 431 1944 467 variant,
1978 441 2055 463 nam

1218 463 1219 510 1
1239 472 1321 504 alias
1332 471 1399 510 lex,
1421 472 1503 503 alias
1516 471 1742 513 Evangelium,
1757 478 1787 502 et
1799 472 1938 502 subinde
1949 470 2055 510 aliter,

1218 522 1219 540 1
1240 513 1385 546 revelata
1408 520 1493 551 sunt,
1516 515 1548 545 id
1571 515 1659 555 quod
1681 525 1699 545 e
1722 515 1892 554 scrIpturis
1916 519 2056 545 constat.

1218 566 1220 573 ’
1238 557 1342 588 Vides
1365 557 1449 587 enim
1471 563 1601 597 praeter
1623 555 1803 587 naturalem
1831 555 1949 597 legem,
1972 566 2058 597 quae

1239 600 1400 639 impressa
1430 604 1479 629 est
1498 599 1659 630 mentibus
1682 598 1849 635 humanis,
1871 604 1907 629 ut
1930 599 2058 639 opinor,

1241 642 1335 671 etiam
1363 639 1455 682 leges
1488 639 1573 671 latas
1603 651 1678 671 esse
1707 651 1727 671 a
1757 641 1986 679 deowAdamo,
2012 650 2056 672 ne

1241 682 1397 714 delibaret
1432 692 1527 723 poma
1561 684 1688 714 arboris
1721 684 1877 714 scientiae
1912 684 1988 714 boni
2017 693 2058 715 ac

1218 718 1324 756 'mali
1378 723 1491 761 Caino,
1521 735 1563 756 ne
1590 726 1788 757 irasceretur
1806 724 1899 756 fratri
1927 735 1998 756 suo.
2026 731 2059 757 et

1241 768 1355 804 eidem,
1369 773 1590 807 peccaturum,
1605 769 1661 808 qui
1674 779 1711 800 se
1723 769 1898 800 occideret.
1922 767 1958 798 ln
1970 767 2060 801 huno

1239 809 1370 840 modum
1391 808 1475 849 legis
1498 816 1634 840 naturae
1657 811 1874 851 cognitionem
1898 811 2058 843 instaura·

1218 869 1219 872 =
1241 852 1295 882 bat
1310 851 1552 892 praedicatione
1564 853 1716 882 continua
1733 853 1866 892 spiritus
1889 853 1951 890 dei,
1975 863 2060 894 quae

1218 919 1219 924 ,
1240 894 1303 924 iam
1326 893 1565 924 obscurabatur
1587 894 1771 925 excaecatis
1793 900 1929 934 peccato
1945 897 2059 925 menti-

1218 952 1219 956 =
1241 937 1302 966 bus
1325 934 1486 972 humanis,
1508 936 1553 966 ita
1574 942 1610 966 ut
1632 935 1708 966 mihi
1719 945 1804 976 pene
1816 935 1915 966 libeat
1936 946 2059 968 vocare

1242 1020 1377 1057 dicium,
1407 1028 1467 1050 seu
1493 1021 1625 1050 insitum
1653 1026 1685 1050 et
1707 1019 1905 1060 insculptum
1934 1026 2060 1052 naturra

1240 1062 1401 1092 mentibus
1430 1061 1612 1099 hominum,
1647 1063 1706 1093 sed
1733 1061 1826 1102 leges
1856 1068 2011 1102 acceptas
2039 1072 2060 1094 a

1240 1104 1399 1144 patribus,
1423 1110 1453 1133 et
1477 1105 1571 1144 quasi
1593 1114 1653 1144 per
1679 1113 1795 1134 manus
1818 1104 1953 1134 traditas
1982 1105 2059 1136 sub-

1218 1165 1219 1168 =
1240 1146 1315 1176 inde
1338 1146 1531 1185 posteritati,
1554 1152 1588 1176 ut
1612 1146 1652 1176 de
1675 1146 1841 1176 creatione
1862 1155 1988 1183 rerum,
2018 1147 2060 1177 de

1218 1186 1382 1218 ¹colendo
1414 1188 1493 1225 deo.
1523 1188 1633 1219 docuit
1667 1194 1820 1228 posteros
1854 1187 1976 1225 Adam,
2009 1188 2059 1219 sic

1241 1229 1376 1260 Cainum
1398 1231 1533 1267 monuit,
1555 1240 1597 1260 ne
1618 1228 1752 1260 fratrem
1764 1229 1931 1260 occideret
1940 1235 2002 1261 etc.
2013 1231 2058 1267 ⁵⁴)

1241 1271 1307 1302 Sed
1338 1272 1380 1302 ad
1401 1271 1618 1313 Evangelium
1641 1272 1824 1302 redeamus.

1407 1363 1513 1399 QUID
1536 1362 1839 1395 EVANGELIUM.

1215 1433 1218 1450 ’
1282 1440 1374 1471 Sicut
1395 1438 1450 1470 lex
1471 1446 1532 1477 est,
1556 1449 1620 1480 qua
1642 1445 1734 1471 recta
1755 1439 1969 1477 mandantur,
1992 1450 2059 1481 qua

1215 1473 1410 1523 [peccatum
1443 1482 1641 1520 ostenditur,
1676 1483 1722 1513 ita
1755 1480 1971 1523 Evangelium
2007 1488 2059 1514 est

1238 1525 1411 1565 promissio
1426 1525 1562 1565 gratiae,
1585 1534 1646 1555 seu
1660 1524 1906 1555 misericordiae
1924 1525 1986 1562 dei,
1996 1525 2057 1566 54·)

1238 1567 1388 1607 adeoque
1406 1566 1609 1597 condonatio
1621 1567 1760 1607 peccati,
1783 1572 1815 1596 et
1839 1567 2058 1600 testimonium

1237 1608 1487 1640 benevolentiae
1511 1610 1561 1639 dei
1585 1619 1665 1650 erga
1686 1618 1759 1646 nOS,
1805 1619 1848 1639 uo
1872 1609 2056 1640 testimonio

1238 1651 1317 1681 certi
1340 1652 1437 1682 animi
1459 1652 1574 1688 nostri,
1599 1652 1639 1681 de
1662 1652 1788 1682 benevo
1804 1651 1888 1681 entia
1904 1651 1967 1688 dei,
1987 1661 2056 1683 cre-

1237 1694 1313 1723 dant
1341 1694 1403 1724 sibi
1431 1694 1648 1724 condonatam
1678 1703 1806 1724 ornnem
1840 1691 1988 1732 culpam,
2023 1699 2055 1725 et

1236 1736 1335 1766 erecti
1357 1742 1477 1773 ament,
1499 1735 1633 1766 laudent
1657 1736 1762 1772 deum,
1785 1733 2005 1766 exhilarentur
2021 1740 2054 1767 et

1236 1777 1381 1808 exultent
1402 1779 1435 1808 in
1457 1779 1530 1814 deo,
1553 1784 1587 1808 ut
1609 1776 1706 1811 infra,¹
1722 1778 1762 1808 de
1784 1777 1816 1807 vi
1830 1776 1991 1818 evangelii
2007 1778 2053 1808 di·

1236 1830 1356 1850 cemus.
1379 1819 1485 1850 Porro
1507 1819 1636 1850 illarum
1647 1820 1899 1860 promissionum
1911 1820 2053 1850 omnium

1233 1863 1352 1903 pignus
1382 1868 1433 1892 est
1460 1861 1625 1899 Christus,
1656 1871 1757 1902 quare
1766 1863 1810 1897 ⁵⁵)
1841 1861 1874 1891 in
1902 1872 1975 1892 eum
2001 1872 2052 1893 re·

1233 1903 1389 1934 ferendae
1412 1910 1487 1934 sunt
1510 1914 1624 1934 omnes
1653 1905 1834 1944 scripturae
1862 1905 2051 1944 promissio·

1233 1956 1311 1983 nes,
1341 1947 1394 1987 qui
1422 1947 1564 1977 obscure
1586 1946 1740 1987 primum,
1774 1952 1890 1987 postea
1913 1947 2052 1978 subinde

1233 1987 1354 2019 clarius
1377 1987 1552 2019 revelatus
1575 1994 1635 2019 est.

1276 2038 1496 2080 Posteaquam
1507 2039 1613 2069 Adam
1626 2038 1818 2079 deliquerat,
1837 2045 1868 2070 et
1880 2040 1943 2070 iam
1954 2040 2050 2070 morti

1233 2087 1387 2111 aeternae
1403 2082 1582 2112 destinatus
1595 2087 1674 2118 erat,
1687 2082 1838 2121 periisset
1851 2081 1939 2111 haud
1955 2082 2052 2112 dubie

1232 2123 1265 2154 ni
1293 2123 1441 2154 dominus
1474 2133 1547 2154 etun
1568 2124 1786 2164 promissione
1813 2124 1939 2165 gratiae
1973 2134 2051 2155 con·

1233 2164 1359 2204 solatus
1368 2164 1484 2196 fuisset
1493 2167 1563 2205 ⁵⁵⁸).
1587 2165 1749 2207 Tyrannis
1758 2166 1885 2206 peccati
1894 2166 2050 2197 describi-

1232 2215 1296 2245 tur,
1319 2218 1391 2238 cum
1414 2207 1526 2249 iniquit
1549 2208 1591 2238 ad
1614 2215 1799 2249 serpentem
1818 2208 1913 2245 [Gen.
1926 2208 1957 2245 3,
1971 2208 2048 2247 15.].

1232 2250 1416 2281 Inimicitias
1438 2261 1558 2291 ponam
1580 2251 1664 2281 inter
1686 2257 1717 2281 te
1741 2258 1771 2281 et
1802 2249 1987 2288 mulierem,
2017 2254 2050 2281 et

1230 2394 1276 2423 54)
1301 2394 1359 2424 etc]
1378 2391 1461 2417 abest
1477 2393 1508 2419 In
1527 2395 1635 2419 Genesin
1653 2394 1695 2419 Ed„
1714 2396 1736 2419 3.
1755 2394 1798 2419 fol.
1817 2395 1857 2423 29,
1877 2392 1901 2418 b.

1230 2444 1328 2473 54³)1n
1347 2444 1464 2469 Genesin.
1482 2445 1507 2469 in
1526 2450 1621 2474 marg:
1639 2445 1803 2474 fjx-angelium
1822 2444 1889 2475 quid.

1206 2524 1207 2527 Ἴ
1228 2495 1274 2523 55)
1300 2494 1390 2525 quare]
1410 2493 1492 2518 abest
1510 2495 1537 2519 ln
1556 2496 1665 2520 Genesin
1682 2495 1725 2520 Ed.
1745 2496 1767 2519 3.
1785 2494 1828 2519 fol.
1847 2496 1887 2524 30,
1906 2502 1932 2519 a.

1206 2533 1207 2549 ³
1228 2545 1287 2573 55³)
1309 2544 1336 2569 In
1355 2545 1472 2574 Genesin,
1491 2545 1516 2570 in
1534 2551 1629 2575 marg.:
1648 2545 1790 2570 Consolatio
1809 2545 1881 2569 Adae
1899 2544 1974 2569 facta.

1240 977 1348 1018 legem
1370 983 1506 1008 naturae
1529 988 1595 1008 non
1622 977 1756 1018 aliquod
1779 978 1986 1019 congenitum
2012 979 2070 1010 iu-v

2148 131 2209 164 140

2123 225 2148 244 1⁵

2119 443 2150 461 20

2093 646 2133 675 55,
2153 646 2176 671 b.

2131 1025 2159 1043 10

2119 1284 2149 1303 15

2125 1579 2157 1599 20

2088 1809 2129 1838 56,
2149 1814 2171 1833 a.

2071 1843 2132 1874 (30,
2149 1842 2190 1871 b.)

2112 2219 2141 2237 to
