2358 2933
99 119 163 152 329

110 581 142 600 De
157 582 230 600 habitu

552 117 575 147 Ι.
598 116 700 147 LOCI
722 114 998 147 THEOLOGICI:
1023 114 1061 146 C.
1086 114 1299 146 SECUNDA
1316 114 1474 146 EORUM
1492 115 1648 147 AETAS.

357 209 539 245 rnyraphum
576 209 768 244 thqenhayio
813 207 995 233 describenti
1038 206 1073 232 ob

356 244 458 270 oculos
475 243 660 273 versabatur,
684 242 773 268 verba
793 242 940 267 dictantis
957 240 1073 267 Melan-

357 278 455 303 thonis
472 286 530 302 non
550 279 626 302 satis
645 279 704 302 cito
725 277 865 309 &ccipere
884 275 1004 300 calamo
1020 282 1073 307 po-

356 314 422 337 tuit.
459 311 544 336 Haec
568 311 679 336 lacuna
707 318 744 335 ex
764 309 854 335 Editt.
882 309 954 332 1535.
976 307 1030 341 fol.
1058 308 1076 332 lt

356 348 385 370 2b
405 345 477 371 med.
498 348 540 370 est
560 345 716 378 eaplenda,
736 343 788 368 ubi
806 343 866 368 loci
884 341 992 375 Ephes.
1014 343 1036 372 5,
1051 343 1074 367 5.

355 381 381 404 6.
400 378 498 404 verbis
516 381 630 413 inteyre
648 378 751 403 allatis
765 378 908 410 prosim?
928 376 1073 401 adiuncta

355 416 422 438 sunt
443 412 533 438 verba
560 413 621 438 loci
641 411 739 437 Galat.
764 413 787 441 5,
816 411 924 434 19-21,
944 411 1073 444 integra,

356 455 393 472 ea:
412 446 518 480 quibus
535 448 567 471 in
578 446 635 471 Ms.
656 448 773 471 tantum
787 452 865 478 pars
883 447 1019 469 extrema
1034 452 1072 468 vs.

355 483 397 505 20.
423 484 451 505 et
478 482 593 515 integer
610 488 650 505 vs,
680 481 720 503 21.
748 480 779 503 in
798 486 877 511 seqq.
899 477 986 503 lineis
1004 477 1073 510 uffe-

355 517 462 539 runtur
480 515 525 538 sic
537 522 545 537 .-

270 548 433 585 ¹Sectae‚
469 549 534 583 ira,
569 546 762 582 invidentia,
800 545 1072 582 comessationes,

128 608 215 626 dicitur.
251 592 392 622 ebrietas
423 595 484 620 etc.
515 590 556 619 de
585 590 703 629 quibus
737 589 893 628 praedico
913 588 1001 628 quod
1020 588 1074 628 qui

129 1105 169 1133 71,

189 1111 211 1129 8.

250 633 329 664 talia
366 638 468 673 agunt
496 641 634 672 regnan
666 631 717 661 dei
751 641 818 662 non
846 630 1073 670 possidebunt.

251 676 330 705 Item
348 673 562 715 Evangelium
592 673 761 714 praedicat
790 678 821 703 et
839 673 974 713 requirit
997 682 1074 711 poe-

251 718 428 753 nitentiam,
446 722 572 757 pugnat
591 722 699 747 autem
718 726 790 746 cum
809 715 1010 754 poenitentia
1027 713 1074 745 sa-

252 769 328 790 cere
358 766 474 789 contra
504 759 750 795 conscientiam,
780 768 842 788 nec
862 757 943 787 fides
962 762 1075 797 potest

251 802 391 832 existere
419 802 451 831 in
473 810 512 831 οο
533 801 587 840 qui
607 802 674 841 agit
694 806 809 831 contra
829 800 1072 830 conscientiam.

250 844 349 874 Fides
373 844 457 873 enim
481 849 532 873 est
551 843 671 873 fiducia
690 843 777 884 quod
796 842 985 883 placeamus
999 843 1073 872 deo.

250 886 344 916 Hanc
364 886 515 916 fiduciam
534 886 642 916 excuti
661 895 802 916 necesse
826 891 877 916 est
896 896 969 915 cum
982 894 1073 915 mens

250 929 412 968 approbat
430 934 485 958 aut
505 926 583 958 facit
601 927 724 968 aliquid
737 929 826 968 quod
846 928 908 958 scit
928 928 990 958 deo
1010 928 1073 957 dis-

251 969 395 1011 plicere,
426 971 510 1000 sicut
530 976 560 1000 et
583 969 706 1000 Paulus
732 971 786 1000 ait.
833 970 896 1004 Qui
922 970 1074 1000 dubitans

251 1013 392 1043 comedit
436 1013 673 1042 condemnatus
717 1018 768 1042 est
816 1013 891 1052 quia
926 1022 992 1042 non
1035 1022 1073 1041 ex

252 1054 326 1092 fide,
367 1054 522 1094 quidquid
566 1059 673 1084 autem
718 1064 784 1084 non
825 1060 874 1084 est
925 1064 964 1084 ex
1011 1053 1075 1084 fide

249 1102 422 1138 peccatum
451 1101 502 1127 est
531 1096 550 1126 i.
583 1107 610 1126 e.
636 1106 709 1126 011111
729 1097 930 1126 conscientia
952 1108 953 1113 ¹
975 1097 1075 1126 sentit

248 1150 286 1170 se
316 1137 489 1179 displicere
519 1139 581 1168 deo
601 1139 664 1169 iam
688 1139 806 1169 abiecit
825 1138 939 1175 fidem,
971 1148 1073 1179 quare

249 1188 280 1212 et
303 1187 477 1223 peccatum
506 1187 557 1211 est
587 1181 676 1221 quod
701 1181 903 1211 couscientia
925 1181 970 1210 ita
992 1181 1073 1211 iudi-

249 1231 302 1255 cat
325 1225 388 1255 deo
408 1222 593 1262 displicere.
632 1223 805 1253 Tenendus
826 1224 923 1264 igitur
947 1229 998 1253 est
1017 1222 1070 1252 hic

250 1267 373 1307 gradus
398 1267 428 1296 in
442 1267 639 1302 actionibus,
652 1265 832 1296 Peccatum
844 1264 982 1296 mortale
995 1275 1071 1296 esse

248 1310 359 1341 iacere
386 1314 502 1339 contra
527 1308 764 1338 conscientiam
782 1308 846 1339 hoc
866 1314 933 1345 est,
953 1318 1072 1348 appro-

247 1353 328 1382 bare
357 1350 479 1391 aliquid
508 1356 564 1381 aut
588 1349 701 1380 facere
726 1349 859 1391 aliquod
879 1360 962 1391 opus
983 1350 1072 1391 quod

249 1394 451 1425 conscientia
489 1393 610 1424 iudicat
645 1391 822 1433 displicere
859 1393 931 1423 (100.
994 1393 1071 1423 ldeo

248 1435 371 1466 Paulus
391 1435 527 1475 requirit
545 1441 580 1465 ut
599 1446 701 1475 supra
720 1436 841 1466 dictum
861 1441 912 1466 est
925 1434 1072 1466 dilectio-

247 1488 323 1508 nem
352 1487 393 1508 ex
424 1478 628 1508 conscientia
648 1479 744 1508 bona.
789 1477 830 1508 Et
854 1478 957 1508 Timo.
977 1488 1072 1518 prae-

249 1520 325 1559 cipit
343 1525 378 1549 ut
395 1519 509 1549 militet
524 1520 643 1550 bonam
660 1519 806 1551 militiam
828 1519 955 1550 habens
976 1521 1072 1550 fidem

249 1568 280 1593 et
300 1563 419 1591 bonam
440 1562 686 1592 conscientiam.
732 1562 773 1591 Et
797 1562 834 1592 ΙΙ.
856 1562 932 1592 Cor.
959 1562 982 1592 Ι.
1008 1565 1071 1599 [vs.

250 1604 314 1642 12]
345 1605 388 1634 ait
406 1603 498 1633 Haec
528 1609 579 1633 est
609 1603 761 1645 gloriatio
792 1610 907 1635 nostra
926 1605 1071 1635 testimo-

248 1647 335 1677 nium
372 1646 594 1676 conscientiae
637 1652 783 1677 nostrae.
841 1645 883 1676 Et
920 1645 994 1677 Gal.
1027 1646 1070 1683 16,

248 1689 291 1726 4.Ι
316 1688 551 1728 Unusquisque
580 1689 697 1728 probet
729 1698 813 1728 opus
843 1699 938 1719 suum
968 1689 1013 1719 ita
1038 1689 1070 1718 in

248 1731 360 1770 seipso
396 1730 626 1771 gloriationem
666 1730 802 1761 habebit
832 1732 850 1761 i.
884 1741 912 1761 0.
950 1732 1070 1761 bonam

249 1773 494 1803 conscientiam.
541 1772 635 1802 Hanc
659 1771 798 1813 gloriam
821 1774 927 1804 iustos
945 1773 1070 1804 habere

248 1825 388 1846 necesse
417 1820 479 1852 est,
504 1820 538 1845 ut
568 1814 721 1846 videlicet
744 1821 882 1857 agentes
902 1816 1070 1855 poeniten-

247 1858 323 1888 tiam
351 1868 416 1887 non
446 1864 662 1897 perseverent
690 1859 722 1887 in
751 1859 789 1888 iis
815 1868 899 1898 quae
927 1858 1072 1888 iudicant

248 1910 286 1930 se
305 1898 426 1930 fecisse
447 1905 563 1929 contra
581 1900 784 1931 voluntatem
803 1901 866 1937 dei,
886 1901 971 1930 sicut
989 1901 1070 1931 scri-

247 1947 336 1982 ptum
357 1948 407 1972 est
419 1941 506 1972 Nolo
529 1948 667 1974 mortem
690 1943 876 1983 peccatoris
897 1948 959 1973 etc.
979 1943 1069 1974 Item.

248 1984 283 2015 Si
310 1985 424 2015 dixero
455 1985 554 2025 impio
584 1984 693 2015 Morte
723 1986 874 2015 morieris
905 1991 936 2015 et
966 1987 1071 2026 egerit

248 2027 483 2067 poenitentiam
506 2032 567 2057 etc.
599 2027 709 2062 Quare
732 2038 875 2058 necesse
895 2033 945 2057 est
964 2028 1069 2058 iustos

248 2069 373 2100 habere
391 2069 477 2100 113110
501 2068 639 2111 gloriam
662 2071 770 2100 bonae
784 2071 1019 2108 conscientiae,
1039 2076 1071 2101 et

249 2116 356 2141 tamen
375 2112 504 2142 interim
522 2112 609 2142 scire
628 2122 686 2143 eos
707 2118 836 2152 oportet
861 2113 947 2143 hanc
967 2114 1072 2153 ipsam

249 2154 467 2184 obedientiam
497 2164 595 2194 quam
624 2161 793 2194 praestant
816 2166 882 2186 non
902 2165 979 2186 esse
998 2166 1071 2196 per-

247 2195 368 2226 fectam
397 2197 457 2226 sed
486 2196 621 2227 multum
651 2197 775 2228 habere
804 2199 881 2228 vitii.
927 2198 1071 2238 Ideoque

248 2238 453 2268 sentiendum
478 2248 555 2268 esse
578 2240 667 2279 quod
685 2241 760 2270 iusti
784 2239 849 2271 hoc
869 2246 919 2271 est
942 2241 1071 2280 accepti

248 2281 313 2310 sint
330 2286 466 2321 propter
485 2280 664 2320 Christum,
687 2283 772 2313 sicut
790 2289 822 2313 et
835 2283 915 2313 Pau.
935 2283 1071 2323 requirit

248 2324 369 2354 bonam
389 2324 624 2354 conscientiam
648 2330 679 2354 et
698 2330 805 2355 tamen
830 2325 894 2356 alii)
914 2324 1071 2356 transfert

248 2365 511 2396 iustificationem
540 2364 628 2396 Nihil
658 2367 761 2407 inquit
791 2367 833 2404 [l.
864 2367 941 2398 Cor.
965 2368 996 2405 4,
1025 2367 1069 2405 4.]

249 2407 325 2438 1111111
350 2409 506 2439 conscius
539 2419 610 2439 sum
636 2414 698 2439 etc.
745 2409 792 2439 Ita
816 2416 847 2440 et
865 2410 1006 2440 Ioannes
1028 2410 1070 2447 [l.

249 2460 300 2489 ep.
321 2450 351 2488 3,
374 2450 436 2488 19.]
463 2452 517 2481 ait.
564 2451 598 2481 ln
628 2451 693 2481 1100
725 2453 956 2492 cognoscimus
983 2453 1071 2493 quod

250 2501 291 2522 ex
317 2494 455 2523 veritate
485 2503 597 2524 sumus
624 2499 653 2523 et
686 2503 798 2524 coram
822 2505 860 2525 eo
880 2496 1070 2534 pacabimus

251 2535 353 2565 corda
377 2541 490 2566 nostra
510 2536 571 2566 Hic
595 2536 726 2576 requirit
754 2537 872 2568 bonam
899 2538 1070 2568 conscien-

1096 241 1097 244 ,
1120 208 1212 245 tiam,
1239 207 1329 239 Vere
1355 207 1529 250 diligemus
1558 219 1631 239 011111
1649 209 1694 239 113
1718 208 1890 249 diligemus
1908 215 1944 238 ut

1096 245 1098 259 '
1119 260 1181 279 nos
1203 251 1405 281 conscientia
1424 256 1538 281 nostra
1561 261 1672 281 coram
1693 252 1755 282 deo
1774 262 1842 281 non
1864 257 1868 286 ι
1894 260 1943 281 re-

1118 292 1311 332 prehendat.
1367 292 1495 323 Deinde
1519 293 1607 323 addit
1633 294 1674 323 de
1702 293 1943 324 iustificatione.

1120 334 1189 364 Sed
1219 335 1280 364 etsi
1310 336 1507 366 condemnet
1525 345 1588 365 nos
1612 345 1670 365 cor
1692 341 1855 373 nostrum,
1878 346 1944 365 ma-

1120 377 1169 406 ior
1195 382 1246 406 est
1270 377 1351 407 deus
1379 379 1480 408 corde
1509 383 1624 407 nostro
1654 379 1673 408 i.
1704 388 1731 408 e.
1762 378 1827 409 hoc
1854 378 1944 418 quod

1120 424 1155 448 tu
1178 417 1260 449 facis
1284 420 1373 449 bona
1397 420 1601 450 conscientia
1623 430 1689 450 non
1713 421 1793 451 satis
1818 426 1870 450 est
1888 430 1943 450 co-

1120 471 1189 491 ram
1220 462 1293 498 deo,
1323 467 1400 491 sunt
1429 462 1556 492 interim
1585 468 1724 502 peccata
1743 463 1943 500 omissionis,

1120 513 1186 533 non
1209 502 1433 534 satisfacimus
1453 503 1519 545 legi
1545 510 1608 534 etc.
1633 505 1660 534 si
1684 504 1750 534 hoc
1774 506 1944 542 sentimus,

1120 551 1228 575 tamen
1258 546 1360 585 inquit
1390 546 1562 576 retinenda
1596 551 1647 576 est
1677 546 1794 576 fiducia
1818 547 1944 577 miseri-

1121 588 1254 617 cordiae
1284 588 1336 617 dei
1367 598 1452 628 quae
1481 598 1543 618 nos
1573 590 1802 628 pronunciavit
1826 590 1944 626 iustos,

1120 640 1160 660 30
1189 631 1293 660 maior
1323 635 1374 659 est
1408 641 1505 670 quam
1528 636 1644 660 nostra
1667 631 1835 661 infirmitas
1866 631 1944 661 ldeo

1120 682 1237 702 rursus
1260 672 1360 702 addit.
1407 673 1443 702 Si
1466 682 1533 702 non
1560 672 1771 713 reprehendit
1796 683 1858 703 nos
1887 683 1945 703 cor

1119 720 1270 744 nostrum
1289 713 1450 744 habemus
1470 714 1621 745 fiduciam
1641 716 1682 745 ad
1702 716 1807 746 deum.
1853 715 1945 746 Haec

1119 756 1293 797 plurimum
1312 756 1415 787 refert
1429 757 1552 787 habere
1572 759 1655 788 bene
1675 759 1808 799 cognita
1827 764 1859 788 et
1878 767 1943 788 me—

1120 800 1231 836 ditata,
1260 804 1295 829 ut
1318 809 1490 830 servemus
1514 799 1577 830 hoc
1602 801 1690 840 quod
1720 800 1799 830 Pau.
1830 800 1943 840 inquit.

1119 842 1168 872 Ne
1193 842 1341 882 spiritum
1360 848 1511 873 sanctum
1531 843 1582 873 dei
1606 853 1670 883 quo
1690 843 1809 883 signati
1829 852 1943 873 sumus

1120 885 1161 915 ad
1181 884 1264 914 diem
1284 885 1518 924 redemptionis
1544 886 1787 916 contristemus.
1805 884 1869 915 hoc
1883 890 1944 922 est,

1120 937 1161 957 ne
1188 926 1383 957 beneficium
1406 927 1529 958 Christi
1553 927 1744 958 abiiciamus
1770 933 1801 958 et
1829 938 1943 967 perea-

1120 979 1203 999 mus.
1228 969 1408 999 Praeterea
1430 971 1473 1000 acl
1495 969 1559 1000 hoc
1583 979 1689 1011 genus
1708 971 1835 1010 peccati
1859 980 1944 999 mor-

1120 1010 1195 1041 talis
1216 1012 1382 1051 pertinent
1407 1013 1504 1042 etiam
1532 1017 1670 1051 peccata
1699 1013 1885 1042 omissionis
1913 1018 1945 1042 et

1121 1054 1325 1095 ignorantiae
1356 1053 1538 1084 aflectatae.
1584 1055 1667 1084 Nam
1690 1054 1772 1084 11300
1796 1055 1868 1094 ipsa
1897 1052 1945 1084 as-

1119 1095 1253 1126 sectatio
1277 1101 1329 1125 est
1352 1101 1467 1126 contra
1492 1097 1738 1133 conscientiam,
1762 1103 1796 1127 ut
1820 1097 1848 1127 si
1872 1097 1944 1137 quis

1119 1136 1200 1168 nolit
1235 1147 1443 1179 cognoscere
1466 1138 1683 1180 Evangelium
1717 1145 1771 1169 aut
1794 1138 1874 1169 nolit
1898 1140 1944 1170 in-

1119 1179 1267 1221 telligere
1287 1179 1431 1211 officium
1455 1191 1549 1212 suum
1568 1187 1623 1211 aut
1642 1180 1762 1222 alioqui
1775 1181 1943 1222 negligen-

1118 1228 1167 1252 ter
1201 1221 1316 1260 faciat,
1350 1223 1427 1253 Ideo
1458 1223 1539 1254 Pau.
1576 1224 1662 1254 dicit.
1714 1224 1785 1254 Vae
1809 1224 1885 1254 mihi
1916 1225 1943 1254 si

1117 1275 1183 1295 non
1206 1264 1451 1306 Evangelizem.
1483 1264 1575 1296 Talia
1599 1272 1629 1296 et
1653 1277 1741 1297 nunc
1765 1272 1840 1297 sunt
1863 1266 1943 1297 mul-

1118 1314 1225 1338 torum
1248 1314 1388 1347 peccata
1416 1309 1471 1349 qui
1494 1307 1666 1350 negligunt
1694 1310 1808 1339 audire
1832 1315 1864 1339 et
1889 1319 1944 1340 co-

1118 1360 1284 1391 gnoscere
1307 1349 1542 1392 Evangelium,
1571 1362 1646 1382 cum
1677 1352 1783 1382 sciant
1811 1352 1943 1382 manda-

1118 1398 1186 1422 tum
1210 1392 1272 1423 Dei
1295 1402 1381 1423 esse.
1428 1392 1524 1424 Hunc
1544 1394 1662 1424 audite.
1708 1393 1796 1424 Talis
1817 1400 1886 1424 erat
1911 1399 1942 1424 et

1118 1435 1315 1466 ludaeorum
1346 1436 1532 1476 ignorantia
1555 1437 1610 1476 qui
1634 1435 1801 1467 Christum
1829 1446 1941 1476 perse-

1118 1478 1319 1517 quebantur,
1355 1479 1396 1509 de
1431 1488 1495 1518 qua
1519 1478 1672 1509 Christus
1702 1477 1858 1519 loquitur.
1906 1478 1941 1509 Si

1119 1521 1209 1550 caeci
1232 1521 1351 1550 essetis
1375 1526 1439 1551 etc.

1118 1568 1194 1593 sunt
1217 1563 1362 1603 gentium
1391 1561 1609 1594 idololatriae.
1661 1563 1729 1594 Sed
1758 1564 1822 1594 dixi
1852 1565 1938 1604 prin-

1093 1681 1095 1692 Ι
1118 1647 1189 1677 51110
1212 1648 1325 1678 notitia
1338 1647 1470 1678 Christi.
1504 1648 1540 1678 In
1563 1647 1684 1679 talibus
1709 1649 1793 1679 enim
1817 1654 1848 1679 et
1871 1650 1941 1689 ipse

1117 1690 1251 1720 morbus
1286 1695 1423 1720 naturae
1457 1696 1489 1721 et
1524 1700 1637 1721 omnes
1672 1692 1779 1721 vitiosi
1811 1689 1940 1723 fructus

1117 1737 1191 1762 sunt
1215 1737 1354 1772 peccata
1376 1731 1535 1763 mortalia.

1176 1828 1253 1866 De
1295 1829 1872 1881 praedestinatione.

1159 1908 1275 1949 Neque
1299 1919 1339 1939 ex
1362 1910 1498 1948 ratione,
1521 1920 1628 1951 neque
1652 1921 1691 1941 ex
1714 1910 1799 1952 lege,
1819 1912 1879 1943 sed
1898 1922 1939 1943 ex

1115 1950 1298 1992 Evangelio
1328 1953 1537 1983 iudicandum
1571 1959 1621 1983 est
1652 1954 1692 1984 de
1715 1954 1939 1994 praedestina-

1116 1994 1214 2024 tione.
1259 1994 1388 2025 Deinde
1411 2005 1477 2025 non
1500 1994 1564 2025 alia
1589 2006 1691 2026 causa
1715 1997 1939 2036 praedestina-

1116 2037 1213 2066 tionis
1249 2047 1347 2077 quam
1381 2037 1622 2068 iustificationis
1654 2040 1842 2078 quaerenda
1876 2045 1939 2077 est,

1117 2079 1144 2108 si
1160 2081 1204 2119 67)
1245 2080 1317 2119 quis
1336 2078 1420 2110 haec
1440 2081 1647 2111 constituerit
1669 2082 1758 2111 initio
1781 2080 1878 2111 facile
1901 2091 1939 2112 se

1117 2131 1156 2151 ex
1179 2120 1288 2152 multis
1312 2123 1560 2162 quaestionibus
1585 2121 1780 2162 explicabit,
1804 2123 1889 2153 Nam
1911 2124 1940 2154 si

1116 2169 1241 2194 tantum
1276 2174 1317 2194 ex
1352 2163 1534 2205 Evangelio
1569 2165 1779 2196 iudicandum
1814 2171 1875 2203 est,
1911 2166 1939 2195 si

1114 2207 1370 2246 praedestinatio
1424 2218 1498 2237 cum
1546 2207 1778 2238 iustificatione
1826 2206 1938 2238 confe-

1115 2249 1219 2279 renda
1242 2254 1310 2286 est,
1340 2259 1406 2279 una
1434 2255 1466 2279 et
1490 2248 1628 2289 simplex
1651 2251 1705 2280 via
1728 2251 1798 2280 erit.
1845 2250 1939 2281 Sicut

1116 2302 1191 2322 cum
1215 2291 1256 2321 de
1280 2291 1511 2322 iustificatione
1535 2293 1722 2332 quaerimus
1752 2293 1896 2323 ordimur
1919 2303 1939 2323 a

1115 2334 1230 2371 verbo,
1254 2334 1299 2363 ita
1328 2344 1402 2364 011111
1425 2334 1466 2364 de
1488 2335 1787 2373 praedestinatione
1811 2335 1938 2375 quaeri-

1113 2386 1187 2407 mus
1212 2376 1405 2406 ordiendum
1428 2382 1480 2406 est
1501 2387 1521 2407 a
1544 2377 1646 2407 verbo
1670 2388 1731 2408 seu
1742 2376 1936 2418 Evangelio.

1113 2418 1220 2449 Porro
1245 2424 1277 2449 et
1299 2417 1505 2459 singulorum
1529 2420 1726 2450 tentationes
1741 2421 1781 2450 de
1805 2419 1937 2450 electio-

1113 2471 1166 2501 ne,
1190 2467 1221 2491 et
1245 2461 1445 2502 scriptorum
1467 2462 1583 2491 eadem
1618 2462 1658 2492 de
1687 2472 1723 2492 re
1746 2461 1935 2502 disputatio-

1091 2555 1093 2572 1
1113 2547 1160 2576 67)
1179 2547 1222 2572 Ms.
1241 2549 1300 2571 ante
1319 2546 1346 2569 si
1365 2546 1467 2571 exhibet
1485 2545 1524 2570 Ec
1543 2549 1704 2577 expunctum.

1980 252 2019 281 71,

2035 114 2099 146 330

1486 1520 1542 1552 Sic
1572 1527 1603 1551 et
1629 1527 1767 1562 peccata
1790 1520 1940 1552 mortalia
1955 1532 2070 1561 rotomum

1942 1558 2026 1576 scilicet
2046 1564 2084 1581 per

2000 1589 2030 1601 88-

1119 1605 1201 1644 cipio
1227 1606 1267 1635 de
1293 1606 1438 1644 peccatis
1462 1604 1590 1637 illorum
1615 1607 1669 1646 qui
1691 1616 1831 1647 prorsus
1846 1616 1848 1623 ’
1864 1613 1941 1637 511111
1979 1610 2018 1639 72,
2037 1616 2059 1634 a·
