2358 2933
91 120 156 152 553

91 220 159 245 tum
192 211 316 243 volunt.

91 255 243 286 Contenti
271 258 377 284 estote
401 253 571 293 stipendiis
595 253 731 291 vestris,
760 253 920 283 neminem
945 261 1065 282 concu-

90 298 196 335 tiatis,
228 305 335 337 neque
365 294 612 326 calumniemini.
658 295 769 326 Locus
799 295 897 335 igitur
926 294 967 324 de
997 295 1066 324 iure

90 340 184 381 regni
212 339 244 369 in
273 338 409 369 historia
438 337 601 368 Samuelis
631 348 698 368 non
728 337 880 368 concedit
909 336 1066 366 infinitam

88 381 253 412 licentiam
270 381 482 421 principibus,
501 380 561 411 sed
579 380 620 410 de
638 380 808 420 stipendiis
826 378 981 419 loquitur,
1000 378 1065 409 hoc

90 430 150 462 est,
171 423 321 454 concedit
339 423 422 453 sumi
445 423 487 453 ad
504 432 585 453 usus
601 421 752 463 publicos
771 421 933 461 stipendia
950 431 990 451 ex
1002 421 1065 461 pri-

89 471 238 497 vatorum
260 464 412 496 fortunis.
447 464 515 495 Sed
537 463 615 495 nolo
638 464 721 494 haec
745 464 899 504 persequi
922 462 1063 505 longius.

88 508 173 539 Illud
206 508 392 538 addendum
425 513 489 537 est:
523 506 752 547 Magistratum
786 506 955 536 custodem
989 515 1064 536 esse

87 561 155 582 non
177 549 285 581 solum
307 550 473 580 secundae
496 548 646 586 tabulae,
670 549 729 578 sed
753 548 852 578 etiam
874 549 997 588 primae
1019 554 1065 578 ta-

88 592 202 630 bulae‚
226 593 314 633 quod
336 593 451 622 attinet
473 592 515 622 ad
539 597 706 622 externam
730 589 946 630 disciplinam.
992 590 1065 620 Hoc

88 642 154 666 est:
178 635 232 665 Ad
254 635 481 675 magistratum
503 634 644 674 pertinet
665 643 731 663 non
750 631 857 663 solum
877 643 957 662 cura
974 639 1065 663 tuen-

88 679 150 709 dae
182 676 426 717 tranquillitatis
459 676 593 713 eiw'um,
626 685 686 706 seu
717 673 901 715 depellendi
929 675 1065 705 iniurias

87 729 263 759 corporum
307 724 339 749 et.
375 717 595 756 fortunarum,
640 718 699 748 sed
738 718 833 748 etiam
873 716 1065 758 disciplinae

87 764 120 793 in
149 760 310 802 religione
337 761 537 791 retinendae.
581 761 653 791 Etsi
685 762 769 791 enim
796 770 923 800 poenae
948 770 1065 799 corpo-

86 803 176 835 rales
199 813 266 834 non
289 802 433 834 efficiunt
455 804 487 833 in
511 804 625 834 animis
649 804 813 843 pietatem,
837 808 945 833 tamen
960 802 1064 843 Magi-

87 852 210 878 stratus
239 845 414 886 prohibere
443 846 539 876 debet
568 845 760 886 disciplinae
785 855 887 876 causa
909 851 1063 875 externas

87 887 301 921 contumelias
314 887 493 929 religionis,
512 887 716 918 manifestam
728 887 956 923 idololatriam,
978 886 1064 917 blas-

86 931 252 972 phemiaS,
279 931 377 970 impia
401 931 571 972 dogmata,
603 931 756 971 periuria.
803 930 893 961 Sicut
916 930 1063 960 videmus

85 974 119 1004 in
152 974 302 1003 omnibus
341 972 583 1013 rebuspublicis
624 973 830 1003 mediocriter
865 973 1063 1009 constitutis,

85 1016 213 1046 severis
231 1015 389 1055 exemplis
407 1016 538 1055 punitas
559 1025 635 1046 esse
652 1015 849 1046 idolationes
869 1013 1063 1056 religionum

86 1064 119 1088 et
140 1058 293 1098 periuria.
338 1057 380 1087 Et
406 1058 524 1097 probat
546 1057 632 1088 hanc
655 1059 849 1088 sententiam
872 1058 943 1097 ipse
967 1057 1062 1087 deca-

83 1098 183 1142 logus
219 1099 291 1137 [Ex.
321 1099 375 1137 20,
406 1100 464 1137 74:
505 1099 580 1130 Non
616 1110 699 1130 vane
733 1100 910 1140 usurpabis
944 1109 1060 1129 nomen

83 1142 159 1173 Dei.
203 1141 245 1172 Et
272 1141 383 1173 David
416 1142 519 1182 inquit
553 1142 620 1179 [Ps.
644 1143 675 1180 2,
701 1143 740 1172 10
765 1146 844 1182 sq.]:
888 1141 929 1171 Et
963 1151 1060 1178 nunc,

83 1194 199 1226 reges,
228 1183 418 1225 intelligite,
449 1185 634 1222 erudimini,
665 1185 720 1226 qui
748 1184 897 1215 iudicatis
921 1190 1061 1219 terram,

84 1228 207 1258 servite
229 1226 372 1257 Domino
397 1233 459 1257 etc.
504 1226 603 1258 Prov.
627 1227 679 1257 25.
711 1230 775 1265 [vs.
800 1226 846 1264 5.]
877 1225 981 1257 Aufer
1005 1227 1060 1256 im-

366 210 444 242 Ideo
476 210 616 241 Ioannes
650 211 754 251 inquit
787 209 881 248 [Luc.
917 209 948 247 3,
984 209 1064 248 14.]:
1088 216 1089 220 ’

544 117 567 149 Ι.
590 117 692 148 LOCI
714 116 989 148 THEOLOGlcl:
1014 116 1051 148 C.
1075 117 1286 149 SECUNDA
1308 116 1463 148 EORUM
1486 117 1643 148 AETAS.

83 1271 235 1310 pietatem
261 1269 301 1299 de
324 1267 416 1299 vultu
439 1269 545 1309 regiS,
570 1276 602 1299 et
625 1269 805 1299 firmabitur
827 1269 948 1299 iustitia
971 1267 1060 1299 thro-

82 1322 146 1342 nus
176 1312 256 1341 eius.
300 1310 343 1341 Et
367 1311 392 1341 1.
417 1310 499 1352 Reg.
523 1312 554 1341 2.
581 1311 626 1350 [1.
651 1312 738 1343 Sam.
762 1311 794 1349 ⁶2,
817 1311 882 1350 30.]
929 1310 1060 1341 Glorifi-

82 1358 196 1385 cantes
218 1363 271 1383 me
290 1352 498 1394 glorificabo,
523 1360 554 1384 et
578 1360 827 1385 contemnentes
851 1364 902 1384 me
924 1354 1060 1384 reddam

81 1401 300 1435 contemptos.
333 1395 374 1426 Et
391 1406 433 1426 ne
449 1405 576 1426 sumam
594 1397 634 1427 ab
652 1395 833 1427 Israelitico
853 1406 934 1438 rege
953 1406 1059 1427 exem-

82 1436 182 1478 plum,
204 1438 474 1479 Nabogdonosor
498 1445 529 1469 et
546 1438 668 1469 Darius
689 1438 807 1469 Medus
830 1440 915 1479 apud
938 1438 1059 1469 Danie-

80 1480 148 1511 lem
164 1486 352 1521 proponunt
369 1481 485 1521 edicta,
504 1482 536 1511 in
557 1482 674 1521 quibus
694 1488 804 1512 vetant
823 1482 886 1512 dici
908 1480 1059 1522 blasphe-

81 1523 179 1553 miam
208 1529 321 1553 contra
344 1522 452 1553 Deum
481 1522 595 1563 populi
618 1522 731 1554 lsrael.
776 1523 951 1555 Postremo
976 1524 1056 1555 Pau-

80 1563 133 1596 lus
162 1565 264 1605 inquit
293 1565 338 1603 [1.
366 1564 445 1595 Tim.
472 1566 501 1603 l,
524 1566 588 1604 9.]:
630 1565 701 1596 Lex
729 1573 779 1597 est
807 1568 913 1607 posita
942 1567 1059 1607 impiis,

80 1607 272 1648 prophanis,
295 1607 359 1637 hoc
382 1614 443 1645 est,
466 1614 500 1639 ut.
524 1608 699 1639 coherceat
721 1609 883 1646 homines,
908 1619 949 1639 ne
971 1608 1059 1640 facta

80 1651 179 1691 impia
200 1661 240 1680 ac
262 1650 427 1692 sacrilega
452 1651 633 1691 designent.

168 1692 250 1723 Cum
284 1699 392 1723 autem
424 1692 640 1735 Magistratus
677 1695 719 1724 sit
754 1701 866 1725 custos
899 1693 983 1735 legis
1018 1705 1057 1725 ac

81 1734 282 1776 disciplinae,
304 1734 456 1776 profecto
479 1737 616 1767 maxime
640 1736 726 1767 hanc
748 1743 874 1777 partem
897 1738 979 1767 tueri
1003 1738 1057 1768 de-

80 1779 134 1808 bet
169 1778 209 1808 de
244 1784 380 1808 externa
415 1779 603 1809 reverentia
637 1789 718 1820 erga
750 1779 875 1817 Deum,
910 1780 999 1821 quod
1014 1782 1056 1818 ⁶⁴)

79 1820 163 1851 haec
196 1830 273 1861 pars
304 1821 442 1851 maxime
470 1821 512 1852 ad
546 1821 750 1862 disciplinam
779 1823 936 1862 pertinet,
972 1824 1055 1853 sicut

81 1869 211 1894 constat
245 1864 385 1894 omnium
423 1865 566 1905 gentium
601 1863 731 1905 legibus
765 1866 870 1906 puniri
903 1866 1054 1906 periuria.

78 1905 209 1937 Deinde
237 1905 303 1936 hoc
332 1907 518 1937 consideret
546 1908 680 1948 sapiens
706 1907 922 1949 Magistratus
956 1919 1055 1940 unum

79 1948 168 1979 hunc
190 1948 402 1989 principalem
426 1949 522 1980 finem
546 1960 638 1988 esse,
674 1961 775 1991 quare
798 1951 839 1982 ad
863 1951 1055 1982 societatem

80 1992 200 2023 conditi
230 1997 305 2022 sunt
328 1991 492 2030 homines,
523 1998 557 2023 ut
581 1992 731 2023 videlicet
755 1994 938 2024 innotescat
962 1993 1054 2025 Deus

79 2044 118 2065 ac
146 2034 358 2076 glorificetur.
404 2034 510 2065 Homo
540 2036 625 2066 enim
647 2036 721 2066 ideo
747 2037 897 2067 conditus
921 2043 990 2073 est,
1019 2043 1054 2068 ut

78 2077 111 2107 in
135 2087 175 2107 eo
198 2075 369 2107 illucescat
392 2076 484 2108 Deus
509 2084 541 2108 et
563 2088 623 2119 per
646 2088 719 2109 eum
742 2080 886 2119 patefiat.
930 2080 1053 2111 Neces-

78 2120 166 2150 saria
188 2120 288 2161 igitur
308 2118 367 2150 fuit
391 2120 546 2158 societas,
569 2122 601 2151 in
625 2132 687 2162 qua
711 2121 765 2152 alii
789 2122 945 2153 docerent
969 2122 1052 2153 alios

79 2163 119 2194 de
142 2162 226 2194 Deo.
272 2161 326 2197 Ad
347 2161 433 2192 hanc
460 2161 700 2204 philosophiam
724 2166 899 2206 praecipue
923 2167 1054 2196 condita

79 2211 130 2236 est
152 2204 294 2236 humana
318 2211 444 2243 natura,
467 2206 540 2236 ideo
562 2212 610 2236 tot
628 2207 759 2238 vincula
777 2214 854 2238 sunt
873 2209 1053 2247 societatiS,

78 2248 282 2288 procreatio,
315 2248 484 2286 educatio,
517 2249 604 2279 vitae
639 2248 785 2281 defensio
816 2251 940 2281 habent
969 2262 1052 2292 opus

79 2291 247 2322 societate.
292 2290 339 2320 lta
369 2291 551 2322 necessitas
580 2292 652 2332 ipsa
683 2294 849 2334 coniungit
880 2300 909 2325 et
935 2305 1052 2325 conso-

78 2336 142 2364 ciat
163 2333 324 2371 homines,
346 2344 441 2374 quam
466 2335 508 2364 ob
533 2334 686 2365 causam?
707 2341 742 2366 ut
759 2337 844 2366 sicut
858 2335 956 2367 homo
975 2348 1051 2368 con-
1072 2351 1074 2356 ·

79 2376 166 2407 ditus
189 2381 250 2414 est,
272 2382 307 2407 ut
329 2378 361 2407 in
386 2386 426 2407 eo
449 2375 619 2408 illucescat
643 2376 747 2416 Deus,
769 2379 815 2409 ita
837 2380 868 2409 in
893 2380 1051 2411 societate

79 2418 258 2450 doceantur
280 2417 333 2450 alii
356 2420 396 2450 de
419 2419 503 2451 Deo.
539 2420 590 2451 Ac
612 2426 798 2461 propterea,
822 2423 896 2462 quia
918 2424 961 2454 ad
983 2429 1052 2454 tan-

80 2520 125 2551 64)
148 2523 324 2580 ῧέἱῗῃῡευηιά,
343 2522 419 2554 quod]
441 2523 483 2548 Ed.
505 2524 542 2548 11.
561 2524 654 2554 typoth.
673 2530 773 2549 errore:
792 2530 854 2554 erga
872 2526 966 2555 Deum,
985 2526 1051 2557 quod

229 2575 235 2586 ‚
253 2562 302 2587 quo

2031 116 2096 147 554

1112 215 1178 240 tum
1209 220 1309 250 opus,
1340 210 1381 240 ad
1408 216 1532 240 tantum
1555 210 1653 241 finem
1676 210 1838 240 destinata
1862 215 1913 239 est
1937 210 2093 247 societas,

1111 253 1186 282 ideo
1209 251 1338 293 legibus
1361 258 1392 282 et
1417 253 1531 283 ordine
1554 253 1600 283 ita
1619 252 1798 283 constituta
1817 257 1879 289 est,
1902 250 1981 281 nihil
2000 258 2034 282 ut
2054 262 2093 282 ea

1111 293 1280 334 pulchrius
1305 296 1442 336 cogitari
1465 296 1581 335 possit.
1627 293 1765 325 Constat
1789 300 1897 324 autem
1920 295 2093 335 magistra-

1111 342 1178 366 tum
1202 337 1372 367 custodem
1392 346 1467 367 esse
1486 336 1646 367 humanae
1666 337 1854 372 societatis3
1879 336 1976 366 debet
1994 337 2093 377 igitur

1111 378 1207 408 finem
1227 379 1397 409 societatis
1416 380 1627 419 praecipuum
1651 380 1747 409 etiam
1770 379 1863 409 tueri.
1897 378 1938 409 Et
1962 379 1990 408 si
2014 388 2092 409 vere

1110 419 1263 451 volumus
1293 421 1455 459 iudicare,
1489 421 1585 452 huius
1620 420 1831 461 pulcherrimi
1861 421 1970 461 operis
2006 422 2091 452 inter

1109 462 1258 493 homines
1275 465 1412 493 antistes
1431 469 1461 493 et
1480 463 1666 501 ἀγωνοθέτης
1686 473 1762 493 esse
1782 463 1889 500 debet,
1913 469 1948 493 ut
1967 464 2090 504 optima

1110 503 1281 544 disciplina
1296 505 1445 535 homines
1463 505 1504 535 ad
1522 504 1714 545 religionem
1733 505 1925 543 assuefiant,
1948 512 1984 536 ut
1996 505 2090 536 Deus

1111 546 1324 589 glorificetur.
1370 547 1430 578 Hic
1454 548 1538 578 fines
1564 548 1741 587 praecipue
1764 548 1905 587 sapienti
1928 549 2090 589 guberna-

1110 590 1217 620 natori
1247 588 1446 630 reipublicae
1476 591 1666 629 propositus
1692 600 1769 620 esse
1793 591 1907 625 debet3
1942 591 1987 620 ita
2009 600 2089 621 vere

1111 638 1205 662 erunt
1228 633 1346 662 beatae
1375 631 1594 672 respublicae.
1640 631 1734 662 Deus
1758 633 1843 662 enim
1866 633 2012 663 vicissim
2036 633 2089 663 de-

1110 674 1222 705 fendet
1251 684 1324 711 eas,
1353 676 1435 715 6165)
1473 675 1623 705 onmibus
1655 675 1749 704 bonis
1774 673 1970 707 cumulabit:
2006 676 2090 705 sicut

1110 717 1189 747 d'uxit
1212 716 1255 754 [1.
1279 717 1368 747 Sam.
1392 716 1423 753 2,
1447 716 1530 755 30.]:
1554 715 1788 747 Glorificantes
1811 727 1862 747 me
1881 716 2088 758 glorificabo.

1110 759 1243 789 Debent
1270 759 1369 800 igitur
1391 758 1607 800 Magistratus
1634 758 1811 798 prohibere
1839 760 1955 799 impios
1983 758 2088 790 cultus

1110 807 1141 832 et
1160 802 1331 841 impiorum
1350 802 1540 842 dogmatum
1561 801 1814 842 professionem,
1839 802 1958 832 debent
1976 802 2091 842 punire

1109 843 1305 874 haereticos.
1341 844 1408 875 Sed
1431 844 1581 881 viderint,
1604 850 1638 875 ut
1661 850 1752 874 recte
1774 845 1927 882 iudicent,
1950 854 1992 875 ne
2012 844 2091 875 fiant

1110 887 1247 917 ministri
1276 885 1404 917 alienae
1435 885 1634 917 crudelitatis
1664 893 1719 918 aut
1747 887 1933 927 impietatis
1984 886 2090 917 Perti-

1109 931 1219 966 116166)
1243 935 1351 960 autem
1375 930 1518 970 cognitio
1543 929 1711 959 doctrinae
1734 930 1776 960 ad
1799 928 2000 967 Ecclesiam,
2023 929 2089 960 hoc

1110 977 1178 1008 est,
1212 972 1253 1001 ad
1288 972 1359 1011 pios
1395 978 1427 1002 et
1460 977 1550 1001 recte
1585 972 1715 1002 doctos.
1761 971 1887 1012 Estque
1916 971 2089 1003 Ecclesiae

1108 1014 1287 1044 membrum
1310 1014 1381 1054 ipse
1404 1014 1500 1044 etiam
1522 1013 1751 1055 Magistratus,
1779 1024 1875 1054 quem
1899 1015 1995 1045 decet
2019 1015 2088 1045 suis

1108 1055 1211 1086 oculis
1240 1057 1379 1087 maxime
1408 1056 1531 1087 videre.
1577 1057 1612 1086 ln
1641 1056 1728 1087 hanc
1757 1058 1952 1087 sententiam
1976 1063 2087 1088 extant

1107 1099 1226 1129 vetusti
1252 1108 1396 1129 canones
1421 1100 1461 1129 de
1484 1099 1621 1139 synodis
1641 1106 1671 1129 et
1691 1100 1731 1130 de
1755 1100 1943 1140 cognitione
1967 1101 2087 1131 doctri-

1106 1151 1180 1171 nae.
1227 1140 1320 1171 Deus
1351 1148 1446 1171 ornat
1475 1151 1574 1181 reges
1602 1140 1730 1172 honore
1760 1142 1899 1172 nominis
1932 1143 1982 1173 sui
2018 1142 2086 1180 [Ps.

1105 1183 1158 1220 81,
1181 1183 1244 1221 6.J:
1270 1182 1342 1224 Ego
1367 1184 1448 1221 dixi,
1477 1184 1518 1214 dii
1543 1185 1640 1221 estis,
1672 1183 1824 1215 videlicet
1848 1192 1882 1215 ut
1907 1186 2012 1215 sciant
2037 1185 2086 1216 sui

1107 1224 1204 1256 officii
1228 1235 1315 1263 esse,
1338 1233 1372 1256 ut
1395 1236 1450 1256 res
1476 1227 1602 1257 divinas
1626 1225 1810 1268 intelligant
1836 1233 1867 1257 et
1891 1235 2087 1258 conservent

1105 1269 1138 1298 in
1160 1268 1281 1299 mundo
1303 1266 1507 1309 religionem,
1530 1270 1694 1307 iustitiam,
1718 1280 1846 1309 pacem,
1870 1270 2086 1310 disciplinam.

1105 1311 1198 1341 Haec
1222 1313 1404 1342 communia
1422 1318 1599 1352 praecepta
1620 1312 1660 1342 de
1678 1313 1779 1343 rebus
1800 1311 1950 1343 civilibus
1970 1320 2001 1343 et
2021 1324 2086 1344 ma-

1105 1354 1298 1395 gistratibus
1322 1355 1492 1392 recensui,
1522 1364 1660 1396 quorum
1684 1356 1825 1396 cognitio
1850 1356 2000 1387 omnibus
2024 1357 2086 1396 piis

1104 1406 1297 1427 necessaria
1319 1407 1380 1428 esc.

1192 1439 1258 1469 Iam
1288 1439 1330 1469 ad
1358 1439 1442 1470 alios
1471 1439 1615 1471 artifices
1645 1441 1784 1480 pertinet
1813 1447 1990 1481 praecepta
2021 1447 2085 1472 tra-

1106 1482 1183 1512 dere
1207 1482 1247 1512 de
1271 1481 1410 1523 singulis
1434 1483 1582 1522 partibus
1603 1484 1852 1524 gubernationis
1871 1483 2084 1524 reipublicae.

1104 1523 1321 1565 Evangelium
1356 1524 1531 1565 amplificat
1566 1526 1756 1566 dignitatem
1790 1536 1898 1557 rerum
1931 1526 2084 1565 civilium,

1104 1573 1137 1597 ut
1162 1568 1379 1598 reverentiam
1402 1567 1466 1598 alat
1491 1578 1569 1609 erga
1581 1568 1795 1609 Magistratus
1819 1576 1849 1599 et
1874 1576 1976 1600 totum
1999 1571 2084 1601 ordi-

1104 1619 1178 1640 nem
1208 1608 1392 1650 politicum.
1422 1617 1451 1641 et
1482 1611 1655 1642 admoneat
1684 1621 1763 1648 nos,
1792 1618 1824 1642 ut
1848 1611 1921 1643 Deo
1946 1613 2084 1654 gratiam

1103 1651 1284 1683 habeamus
1307 1663 1367 1693 pro
1390 1654 1487 1684 tantis
1511 1654 1690 1685 beneficiis.
1723 1654 1776 1684 Ad
1798 1653 1881 1685 haec
1905 1656 1936 1685 in
1961 1666 2083 1696 genere

1104 1695 1200 1725 docet
1225 1702 1254 1725 et
1277 1695 1493 1736 Magistratus
1517 1703 1547 1727 et
1571 1697 1720 1727 subditos
1744 1698 1784 1727 de
1809 1708 1870 1728 suo
1894 1697 2025 1737 officio,
2047 1706 2081 1729 ut

1103 1737 1274 1777 prohibeat
1309 1744 1340 1768 et
1373 1739 1578 1780 tyrannidem
1610 1746 1640 1770 et
1669 1740 1861 1770 seditiones·
1913 1741 1979 1772 Iam
2009 1752 2083 1772 cum

1103 1786 1260 1810 ornantur
1290 1791 1343 1811 res
1371 1781 1542 1822 politicae,
1571 1782 1739 1813 sciendum
1763 1789 1814 1813 est
1836 1784 1878 1813 ad
1901 1794 1958 1814 eas
1982 1785 2082 1825 perti-

1102 1833 1181 1853 nere
1203 1821 1307 1864 leges,
1330 1830 1438 1862 artes,
1461 1823 1572 1855 literas
1597 1831 1626 1855 et
1651 1825 1844 1856 doctrinam.
1892 1826 2001 1861 Quare
2026 1828 2081 1858 do-

1102 1866 1195 1896 cendi
1224 1872 1298 1896 sunt
1326 1865 1493 1905 homines,
1523 1874 1556 1897 ut
1588 1868 1628 1899 de
1656 1867 1707 1898 his
1736 1878 1867 1909 quoque
1896 1868 2080 1901 honorifice

1100 1909 1252 1945 sentiant,
1282 1910 1388 1940 sciant
1412 1919 1486 1940 esse
1510 1911 1595 1941 dona
1620 1911 1682 1941 Dei
1706 1912 1896 1942 necessaria
1921 1913 1963 1943 ad
1985 1912 2080 1955 leges

1100 1952 1301 1989 retinendas,
1325 1953 1367 1982 ad
1391 1954 1656 1984 conservandum
1680 1960 1711 1984 et
1734 1955 1953 1985 enarrandum
1972 1956 2080 1987 Evan-

1100 1993 1238 2035 gelium,
1274 1995 1415 2036 denique
1448 1996 1489 2027 ad
1519 1995 1661 2028 infinitas
1696 1995 1861 2027 utilitates.
1914 1997 1967 2029 De
2003 2009 2079 2029 con-

1099 2038 1260 2067 tractibus
1294 2039 1390 2068 etiam
1419 2039 1588 2070 sciendum
1618 2046 1685 2076 est,
1721 2040 1805 2070 sicut
1834 2039 1905 2070 aliis
1934 2041 2078 2082 politicis

1099 2081 1208 2118 rebus,
1231 2081 1276 2110 ita
1299 2087 1329 2111 et
1354 2083 1578 2113 contractibus
1602 2083 1647 2113 uti
1672 2081 1757 2112 licet.
1799 2083 1873 2113 Non
1904 2084 1988 2115 euim
2020 2095 2078 2126 po-

1099 2128 1164 2153 test
1188 2133 1302 2154 carere
1320 2123 1383 2154 hac
1403 2125 1468 2155 sita
1488 2125 1722 2155 eona-actibus.
1754 2124 1794 2155 Et
1818 2126 1949 2157 videant
1968 2126 2078 2158 Evan-

1099 2164 1174 2207 gelii
1198 2166 1363 2203 doctores,
1386 2177 1428 2197 ne
1446 2168 1649 2208 approbatos
1670 2174 1859 2198 contractus
1880 2175 2003 2200 temere
2022 2177 2078 2201 aut

1098 2209 1254 2239 seditiose
1273 2209 1436 2240 damnent.
1470 2210 1602 2241 Tradidi
1622 2216 1728 2241 autem
1746 2209 1828 2241 alias
1841 2213 1903 2252 663)
1922 2211 2008 2243 hanc
2026 2224 2077 2244 re-

1098 2250 1218 2293 gulam,
1242 2250 1315 2282 illas
1339 2250 1461 2284 formas
1482 2260 1709 2284 contractuum
1728 2255 1960 2294 approbandas
1985 2265 2075 2294 esse,

1097 2304 1179 2335 quas
1199 2295 1383 2335 approbant
1402 2296 1494 2336 ipsae
1513 2295 1605 2336 leges
1625 2306 1664 2326 ac
1676 2295 1903 2337 Magistratus,
1927 2297 1992 2329 hoc
2012 2306 2074 2337 est,

1097 2347 1178 2378 quas
1212 2336 1466 2369 iurisconsultus
1501 2340 1633 2378 sapiens
1674 2346 1704 2369 et
1740 2349 1866 2380 aequus
1900 2342 2074 2381 approbat.

1096 2433 1142 2463 65)
1169 2435 1193 2457 et
1213 2431 1325 2457 addunt
1344 2433 1416 2458 Editt.
1436 2433 1457 2456 ἵ.
1477 2434 1501 2456 8.
1522 2434 1630 2457 11-14.
1650 2436 1676 2458 et
1695 2434 1754 2463 Opp.

1072 2486 1073 2489 ¹
1096 2480 1142 2510 66)
1170 2479 1292 2510 Pertinet]
1314 2479 1384 2505 Editt.
1406 2480 1444 2502 1⁴2.
1468 2480 1505 2503 13.
1525 2485 1611 2505 errore
1630 2483 1692 2510 tm:
1712 2481 1842 2506 Pertinent

1095 2528 1128 2551 66
1137 2527 1161 2557 ³)
1190 2526 1255 2586 lig}
1266 2524 1393 2551 Dissert-
1414 2525 1449 2551 de
1469 2525 1676 2551 contractibus
1700 2528 1725 2552 in
1748 2528 1823 2553 huius
1842 2528 1915 2559 corp.
1938 2530 1992 2554 Vol.
2011 2530 2069 2554 xw.

1163 2567 1186 2590 1³-
1274 2567 1327 2592 sqq.
