2358 2933
98 132 161 164 477

99 223 208 255 larunt
231 223 366 259 σύναξιν,
388 226 564 260 propterea
586 219 674 259 quod
697 218 877 248 communis
902 228 1005 249 coena
1030 228 1080 248 es-

101 272 150 296 set
179 263 448 305 congregationis
472 264 505 292 in
516 261 679 292 Ecclesia.
710 258 929 301 Appellarunt
944 267 975 291 et
996 260 1079 298 εὔχα-

99 312 215 349 ριστίαν
232 310 368 347 propter
390 304 499 341 finem,
522 305 598 344 quia
619 304 702 334 haec
725 303 911 333 ceremonia
933 304 1079 332 instituta

99 356 167 385 est,
196 355 231 379 ut
261 358 301 378 ea
329 352 458 377 utentes
484 355 707 387 agnoscamus
728 345 921 375 beneficium
945 344 1078 382 Christi,
1100 379 1101 385 ἵ

100 398 130 422 61
165 389 319 422 admoniti
347 389 411 419 fide
441 389 607 429 erigamur
635 394 667 418 et
691 393 873 417 statuamus
893 386 958 417 hoc
981 388 1077 417 nobis
1100 399 1101 422 3

98 434 217 475 pignus
241 431 404 469 exhiberi,
435 432 523 472 quod
547 436 686 461 testetur
708 430 803 459 nobis
827 430 941 459 donari
966 429 1077 459 remis-

98 477 225 506 sionem
248 480 481 514 peccatorum3
516 473 632 503 deinde
660 477 694 502 ut
716 481 776 511 pro
800 477 890 501 tanto
917 471 1076 501 beneficio

99 518 223 558 gratias
246 525 397 557 agamus.
444 516 553 555 Supra
580 520 687 545 autem
715 514 837 543 dictum
861 519 928 550 est,
959 513 1077 543 Sacra-

98 565 241 590 mentum
268 559 488 588 ceremoniam
516 566 591 587 esse
624 556 765 586 additam
789 556 1015 595 promissioni,
1044 557 1077 585 in

99 612 164 641 qua
187 601 279 631 Deus
302 601 398 630 nobis
421 599 543 639 aliquid
567 598 707 628 exhibet.
754 598 809 628 Si«-
833 603 864 628 et
888 597 971 628 haec
994 597 1077 628 Coe-

98 654 142 675 na
165 649 214 673 est
229 643 486 678 Sacramentum,
511 641 606 671 debet
630 640 713 670 enim
737 639 873 680 intelligi
892 641 1076 670 ceremonia

97 686 208 716 addita
238 694 383 715 summae
411 685 512 714 totius
536 680 728 723 Evangelii,
758 683 846 722 quod
875 688 906 712 et
936 681 1077 722 comple-

99 728 197 758 ctitur
219 727 251 756 in
273 727 354 766 ipsis
378 726 487 756 verbis
508 725 553 763 [l.
578 724 655 755 Cor.
683 724 732 760 11,
752 725 838 761 254:
864 724 925 755 Hic
954 731 1004 755 est
1025 735 1077 755 ca-

96 769 142 799 lix
163 769 293 799 Novum
315 767 577 805 Testamentum,
611 768 643 797 id
671 772 738 803 est,
772 767 991 798 testimonium
1019 777 1077 797 no-

98 821 159 842 vae
177 810 416 851 promissionis.
446 809 507 840 Est
530 815 560 839 et
580 819 706 840 summa
729 808 901 849 Evangelii
923 819 984 840 seu
1002 819 1077 850 pro-

96 853 261 885 missionis
284 853 318 882 in
341 852 392 882 his
415 853 524 882 verbis
548 853 638 890 [ibid.
663 862 712 882 vs.
736 852 821 889 244:
846 851 916 881 Hoc
936 858 986 882 est
1005 861 1077 881 eor—

96 907 158 936 pus
180 905 299 931 meum,
324 895 413 934 quod
436 904 496 933 pro
520 895 615 924 vobis
640 895 751 929 datur3
773 895 849 924 item
870 894 999 932 [Matth.
1023 894 1075 931 26,

96 938 178 977 28.]:
218 937 279 968 Hic
302 942 352 966 est
377 936 526 976 sanguiS,
551 937 604 977 qui
628 946 688 976 pro
712 936 822 966 multis
846 936 1022 967 effunditur
1044 937 1075 966 in

96 980 324 1010 remissionem
356 984 578 1018 peecatoriun.
640 978 834 1018 Principalis
868 979 968 1019 igitur
1000 978 1074 1008 finis

95 1022 192 1053 huius
216 1021 420 1051 ceremoniae
443 1026 510 1056 est,
532 1027 568 1052 ut
591 1026 731 1051 testetur
749 1022 845 1051 nobis
871 1020 1019 1051 exhiberi
1042 1021 1075 1050 in

96 1063 277 1105 Evangelio
299 1063 498 1103 promissas,
522 1063 649 1093 scilicet,
672 1063 896 1093 remissionem
921 1068 1074 1102 peceato-

95 1117 167 1137 rum
190 1113 222 1137 et
244 1105 508 1135 iustificatiouem
530 1111 665 1145 propter
685 1104 862 1136 Christum.
908 1104 1074 1144 Principa-

95 1148 168 1179 liter
191 1149 275 1179 enim
298 1147 363 1177 hoc
386 1147 502 1177 intueri
525 1148 701 1183 debemus.
725 1147 975 1178 Sacramentum
999 1157 1075 1177 esse

95 1191 225 1232 signum
256 1190 398 1231 gratiae,
432 1188 517 1219 hanc
548 1199 686 1220 coenam
714 1198 791 1219 esse
828 1190 959 1230 signum
987 1189 1074 1219 Novi

94 1232 305 1264 Testamenti.
341 1231 427 1265 Quid
451 1237 502 1261 est
525 1238 632 1262 autem
654 1231 783 1261 Novum
803 1231 1073 1262 Testamentum?

95 1275 192 1306 Certe
225 1274 400 1314 promissio
430 1280 481 1303 est
503 1274 707 1304 remissionis
730 1280 943 1313 peccatorum
967 1280 999 1304 et
1024 1283 1073 1304 re-

95 1316 333 1349 conciliationis
357 1321 491 1356 propter
514 1315 691 1346 Christum.

179 1359 309 1390 Deinde
331 1359 380 1389 sie
402 1359 539 1398 prodest
557 1358 642 1389 haec
663 1359 860 1395 ceremonia,
881 1369 955 1390 cum
975 1357 1073 1388 fidem

94 1402 256 1438 addimus,
275 1399 412 1438 scilicet,
431 1411 496 1441 qua
514 1402 678 1432 credimus
697 1402 862 1440 promissa
884 1410 933 1434 ista
946 1402 974 1433 ⁴)
994 1410 1072 1430 con-

93 1446 240 1486 tingere,
267 1453 395 1484 nosque
429 1442 649 1474 consolamur.
695 1444 735 1474 Et
757 1443 822 1475 hoc
845 1442 1072 1483 spectaculum

94 1485 200 1517 oculis
224 1491 322 1526 atque
344 1486 452 1516 animo
477 1486 640 1523 obiicitur,
663 1492 697 1517 ut
720 1496 783 1516 nos
807 1487 849 1516 ad
872 1486 1071 1516 credendum

94 1529 269 1559 admoneat
300 1534 330 1558 et
366 1528 449 1558 fides
478 1529 509 1558 in
534 1529 632 1558 nobis
662 1529 872 1559 exuscitetur.
919 1527 1071 1559 Christus

94 1572 179 1601 enim
212 1576 351 1600 testatur
384 1571 426 1600 ad
459 1580 522 1600 nos
555 1572 720 1610 pertinere
748 1570 942 1601 beneficium
966 1580 1071 1606 suum,

95 1623 169 1643 cum
191 1612 288 1643 nobis
311 1612 452 1652 impertit
476 1622 570 1643 suum
594 1623 728 1652 corpus,
747 1619 778 1643 et
796 1623 858 1643 nos
878 1612 941 1642 sibi
959 1613 1072 1643 adiun-

93 1656 140 1696 git
163 1660 317 1695 tanquam
340 1655 503 1689 membra3
538 1665 602 1695 qua
624 1665 690 1685 non
713 1662 825 1695 potest
849 1654 914 1685 alia
937 1656 1072 1685 coniun-

95 1698 160 1727 ctio
190 1697 329 1738 cogitari
359 1697 502 1737 propior.
556 1697 710 1727 Testatur
737 1698 813 1728 item
840 1707 878 1727 se
910 1698 942 1727 in
973 1697 1070 1727 nobis

94 1738 264 1770 efficacem
285 1737 368 1776 sore,
392 1740 467 1779 quia
490 1740 563 1779 ipsa
587 1745 636 1769 est
661 1740 744 1774 vitaz
786 1741 841 1770 dat
865 1740 1070 1779 sanguinem,

93 1787 129 1813 ut
149 1787 290 1812 testetur
313 1791 351 1812 se
372 1791 434 1811 nos
457 1781 603 1812 abluere.
649 1781 741 1813 Haec
765 1792 838 1813 cum
861 1783 893 1812 in
916 1781 972 1812 illa
996 1792 1070 1812 san-

95 1825 242 1855 ctissima
261 1833 364 1853 coena
384 1824 454 1864 geri
477 1824 638 1861 videmus,
662 1824 745 1854 fides
770 1825 931 1855 accedere
955 1824 1070 1859 debet3

93 1867 138 1897 ita
155 1866 301 1907 proderit
324 1876 405 1896 usus
429 1867 645 1903 ceremoniae,
669 1872 699 1896 et
723 1865 948 1897 consolabitur
971 1873 1003 1896 et
1025 1866 1071 1896 vi-

93 1908 237 1939 vificabit
272 1909 517 1939 conscientiam.
581 1909 689 1949 Atque
723 1908 776 1939 hic
809 1919 888 1940 usus
922 1910 1070 1948 privatus

93 1956 158 1987 est3
181 1956 213 1981 et
235 1952 357 1990 pariter
379 1951 422 1981 ad
445 1952 639 1981 sacerdotes
664 1957 695 1982 et
719 1952 760 1982 ad
784 1950 889 1982 laicos
912 1951 1070 1992 pertinet;

95 1994 180 2023 sicut
212 1993 334 2033 pariter
362 1994 510 2034 utrisque
542 2003 626 2034 opus
656 2000 706 2024 est
737 1995 931 2024 remissione
954 2003 1071 2034 pecea-

93 2042 200 2066 torum
235 2042 266 2066 et
296 2034 532 2066 consolatione.
589 2036 791 2066 Sacerdotes
825 2037 962 2067 ministri
996 2042 1072 2066 sunt

93 2077 166 2108 aliis
211 2077 404 2108 exhibentes
449 2078 707 2109 Sacramentum.
753 2078 803 2109 Ex
847 2078 897 2109 his
936 2084 1072 2119 apparet

95 2129 231 2150 coenam
244 2120 375 2150 Domini
388 2120 636 2151 Sacramentum
660 2130 754 2153 esse:
778 2122 854 2162 quia
873 2128 924 2152 est
943 2122 1072 2162 signum

95 2163 240 2193 additum
262 2163 473 2201 promissioni
496 2162 679 2204 Evangelii.
714 2163 861 2204 Apparet
885 2165 973 2194 item.
998 2164 1071 2204 quis

95 2205 137 2236 sit
163 2203 353 2245 principalis
383 2204 477 2241 finis,
505 2211 537 2234 et
562 2206 649 2245 quod
680 2216 747 2236 non
774 2207 877 2246 prosit
908 2216 947 2236 ex
971 2216 1071 2245 opere

95 2253 242 2288 operato,
265 2248 324 2277 sed
348 2248 436 2288 quod
458 2247 491 2276 in
511 2257 572 2278 usu
596 2247 678 2278 fides
701 2250 863 2280 accedere
882 2250 1009 2279 debeat.

182 2299 350 2329 Addamus
371 2299 465 2328 etiam
485 2298 525 2328 de
547 2300 815 2339 praeparatione,
845 2306 876 2330 et
896 2300 950 2340 qui
975 2300 1072 2341 digne

97 2346 236 2372 sumant.
281 2339 433 2371 Ecclesia
458 2338 534 2370 olim
557 2342 691 2371 arcebat
714 2352 733 2371 a
757 2341 994 2372 Communione
1016 2343 1072 2372 ob-

98 2384 213 2414 noxios
237 2381 418 2414 manifestis
438 2383 644 2419 criminibus3
674 2384 748 2423 quia
771 2383 835 2414 hoc
860 2384 1072 2415 Sacramento

133 2544 162 2573 4)
181 2545 228 2569 ista
247 2543 360 2569 addant
378 2545 449 2570 Editt.
467 2546 488 2569 7,
507 2545 529 2569 8.
553 2546 658 2569 11—14.
677 2547 703 2569 et
721 2545 780 2573 opp.

541 127 562 156 1.
588 126 689 157 LOCI
711 123 992 157 THEOLOGICI:
1016 124 1054 155 C.
1079 123 1290 155 SECUNDA
1312 124 1468 155 EORUM
1492 125 1648 156 AETAS.

2038 127 2101 158 478

1124 219 1169 249 uti
1189 219 1320 255 debent,
1345 219 1400 259 qui
1418 224 1520 259 agunt
1542 220 1787 259 poenitentiam.
1833 220 1893 250 Hic
1918 222 2004 251 enim
2026 233 2101 262 pro-

1124 261 1256 300 ponitur
1290 262 1510 291 testimoniuin
1541 263 1745 292 remissionis
1778 270 2005 303 peccatorum,
2034 276 2098 306 quo

1123 303 1279 333 admoniti
1309 303 1404 333 tidem
1429 305 1556 343 erigere
1581 305 1698 335 debent
1721 303 1771 342 hi,
1801 306 1855 345 qui
1884 306 2005 337 habent
2027 318 2099 347 per-

1123 344 1317 375 terrefactas
1338 346 1571 376 conscientias.
1607 346 1642 376 Id
1666 353 1716 376 est
1740 348 1837 389 digne
1860 358 2001 386 sumere,
2025 360 2098 380 cum

1123 393 1258 417 utuntur
1280 386 1328 423 hi,
1352 388 1405 427 qui
1430 394 1531 428 agunt.
1553 389 1797 428 poenitentiam,
1821 396 1852 420 et
1874 396 1982 421 tamen
2005 398 2098 422 utun-

1123 434 1175 459 tur
1198 439 1263 459 non
1287 428 1358 459 freti
1385 431 1516 468 propria
1540 431 1706 470 dignitate,
1730 432 1790 461 sed
1819 433 1955 463 credunt
1982 435 2098 464 remitti

1100 488 1101 491 =
1122 478 1261 512 peccata
1289 471 1392 511 gratis
1421 478 1556 511 propter
1579 472 1761 510 Christum,
1788 484 1854 505 non
1877 481 2011 515 propter
2032 476 2096 507 hoc

1123 523 1206 554 opus
1231 514 1436 553 sumptionis.
1483 514 1550 544 Sed
1574 514 1657 544 haec
1680 517 1821 555 sumptio
1844 517 1974 558 signum
1997 519 2098 558 quod-

1123 557 1197 586 dam
1221 562 1270 586 est
1295 562 1325 585 et
1349 556 1469 596 pignus
1493 555 1580 586 illius
1603 557 1761 587 beneficii.
1808 558 1898 589 Haec
1922 560 1962 589 de
1980 561 2097 600 princi-

1121 597 1188 638 pali
1212 598 1275 628 fine
1300 607 1441 628 necesse
1471 604 1522 627 est
1550 608 1703 635 monere,
1734 601 1809 640 quia
1837 600 1890 630 alii
1914 601 2096 643 intelligunt

1121 640 1208 670 hanc
1239 640 1456 670 ceremoniam
1484 645 1607 670 tantum
1639 651 1721 680 opus
1749 643 1912 682 quoddam
1940 654 2034 681 esse,
2064 646 2097 675 in

1123 692 1188 723 quo
1212 692 1273 712 nos
1297 687 1502 721 praestamus
1525 681 1647 723 aliquid
1669 683 1761 720 Deo,
1797 694 1858 714 nec
1886 684 2033 716 referunt
2055 687 2098 717 ad

1122 726 1384 764 promissionem,
1408 734 1469 754 nec
1493 724 1622 762 docent,
1646 726 1810 766 quomodo
1833 727 1875 756 ad
1898 726 1995 758 fidem
2007 738 2097 758 exer-

1123 768 1259 798 cendam
1281 768 1398 807 prosit,
1417 767 1581 807 quomodo
1601 769 1705 806 prosit
1723 769 1764 799 ad
1786 768 2007 801 consolandas
2021 780 2096 801 con-

1122 810 1289 840 scientias.
1335 809 1394 839 Est
1418 809 1514 849 igitur
1537 808 1591 839 ille
1616 809 1804 850 principalis
1827 811 1902 841 finis
1926 813 2096 851 tenendus,

1122 853 1163 883 de
1187 851 1415 882 consolatione
1439 852 1725 883 conscientiarum.

1207 910 1330 941 Postea
1349 911 1469 941 debent
1487 911 1647 941 accedere
1666 912 1761 942 etiam
1773 912 1872 942 ceteri
1891 912 1991 943 fines:
2016 913 2096 945 Gra-

1120 954 1237 983 tiarum
1261 954 1364 990 actio,
1393 963 1456 993 qua
1488 954 1658 983 consecuti
1687 955 1913 986 remissionem
1941 963 2095 996 peecato-

1121 1006 1191 1025 rum
1214 1006 1274 1035 pro
1297 1001 1385 1025 tanta
1416 995 1642 1026 misericordia
1665 997 1768 1037 gratis
1797 1007 1898 1037 agere
1926 999 2095 1030 debemus.

1119 1037 1179 1068 Est
1202 1043 1233 1067 et
1256 1038 1331 1067 finis
1355 1037 1539 1067 adhortatio
1562 1038 1604 1068 ad
1628 1039 1712 1068 bene
1736 1040 1949 1079 operandum,
1971 1051 2013 1072 ne
2024 1041 2095 1081 pol-

1119 1079 1247 1110 luamus
1271 1090 1413 1119 corpora
1438 1081 1499 1109 iani
1521 1081 1695 1111 coniuncta
1715 1082 1845 1121 corpori
1858 1081 1988 1113 Christi.
2018 1083 2095 1114 Item

1119 1123 1203 1152 fines
1226 1123 1268 1152 ad
1292 1122 1461 1152 caritatem
1484 1123 1699 1161 pertinentes:
1731 1122 1812 1153 Cum
1836 1134 1951 1155 onmes
1975 1124 2095 1156 efficia-

1119 1175 1191 1195 mur
1214 1165 1360 1194 membra
1384 1164 1479 1194 unius
1503 1165 1653 1204 corporis
1673 1164 1806 1203 Christi,
1830 1166 1988 1198 debemus
2011 1168 2096 1198 inter

1118 1217 1182 1237 nos
1207 1206 1350 1237 devincti
1375 1216 1452 1236 esse
1476 1212 1587 1237 mutua
1612 1206 1798 1237 dilectione.

1205 1263 1364 1298 ⁵)Multae
1378 1271 1485 1295 autem
1498 1271 1529 1295 et
1542 1265 1717 1296 horribiles
1741 1267 1782 1297 de
1804 1266 1868 1297 hoc
1881 1268 2095 1299 Sacramento

1119 1308 1366 1338 controversiae
1389 1308 1574 1338 extiterunt.
1608 1308 1804 1349 Disputatur
1827 1311 1867 1340 de
1890 1311 2001 1340 verbis
2022 1321 2095 1341 coe-

1116 1360 1196 1388 nae,
1222 1360 1264 1379 an
1289 1351 1330 1380 sit
1352 1350 1385 1380 in
1403 1350 1456 1380 his
1480 1351 1589 1381 verbis
1613 1350 1823 1391 metaphora,
1846 1351 1918 1382 Hoc
1945 1358 1995 1382 est
2024 1363 2095 1383 cor-

1116 1403 1179 1432 pus
1202 1402 1319 1423 meum.
1366 1392 1541 1427 Quaeritur
1575 1393 1615 1423 de
1637 1392 1759 1431 Missa,
1794 1404 1836 1424 an
1866 1395 1907 1424 sit
1936 1395 2095 1436 quaedam

1118 1434 1240 1465 oblatio
1270 1433 1438 1472 facienda,
1474 1440 1506 1465 et
1539 1434 1735 1475 applicanda
1764 1447 1824 1476 pro
1854 1435 1927 1467 aliis
1958 1438 2041 1467 vivis
2065 1443 2097 1467 et

1117 1478 1274 1514 mortuis,
1296 1482 1331 1507 ut
1359 1483 1525 1507 mereatur
1559 1478 1606 1508 eis
1634 1479 1863 1509 remissionem
1887 1489 1945 1509 seu
1980 1478 2097 1519 culpae

1117 1530 1178 1551 seu
1195 1529 1335 1560 poenae,
1359 1520 1437 1560 quid
1456 1519 1604 1550 differant
1625 1531 1709 1561 opus
1730 1522 1926 1560 sacerdotis,
1950 1527 1981 1552 et
1993 1521 2096 1553 Laici.

1118 1562 1188 1593 Hae
1213 1562 1472 1599 controversiae,
1492 1568 1523 1592 et
1545 1562 1631 1593 aliae
1654 1563 1705 1593 his
1735 1564 1864 1594 vicinae
1891 1563 1988 1596 facile
2018 1567 2097 1598 diiu-

1118 1605 1219 1635 dicari
1242 1610 1393 1645 possent,
1416 1605 1443 1634 si
1467 1615 1532 1635 non
1558 1611 1647 1635 esset
1668 1611 1790 1636 mutata
1815 1613 1910 1637 vetus
1923 1607 2095 1640 Ecclesiae

1118 1647 1321 1677 consuetudo
1356 1647 1388 1677 in
1422 1646 1485 1677 hac
1521 1648 1709 1678 ceremonia
1748 1650 1929 1680 tractanda.
1986 1651 2095 1692 Atque

1116 1690 1239 1720 utinam
1258 1689 1406 1730 synodus
1430 1699 1487 1719 eas
1511 1690 1564 1728 pie
1587 1696 1617 1720 et
1640 1689 1802 1721 foeliciter
1823 1691 1976 1732 explicet.
2022 1694 2095 1736 Ego

1135 1826 1163 1854 5)
1183 1823 1246 1848 Pro
1266 1832 1342 1856 seqq.
1381 1825 1472 1849 Multae
1498 1828 1582 1849 autem
1604 1840 1635 1842 —
1655 1839 1686 1842 —
1706 1840 1738 1843 —
1757 1828 1862 1857 respici.
1889 1830 1992 1854 servari.
2020 1838 2095 1862 quae

1186 1859 1216 1881 in
1237 1859 1307 1883 Editt,
1330 1859 1417 1883 1,4,5.
1431 1859 1454 1883 9,
1475 1857 1621 1892 loquutur,
1641 1859 1712 1885 Editt.
1732 1862 1754 1885 2.
1773 1862 1846 1886 6—8.
1869 1863 1974 1887 11—14.
1994 1866 2019 1889 et
2036 1866 2094 1895 Opp.

1187 1890 1324 1916 exhibent
1344 1890 1473 1916 haecce.-

1256 1936 1289 1959 De
1310 1941 1356 1959 usu
1376 1935 1450 1960 huius
1469 1936 1637 1960 sacramenti.
1656 1936 1678 1961 si
1695 1938 1768 1961 vetus
1787 1937 1913 1962 Ecclesiae
1938 1941 2095 1966 consuetudo

1187 1975 1236 1993 non
1255 1972 1325 1993 esset
1349 1969 1456 1995 abolita,
1481 1969 1554 1994 facile
1575 1972 1643 1994 esset
1663 1970 1787 1995 iudicium.
1815 1972 1876 1996 Olim
1895 1973 1963 1997 enim
1984 1974 2031 1998 suit
2043 1981 2093 1999 1103

1187 2004 1326 2027 communis
1345 2003 1434 2027 Missa.
1455 2003 1530 2027 certis
1550 2003 1639 2028 diebus
1659 2004 1683 2028 iu
1702 2005 1809 2033 singulis
1830 2006 1962 2033 Ecclesiis,
1981 2008 2028 2031 hoc
2046 2010 2094 2035 est,

1186 2038 1211 2061 in
1230 2044 1277 2066 qua
1297 2037 1432 2065 Presbyter
1449 2037 1490 2065 iis,
1511 2037 1551 2067 qui
1570 2038 1699 2067 petebant.
1718 2039 1861 2067 porrigebat
1881 2046 1970 2069 corpus
1992 2043 2017 2065 et
2035 2048 2094 2066 san-

1186 2071 1289 2100 guinem
1309 2071 1412 2096 Domini.
1449 2071 1476 2095 Et
1500 2071 1594 2100 accipio
1623 2072 1647 2095 in
1672 2073 1772 2100 graecis
1792 2073 1931 2102 Paroeciis,
1958 2080 1990 2098 ne
2018 2075 2092 2099 hodie

1187 2105 1288 2132 quidem
1315 2106 1403 2134 plures
1429 2105 1518 2129 Missas
1537 2104 1605 2130 fieri.
1633 2112 1708 2135 quam
1736 2106 1804 2130 illam
1825 2113 1916 2135 unam,
1943 2114 2008 2138 quae
2033 2109 2060 2133 fit
2077 2115 2092 2133 a

1187 2138 1298 2163 Pastore.
1334 2139 1466 2168 Disputant
1489 2139 1566 2163 etiam
1593 2139 1624 2162 de
1652 2140 1808 2169 metaphora.
1844 2141 1893 2164 Sed
1917 2142 2000 2166 sentio
2026 2143 2094 2167 Chri-

1186 2174 1253 2197 stum
1273 2178 1332 2196 1611ἱ
1352 2173 1445 2197 adesse
1457 2174 1620 2197 sacramento
1640 2180 1695 2201 suo,
1715 2176 1740 2197 et
1752 2174 1784 2197 ibi
1798 2174 1929 2199 efficacem
1949 2181 2014 2200 esse.
2042 2177 2092 2200 Sic-

1187 2209 1212 2230 ut
1232 2207 1265 2231 ait
1284 2207 1407 2231 Hilarius:
1435 2207 1503 2235 Quae
1532 2209 1633 2236 sumpta
1652 2210 1678 2231 et
1696 2208 1786 2231 hausta
1806 2208 1913 2235 faciunt„
1933 2211 1960 2233 ut
1978 2210 2092 2234 Christus

1186 2241 1218 2264 sit
1236 2241 1260 2264 iu
1279 2240 1359 2267 nobis,
1378 2243 1401 2264 et
1422 2246 1467 2265 005
1486 2240 1624 2265 inchristo.
1654 2241 1794 2270 EtCyrillus
1813 2242 1925 2271 inquitin
1936 2243 2020 2267 101130.
2039 2249 2092 2273 cap.

1189 2276 1226 2299 15.
1263 2274 1332 2299 Unde
1351 2274 1564 2299 considerandum
1584 2277 1636 2300 est.
1660 2281 1710 2299 non
1735 2275 1882 2300 habitudine
1901 2277 2002 2303 solum,
2027 2283 2092 2306 quae

1186 2314 1231 2337 pei·
1245 2309 1375 2332 caritatem
1390 2309 1547 2337 intelligitur,
1567 2308 1692 2333 Christum
1706 2309 1729 2333 in
1746 2309 1817 2334 uobis
1830 2316 1897 2339 esse,
1916 2311 2091 2334 verumetiam

1187 2343 1375 2372 participatione
1387 2342 1503 2366 naturali.
1527 2343 1614 2366 Mirum
1633 2343 1746 2372 profecto
1757 2344 1781 2366 et
1792 2343 1882 2372 ingens
1898 2344 1989 2373 pignus
1999 2345 2092 2368 summi

1187 2377 1279 2400 amoris
1299 2382 1360 2405 erga
1378 2382 1425 2400 005
1444 2382 1560 2400 summae
1580 2376 1778 2402 misericordiae.
1797 2377 1863 2406 quod
1881 2378 1928 2401 hac
1947 2378 2000 2407 ipsa
2013 2384 2091 2402 coena

1187 2412 1307 2434 testatum
1326 2410 1388 2437 vult,
1407 2409 1473 2439 quod
1486 2416 1513 2433 se
1533 2410 1615 2438 ipsum
1635 2411 1707 2434 nobis
1726 2411 1865 2439 impertiat,
1893 2411 1960 2440 quod
1980 2418 2025 2435 005
2044 2411 2091 2436 sibi

1187 2444 1306 2467 3111110631
1327 2446 1446 2471 tanquam
1467 2443 1597 2469 membra,
1618 2446 1644 2466 ut
1660 2444 1771 2468 sciamus
1790 2450 1835 2468 005
1855 2445 1886 2468 ab
1906 2450 1936 2468 60
1956 2445 2033 2473 diligi.
2052 2451 2091 2469 1-6-

1187 2476 1257 2505 spici.
1276 2477 1380 2500 servari.
1418 2476 1452 2499 lta
1472 2478 1570 2500 01611165
1589 2478 1702 2501 statuant
1713 2477 1837 2501 Christum
1859 2478 1990 2502 efficat-em
2008 2479 2032 2502 in
2048 2484 2091 2502 no-

1187 2510 1224 2533 bis
1245 2515 1310 2533 esse.
1346 2510 1413 2533 Haec
1430 2509 1566 2537 diligenter
1584 2512 1687 2534 monent
1706 2513 1806 2535 veteres
1825 2512 1974 2541 scriptores,
1993 2512 2090 2542 quoties

1187 2543 1366 2567 concionantur
1384 2543 1415 2566 116
1436 2544 1605 2567 sacramento.
