2358 2933
227 1340 311 1363 ιιυ-ηιῗ)
329 1348 352 1364 pr
362 1350 374 1356 ι-

226 1393 373 1411 initruinfidei.

226 1459 326 1477 Ὀνῇιιιῐιῃ

224 1485 280 1503 fidei.

221 2350 2206 2365 -p———m——ffi

859 124 965 156 Puni.
991 124 1091 155 MEL.
1116 123 1300 156 SCRIPTA
1324 123 1594 156 DOGMATICA.

1117 216 1170 245 De.
1199 218 1334 254 gratia.

470 278 494 304 (i
507 283 555 304 rat
568 278 595 303 ia
608 286 623 303 e
644 274 869 302 vocabulum
889 276 1004 312 proprie
1024 274 1154 303 fauorem
1175 276 1320 312 significat
1342 280 1371 304 ut
1391 285 1456 304 cum
1477 275 1556 304 sanet
1573 274 1694 304 Curioni
1714 274 1818 305 lulius.
1839 276 1890 305 Sic
1909 287 1974 307 cum
1990 279 2069 308 fauet

383 328 409 347 ei
431 320 507 347 bene
527 318 586 346 volt
610 317 747 345 Abrahae
767 317 843 344 deus
865 316 919 344 llic
939 317 1035 344 fauor:
1057 316 1130 345 haec
1150 317 1377 347 beneuolentia:
1398 318 1499 346 Gratia
1517 318 1624 346 dicitur
1642 318 1680 346 Et
1699 318 1838 347 hebraico
1858 321 1954 357 magis
1981 330 2069 358 quam

385 372 490 397 graeco
511 360 619 397 'Fi-opo.
667 358 750 386 Cane
771 368 806 386 ne
827 359 997 393 imagineris
1017 358 1204 388 Thomistice
1221 362 1244 392 ¹)
1263 360 1425 397 significari
1445 360 1592 397 quandam
1612 361 1638 388 in
1663 361 1761 388 anima
1785 360 1958 397 qualitatem
1983 362 2069 392 Sicut

383 410 429 431 est
450 405 476 430 in
496 412 571 439 :iqua
593 400 734 428 calefacta
756 399 845 428 calor.
892 401 940 428 Ad
960 400 1018 428 Ro.
1041 403 1081 429 5¹¹·
1100 400 1214 430 Paulus
1234 403 1311 430 satis
1331 402 1441 430 indicat
1460 403 1581 439 gratiam
1601 401 1732 430 sanorem
1751 402 1919 440 significare
1933 402 2009 432 Cum
2029 406 2069 433 ait

384 448 441 480 iis.
468 447 512 472 15.
525 446 547 480 z]
569 443 684 471 Domum
706 443 732 470 in
754 443 844 479 gratia
865 443 883 470 i.
905 453 931 470 e.
953 443 1061 471 donum
1075 453 1127 481 per
1140 445 1260 480 gratiam
1277 444 1304 472 id
1318 447 1366 472 est
1380 443 1499 472 Donum
1520 444 1601 482 quod
1614 444 1719 472 fauens
1735 444 1811 473 deus
1830 442 1968 482 impertit.
1988 445 2068 484 Ergo

383 486 558 514 vocabulum
579 485 688 521 gratiae
709 484 855 521 significat
883 485 1058 522 quiddam&
1076 487 1079 505 ¹
1094 486 1120 513 in
1149 486 1205 514 deo
1232 496 1288 514 non
1315 486 1343 513 in
1369 485 1488 514 hoinine
1515 490 1543 514 vi
1570 486 1653 514 fauor
1671 486 1723 515 ille
1747 496 1806 524 quo
1827 484 1985 515 Curionem
2005 498 2063 516 am-

383 528 556 566 plectitur-'ii
578 528 604 554 in
625 525 699 554 lulio
720 531 767 554 est
787 537 843 554 non
863 527 890 554 in
911 526 1050 555 Curione.
1097 525 1155 555 Iam
1175 537 1245 555 vero
1265 528 1342 556 (lens
1362 527 1468 556 fauens
1489 528 1598 556 homini
1618 528 1706 556 adest
1725 529 1751 556 ei
1772 533 1801 557 et
1815 533 1952 567 operatur
1971 531 1998 557 in
2021 539 2067 559 eo.

382 570 480 608 Opera
501 579 571 607 ergo
591 579 647 597 seu
668 569 797 597 dessuuia
816 570 928 606 gratiae
947 570 974 597 in
995 569 1145 598 hominem
1165 573 1235 598 sunt
1256 570 1331 598 fides
1351 580 1425 608 spes
1446 568 1596 599 Charitas.

551 628 562 638 ⁸
583 630 685 653 Summa
705 629 837 658 ewangelij
857 631 894 654 est
922 631 948 653 ut
966 629 1074 658 gratiam
1094 629 1183 653 doceat
1201 629 1229 653 Et
1252 629 1322 654 nulia
1348 632 1387 654 est
1405 630 1535 655 bominum
1554 629 1666 654 doctrina
1694 636 1743 660 qua
1769 631 1901 655 vincuntur
1918 631 2026 657 affectus
2045 634 2069 656 et

587 663 704 687 metimur
729 663 880 687 couscientia
900 663 947 687 nisi
968 663 1045 687 verbo
1058 664 1124 687 ritae
1151 664 1244 687 onmes
1269 664 1334 687 enim
1360 663 1425 687 aliae
1453 664 1524 694 scrip.
1543 664 1591 689 sint
1619 669 1784 694 quaecunque
1811 664 1956 695 sauciaut⁴)
1987 665 2069 690 Eeiam

585 697 696 721 onmium
715 697 788 721 Tlieo.
801 698 823 720 S.
841 700 948 726 patrum.

585 730 677 755 Paulus
695 730 729 760 [1.
748 731 801 755 sor.
824 731 866 757 13,
893 731 941 760 2.:]
960 730 1064 755 Eciamsi
1091 733 1190 755 montes
1216 730 1266 755 tide
1297 730 1484 756 transferentur
1508 733 1554 756 etc.
1575 731 1608 755 ibi
1634 731 1745 762 loquitur
1769 731 1799 756 de
1824 732 1945 757 charitate
1964 733 2069 763 proximi

584 769 610 788 et
627 771 676 788 non
696 764 743 788 dei.

551 814 562 824 ⁸
588 815 735 844 l’rinripium
761 815 888 839 humanae
916 814 1100 839 iustificationis
1125 817 1163 839 est
1188 815 1322 844 promissio
1346 815 1373 839 Et
1401 815 1494 840 iustitia
1520 818 1606 840 nostra
1631 818 1669 840 est
1689 815 1813 846 quaedam
1839 818 1965 847 reputatio
1984 817 2068 842 diuina

585 849 645 873 Cum
665 848 749 872 credat
768 849 843 873 homo
861 852 991 878 peccatum
1017 854 1091 873 suum
1116 849 1235 873 abolitum
1264 854 1322 872 esse
1348 854 1393 878 per
1404 849 1529 873 Christum
1548 849 1575 873 Et
1593 849 1680 873 credat
1704 849 1779 874 deum
1804 851 1995 875 satisfacturum
2015 852 2067 876 suis

583 882 793 912 promissionibus
813 882 844 906 de
859 882 956 906 Christo
970 882 996 906 Et
1014 882 1063 906 iam
1083 882 1158 906 homo
1176 883 1246 911 (cum
1264 882 1328 906 haec
1346 882 1446 911 credit.)
1464 883 1545 907 iustus
1565 885 1603 907 est
1622 884 1646 907 et
1659 883 1736 907 babet
1747 883 1861 913 spiritum
1876 885 2068 910 instaurantem.

551 933 563 945 ⁶
589 932 638 957 Sed
658 933 720 957 baec
739 933 822 957 omnia
841 934 898 956 sunt
918 932 1030 957 alieniss.
1050 939 1063 956 a
1077 932 1160 957 studio
1179 932 1350 962 philosophico
1370 935 1394 957 et
1407 933 1489 963 magis
1507 939 1554 957 vsu
1574 934 1598 957 et
1616 933 1667 957 vita
1681 934 1730 958 imo
1741 932 1765 962 5)
1783 935 1991 960 tribulacionibus
2009 941 2069 966 pes-

587 967 656 991 simis
676 970 699 990 et
719 966 843 996 augustiis
863 966 964 996 spiritus
982 966 1046 990 haec
1065 966 1196 991 discuntur
1214 970 1239 990 et
1258 966 1334 991 nullis
1353 967 1445 992 verbis.

550 1016 562 1029 ⁸
588 1018 671 1042 Gratia
697 1020 735 1041 est
760 1017 910 1042 vocabulum
933 1016 1078 1046 significans
1106 1016 1221 1041 fauorem
1249 1016 1289 1041 dei
1314 1022 1362 1047 quo
1380 1016 1573 1047 ainpleciiiurff)
1597 1017 1661 1042 deus
1680 1018 1807 1042 hominem
1833 1019 1874 1049 qui
1893 1019 1967 1045 fauor
1985 1022 2025 1045 est
2044 1021 2068 1045 in

584 1051 632 1075 deo
658 1053 681 1074 et
709 1057 758 1075 non
784 1051 808 1075 in
835 1051 936 1075 homine
955 1055 980 1075 et
1000 1052 1120 1081 quantum
1141 1050 1203 1075 deus
1228 1050 1300 1075 fauet
1317 1051 1411 1076 bomini
1429 1054 1527 1076 tantum
1546 1051 1623 1076 inst-at
1642 1051 1664 1075 ei
1689 1055 1711 1075 et
1731 1052 1806 1076 habet
1826 1058 1884 1077 eum
1904 1053 1928 1077 in
1948 1054 2065 1079 manibus

584 1085 637 1109 suis
657 1085 683 1109 Et
703 1091 779 1115 opera
798 1085 865 1109 illius
885 1086 942 1109 sunt
962 1084 1025 1109 fides
1045 1086 1108 1114 Spes
1128 1084 1188 1109 Cha.
1209 1084 1306 1114 Reliqui
1324 1083 1401 1109 affec:
1421 1085 1480 1109 boni
1499 1085 1649 1115 quicunque.

1121 1143 1194 1171 'De
1224 1143 1315 1172 side.

466 1201 500 1230 ln
522 1202 616 1230 fidei
636 1201 822 1230 vocabulo
843 1203 953 1230 variant
973 1203 1146 1240 scriptores.
1177 1202 1234 1231 Est
1254 1202 1331 1230 enim
1351 1202 1428 1231 fides
1447 1201 1656 1231 Miraculorum
1677 1212 1753 1240 quae
1774 1213 1830 1231 non
1850 1203 1991 1232 iustificat
2008 1203 2068 1233 Est

377 1249 406 1272 et
428 1245 502 1273 lides
524 1244 672 1273 Historica
692 1243 749 1272 hoc
768 1248 817 1273 est
836 1244 986 1272 eiusmodi
1012 1245 1111 1282 opinio
1138 1254 1196 1282 qua
1215 1244 1304 1273 Liuio
1330 1254 1389 1282 qua
1407 1243 1544 1273 salustio
1570 1249 1599 1273 et
1618 1245 1689 1283 alijs
1709 1246 1806 1273 bonae
1825 1245 1893 1273 fidei
1914 1245 2066 1275 historicis

378 1287 478 1316 credo.
526 1288 577 1315 Sic
598 1287 692 1314 eciam
713 1287 795 1325 impij
816 1286 938 1315 credunt
959 1287 1099 1315 mundum
1119 1297 1193 1315 esse
1213 1290 1342 1315 creatum
1363 1286 1517 1315 Christum
1538 1297 1611 1315 esse
1631 1287 1800 1315 crucifixum
1813 1288 2019 1316 resurrexisse
2037 1293 2067 1317 et

378 1328 522 1367 pleraque
541 1329 600 1358 alia
620 1338 696 1366 quae
711 1328 787 1357 fides
800 1330 894 1357 eciam
914 1339 970 1357 non
984 1329 1126 1358 iustificat
1155 1329 1228 1357 sed
1248 1328 1365 1357 Fides
1385 1329 1544 1367 proprie
1562 1328 1684 1358 relata
1704 1329 1746 1358 ad
1765 1330 2066 1367 promissionem

331 1375 352 1385 ‘³
376 1372 433 1401 Est
454 1372 530 1400 fides
551 1371 717 1399 iustificans
737 1370 822 1400 Sicut
840 1375 922 1409 patet
940 1371 966 1400 E
987 1372 1084 1409 capite
1104 1374 1146 1399 4¹⁰
1169 1371 1206 1399 ad
1224 1370 1283 1400 Ro.
1302 1372 1352 1399 vbi
1373 1371 1459 1399 fidem
1480 1370 1594 1400 Paulus
1613 1371 1702 1400 refert
1719 1371 1758 1400 ad
1773 1372 2017 1409 promissionem.
2037 1377 2066 1402 et

376 1414 412 1442 ad
434 1413 570 1446 Galam)
592 1416 633 1442 ὁω
656 1416 716 1451 [vs.
739 1416 766 1442 5.
779 1417 800 1450 :l
819 1413 887 1442 Nos
907 1414 984 1442 enim
1005 1415 1112 1452 spiritu
1131 1423 1167 1442 ex
1187 1413 1245 1442 fide
1264 1423 1350 1451 spem
1371 1414 1503 1442 iustitiae
1523 1418 1746 1452 exspectamus.

464 1455 485 1484 l.
506 1455 623 1484 Fides
642 1456 700 1484 Est
719 1466 869 1484 assensus
897 1466 985 1493 quern
1005 1456 1082 1485 deus
1108 1456 1231 1494 inspirat
1256 1456 1353 1484 animo
1378 1459 1410 1484 ut
1428 1459 1598 1485 constanter
1617 1455 1738 1485 haereat
1758 1457 1785 1484 in
1804 1457 2007 1494 promissione
2025 1457 2066 1485 di-

378 1500 463 1528 uina:
485 1503 515 1527 vt
534 1498 654 1536 qu0d9)
675 1498 752 1526 deus
771 1499 909 1536 promisit
927 1498 1056 1527 salutem
1077 1508 1129 1536 per
1148 1497 1302 1527 Christum
1321 1498 1356 1527 Si
1376 1498 1481 1527 credas
1500 1508 1553 1536 per
1572 1498 1656 1527 illum
1675 1498 1835 1527 condonari
1854 1502 2010 1537 peccatum
2029 1509 2066 1528 ea

377 1542 434 1570 fide
454 1540 561 1570 saluus
581 1541 641 1569 eris
661 1541 695 1569 Si
715 1541 821 1569 credas
841 1551 893 1579 per
912 1540 1066 1569 Christum
1084 1540 1149 1569 tolli
1169 1545 1325 1579 peccatum
1344 1540 1445 1569 donari
1466 1541 1603 1578 spiritum
1622 1541 1821 1569 viuificantem
1841 1540 1968 1569 Mortem
1988 1541 2065 1570 vinci

375 1594 411 1612 ea
436 1584 493 1612 fide
518 1583 682 1611 remittetur
700 1587 866 1620 peccatum,
888 1583 1087 1611 viuificaberis
1114 1584 1236 1621 spiritu:
1263 1584 1367 1611 vinces
1393 1586 1516 1611 mortem
1534 1582 1612 1611 Nam
1638 1582 1712 1611 haec
1738 1592 1791 1620 per
1809 1581 1964 1611 Christum
1987 1583 2065 1612 deus

375 1636 411 1655 se
429 1627 564 1655 daturum
585 1626 684 1663 generi
706 1624 834 1653 humano
855 1626 991 1663 promisit
1008 1629 1041 1653 ut
1060 1626 1086 1654 in
1108 1625 1184 1654 Gen.
1205 1625 1241 1654 ad
1261 1625 1411 1654 Abraham
1432 1623 1550 1660 ῙΧΧΠ,
1578 1627 1657 1661 18.;]
1682 1622 1714 1652 Ιιι
1733 1625 1850 1652 semine
1873 1628 1924 1654 tuo
1944 1625 2065 1654 benedi-

375 1673 477 1697 centur
496 1677 601 1695 omnes
621 1671 738 1704 gentes.
766 1668 818 1695 Sic
838 1668 954 1705 passim
973 1667 1146 1705 prophetae.
1168 1666 1238 1696 lsai.
1259 1670 1308 1697 49.
1329 1669 1390 1704 [vs.
1413 1673 1440 1694 δ’.
1453 1669 1475 1703 ι]
1497 1666 1577 1695 Dedi
1597 1670 1626 1695 te
1646 1667 1673 1695 in
1693 1666 1802 1695 foedus
1821 1666 1925 1704 populi
1944 1670 1977 1696 ut
1994 1677 2062 1696 sus·

374 1712 483 1740 citares
515 1714 619 1739 terram
650 1714 676 1737 ei
716 1710 893 1748 possideres
924 1709 1126 1738 haereditates
1158 1710 1370 1748 dissipatas(t
1395 1718 1408 1742 ῑ,
1427 1724 1448 1742 ρ,
1469 1724 1557 1742 onmes
1576 1717 1727 1748 gentes)¹0)
1753 1713 1785 1737 ut
1803 1709 1920 1737 diceres
1947 1709 1986 1748 ijs
2012 1711 2062 1748 qui

373 1754 462 1782 vincti
482 1756 551 1781 sunt
571 1753 649 1780 exite
663 1762 666 1771 ¹
679 1751 719 1781 Et
738 1751 787 1780 his
807 1753 857 1790 qui
877 1753 904 1780 in
924 1752 1056 1780 tenebris
1075 1756 1145 1780 sunt
1164 1751 1348 1780 reuelamini.
1368 1749 1442 1780 lere.
1463 1752 1512 1780 31.
1526 1752 1566 1784 11)
1586 1752 1646 1788 [vs.
1664 1752 1745 1789 31.:]
1763 1750 1844 1780 Ecce
1862 1751 1928 1780 dies
1944 1753 2063 1781 venient

374 1796 444 1824 dicit
464 1795 603 1823 dominus
624 1798 653 1822 et
672 1793 772 1822 seriam
793 1794 893 1822 domui
914 1793 1003 1822 israel
1023 1797 1052 1822 et
1071 1794 1172 1822 domui
1192 1793 1263 1822 Iuda
1283 1793 1391 1822 foedus
1411 1803 1521 1822 nouum
1541 1797 1597 1822 etc.
1619 1794 1656 1826 (⁹⁵
1669 1791 1838 1831 Prophetae
1857 1797 1987 1832 possunt
2001 1793 2061 1832 legi

375 1837 524 1876 eunngelij
545 1837 609 1864 vice
629 1840 657 1864 et
677 1841 745 1865 sunt
767 1846 834 1864 vere
857 1836 998 1873 Euange:
1014 1838 1069 1873 ἦρ)
1084 1837 1123 1873 ¹⁴2)
1142 1835 1342 1874 Euangelium
1369 1840 1417 1864 est
1435 1836 1596 1874 promissio
1616 1836 1806 1864 remissionis
1826 1846 1878 1874 per
1897 1834 2060 1865 Christum.

374 1880 486 1909 Ezech.
511 1882 558 1907 11.
583 1881 644 1915 [vs.
669 1881 703 1907 19
725 1881 806 1916 sq.:]
830 1878 972 1907 Auferam
999 1888 1049 1907 cor
1073 1878 1224 1916 lapideum
1251 1878 1288 1906 de
1315 1888 1401 1907 carne
1421 1888 1521 1906 eorum
1547 1881 1576 1906 et
1595 1877 1672 1906 dabo
1691 1878 1737 1906 eis
1757 1888 1807 1906 cor
1825 1888 1964 1907 carneum
1983 1879 2061 1908 utin

375 1923 543 1961 praeceptis
564 1921 640 1949 meis
659 1920 821 1949 ambulent.
842 1919 920 1949 loan.
946 1923 972 1948 1.
993 1923 1051 1957 [vs.
1076 1922 1156 1959 12.:]
1178 1920 1333 1958 Quotquot
1352 1924 1526 1958 receperunt
1545 1930 1612 1948 eum
1626 1919 1709 1949 dedit
1721 1921 1767 1948 eis
1781 1924 1961 1958 potestatem
1982 1920 2061 1949 filios

375 1965 424 1993 dei
445 1965 515 1992 fieri.
537 1967 565 1991 et
586 1965 681 2001 [cap]
703 1965 731 1991 3.
753 1965 814 2000 [vs.
835 1965 918 1999 30st]
939 1961 999 1997 Qui
1030 1963 1122 1992 credit
1148 1964 1176 1992 in
1201 1963 1293 1992 filium
1319 1962 1411 1992 habet
1434 1963 1523 1991 vitam
1543 1966 1701 1991 aeternam.
1747 1962 1786 1991 Et
1805 1962 1978 1991 huiusmodi
1997 1973 2061 2001 pro-

375 2007 573 2036 missionibus
593 2006 710 2033 animus
729 2005 907 2033 muniendus
927 2008 957 2033 et
977 2006 1194 2034 confirmandus
1218 2009 1250 2034 ut
1269 2015 1389 2044 semper
1407 2005 1535 2033 confidat
1560 2005 1647 2033 deum
1673 2004 1772 2032 fauere
1793 2005 1880 2033 nobis
1906 2015 1959 2044 per
1978 2003 2060 2034 Chri-

375 2054 452 2078 stum
474 2048 534 2083 Qui
554 2051 583 2076 et
601 2048 711 2085 pignus
731 2051 760 2075 et
782 2050 866 2075 autor
885 2047 1004 2076 salutis.

551 2107 562 2117 ’
582 2108 655 2131 Certe
673 2109 741 2131 certe
761 2113 810 2132 non
829 2110 888 2132 sunt
904 2107 1001 2132 frustra
1019 2107 1133 2137 proditae
1158 2107 1204 2132 sed
1229 2108 1299 2137 ipsae
1319 2108 1390 2132 solae
1402 2106 1435 2135 ¹⁵¹)
1458 2109 1564 2136 pascunt
1583 2112 1639 2131 nos.
1677 2106 1781 2131 Tantum
1801 2107 2059 2135 agnosce‘cmistum

579 2144 603 2165 et
617 2141 696 2165 babes
715 2140 790 2165 deum
810 2141 947 2166 fauentem.

460 2192 517 2221 Est
543 2192 620 2220 enim
647 2191 765 2228 signum
785 2190 922 2220 saluandi
949 2192 1068 2229 generis
1089 2191 1208 2220 humani
1227 2192 1305 2219 sicut
1332 2191 1403 2219 dicit
1422 2191 1560 2219 dominus
1586 2200 1638 2228 per
1655 2189 1730 2218 Esa.
1751 2188 1878 2227 [ΙΛΧῩΙ3
1902 2193 1983 2228 19.:]
2002 2190 2058 2219 Le-

376 2237 452 2264 uaho
472 2236 589 2272 signum
609 2234 646 2262 ad
665 2237 772 2271 gentes
791 2237 821 2262 et
840 2233 930 2262 huius
949 2234 1028 2271 signi
1049 2234 1159 2271 figurae
1177 2233 1294 2262 suerunt
1318 2233 1403 2270 signa
1430 2243 1476 2260 ve.
1496 2236 1555 2261 tes.
1583 2232 1697 2270 prodita
1721 2232 1806 2260 Sicut
1831 2242 1918 2260 arcus
1938 2233 2058 2261 nubium

377 2277 448 2307 ltem
468 2276 556 2305 archa
575 2275 759 2305 Testamenti
779 2274 851 2304 Item
871 2274 1017 2304 Columna
1037 2276 1116 2314 ignis
1139 2275 1179 2305 Et
1198 2276 1295 2304 nubes
1314 2276 1452 2313 operiens
1471 2274 1598 2303 archam.
1624 2274 1763 2303 Ceterum
1784 2274 1842 2302 fide
1857 2273 1970 2304 Christi
1990 2285 2058 2303 ven-

1063 2386 1178 2411 CODICIS
1195 2386 1375 2411 DIVERSITAS.

446 2440 472 2465 1)
491 2437 644 2467 ymagineris
668 2436 799 2461 Tomistice
870 2437 899 2465 2)
923 2436 999 2466 qdam
1069 2437 1098 2467 3)
1124 2437 1251 2466 amplectit
1320 2436 1350 2466 4)
1375 2435 1485 2461 santium
1555 2436 1584 2465 5)
1607 2441 1665 2465 ymo
1735 2436 1763 2463 6)
1783 2434 1911 2464 amplectit
1982 2434 2010 2463 7)
2029 2440 2056 2464 (1...

375 2470 463 2503 (alibi
482 2472 502 2495 i.
523 2478 550 2502 q.
570 2471 640 2501 quia)
711 2470 740 2501 8)
759 2469 828 2499 gall'.
896 2470 924 2500 9)
945 2475 971 2500 q2
1044 2471 1087 2498 10)
1107 2467 1190 2499 Quae,
1204 2467 1378 2502 parenthesi
1396 2468 1513 2497 inclusi,
1539 2469 1570 2492 in
1596 2475 1693 2502 marq.
1717 2468 1860 2492 interiore
1879 2465 1965 2492 verbo
1984 2467 2057 2493 dissi-

375 2511 448 2536 patas
467 2503 637 2536 subscripta
659 2509 725 2528 cum
748 2509 838 2528 cruce
853 2509 910 2535 pro
929 2501 1046 2527 stellula
1066 2505 1191 2528 easstant.
1249 2504 1291 2531 11)
1310 2504 1373 2528 lere.
1393 2504 1432 2528 21.
1489 2504 1530 2533 12)
1553 2500 1636 2532 Quae
1655 2500 1829 2534 parenthesi
1851 2499 2054 2526 intercludim-

376 2542 432 2564 νην.
452 2539 497 2563 m‘c
516 2539 545 2562 in
568 2536 632 2562 cod.
653 2539 810 2570 apparent.
829 2535 880 2561 ses!
899 2535 1038 2561 crucibus
1052 2538 1162 2570 positis
1175 2544 1233 2570 pro
1253 2535 1383 2561 stellulis.
1459 2537 1500 2565 13)
1521 2537 1567 2567 ipsi
1585 2537 1632 2561 soli

2109 490 2146 517 18.
2160 496 2181 514 a.

2107 1152 2145 1180 18,
2159 1152 2181 1176 b.

2104 1756 2140 1784 19.
2155 1762 2176 1780 a.

2349 805 2358 854 *Q
2349 748 2358 788 ι-
2345 699 2358 726 A»
2356 670 2358 676 .

2338 1071 2355 1210 -'03-!<.2;..„
2349 1047 2353 1051 .
2343 1011 2358 1022 ¹-

2338 1444 2350 1587 σᾼ-Διᾶι
2335 1407 2346 1424 ‘⁶
2349 1356 2351 1365 ⁴
