2358 2933
125 131 187 165 '725

125 230 217 260 bona
241 224 452 264 conscientia,
475 235 561 266 quae
579 226 663 257 sciat
674 224 760 257 hanc
772 225 1006 256 ordinationem
1020 234 1103 265 opus

130 269 194 303 Dei
216 279 306 306 esse,
328 275 364 300 ut
386 269 429 299 sit
450 278 560 299 rerum
589 268 765 299 distinctio.
810 267 852 297 Et
880 276 946 297 non
974 273 1104 298 contur-

132 315 190 345 bes
213 322 286 344 eam
299 309 370 342 aliis
390 308 636 348 defraudandis,
658 316 694 341 ut
706 319 806 350 saepe
819 309 935 340 diw‘tes
950 315 1105 340 crescunt

131 355 249 396 iniquis
269 353 490 384 contractibus
501 364 510 390 ς
523 353 590 384 Sed
602 362 718 383 serves
730 350 959 392 aequalitatem
971 357 1105 392 propter

131 398 251 434 Deum,
274 395 328 436 qui
350 396 445 427 iussit
466 401 498 427 te
520 396 561 426 ab
584 394 692 426 alieno
713 395 894 430 abstinere3
918 403 1018 434 quare
1031 403 1104 434 gra-

130 439 300 470 titudinem
328 444 416 469 tuam
444 438 476 468 in
506 438 624 468 tuenda
654 435 850 478 aequalitate
874 434 1041 474 declares,
1075 441 1106 466 et

130 491 212 523 agas
235 479 310 511 Deo
331 480 464 518 ⁰·ratias,
488 480 542 520 qui
564 480 708 510 attribuit
724 479 780 510 tibi
803 484 835 509 et
859 485 1033 509 conservat
1058 476 1105 508 fa-

130 522 282 555 cultates,
330 504 423 554 {ient
456 522 614 561 scriptum
648 527 715 552 est:
748 521 941 552 Benedictio
975 520 1106 551 Domini

130 566 249 596 divites
274 563 362 596 facit.
408 564 580 600 Secundo,
608 562 703 594 Scias
734 568 765 593 et
786 561 965 594 liberaliter
992 564 1106 593 iuvan-

129 608 193 639 dos
218 616 293 639 esse
317 612 465 648 egenteS,
487 611 522 637 ut
535 615 634 645 saepe
645 605 804 646 praecipit
816 605 984 636 Christus:
1008 604 1105 642 Date,

131 657 163 680 et
187 649 315 680 dabitur
338 648 443 679 vobis.
488 647 613 688 Estque
643 647 751 678 addita
773 648 951 687 promissio
974 652 1107 688 propter

132 692 215 722 duas
236 700 386 728 caussas,
405 688 568 727 videlicet,
591 696 627 720 ut
646 689 791 721 sciamus
804 691 866 730 piis
878 689 1106 720 liberalitatem

131 733 249 764 mereri
271 733 427 772 praemia,
450 738 482 762 et
505 737 541 762 ut
563 732 706 763 sciamus
730 730 879 773 flagitare
891 731 999 763 Deum
1022 731 1106 762 haec

131 773 254 812 officia,
277 780 312 805 ut
333 774 416 805 fides
430 780 624 805 exerceatur
636 775 863 814 expectatione
875 774 1106 814 praemiorum.

131 816 280 858 Utraque
304 826 425 848 caussa
445 815 535 847 lucet
551 816 584 846 in
597 814 747 856 exemplo
761 815 961 857 Sareptanae
972 817 1106 847 viduae:

131 858 224 890 Haec
246 859 335 899 pavit
357 857 462 889 Eliam
487 864 517 888 et
539 859 725 898 expectavit
745 869 765 889 a
787 857 862 890 Deo
885 859 1024 895 victum3
1046 858 1107 889 lta-

132 910 196 942 que
225 900 318 932 Deus
347 900 427 932 aluit
459 898 628 933 mulierem
662 906 692 931 et
720 902 847 932 ornavit
875 899 947 932 aliis
978 901 1107 942 magnis

130 943 299 985 praemiis,
321 949 353 977 et
375 943 446 987 ipsa
471 945 603 988 egregie
627 944 722 976 fidem
750 945 914 982 exercuit,
938 955 1011 975 cum
1034 942 1107 974 reli-

132 989 239 1032 quias,
258 1000 342 1031 quas
365 989 520 1026 habebat,
542 995 628 1019 totas
648 987 778 1019 tradidit
797 986 898 1017 Eliae.
951 986 1106 1017 Ceterum

131 1033 248 1063 modus
262 1031 566 1064 communicationis
580 1031 775 1062 desciibitur
787 1030 817 1060 2.
831 1029 908 1060 Cor.
921 1028 951 1061 S.
966 1032 1028 1066 [vs.
1044 1027 1106 1065 13.]

131 1075 207 1106 Non
229 1080 265 1105 ut
287 1073 360 1105 aliis
384 1075 425 1104 sit
447 1074 588 1114 ignavia,
612 1073 707 1104 vobis
731 1071 880 1104 afflietio.

217 1116 258 1148 Et
282 1117 516 1147 venustissima
539 1117 701 1146 sententia
724 1116 765 1146 de
787 1115 988 1156 proprietate
1012 1119 1045 1144 et
1067 1113 1108 1143 de

131 1160 231 1191 modo
264 1157 468 1190 liberalitatis
503 1168 543 1188 ac
572 1158 725 1197 praemiis
755 1164 842 1188 extat
872 1158 904 1187 in
931 1154 1108 1187 Salomone

132 1201 245 1240 [Prov.
258 1201 290 1238 5,
306 1200 473 1238 15—lS.]:
497 1200 580 1231 Bibe
598 1210 717 1240 aquam
734 1210 753 1230 e
765 1200 829 1230 tuis
843 1198 998 1235 sontibuS,
1021 1203 1052 1228 et
1064 1197 1109 1227 tui

133 1243 234 1276 fontis
254 1242 379 1274 rivulos
403 1243 488 1273 bibe.
533 1242 656 1272 Fontes
674 1243 721 1272 tui
743 1240 833 1272 foras
857 1241 1056 1277 deriventur,
1080 1246 1109 1269 et

132 1287 194 1318 rivi
216 1284 352 1317 effluant
374 1285 407 1315 in
425 1284 570 1324 plateas3
594 1283 639 1313 At
660 1289 694 1314 tu
711 1283 874 1315 Dominus
899 1289 970 1314 esto
993 1282 1110 1313 horum

132 1327 237 1366 solus,
260 1337 327 1358 non
350 1325 447 1358 alieni
471 1332 594 1362 tecum3
617 1325 839 1357 Benedicetur
859 1326 944 1357 enim
965 1323 1110 1356 fontibus

133 1371 208 1402 tuis.
253 1369 470 1410 Praeceptum
501 1374 553 1398 est
583 1369 847 1407 oeconomicum,
882 1368 1110 1410 gravissimam

133 1412 317 1445 doctrinam
345 1411 449 1452 figura
479 1411 654 1442 verborum
685 1409 874 1441 dulcissima
908 1419 1110 1451 proponens,

133 1460 223 1486 vetat
236 1463 354 1494 rapere
378 1463 418 1483 ex
441 1452 559 1483 alieno.
594 1452 672 1483 Ideo
695 1454 797 1494 inquit
821 1456 883 1490 [vs.
900 1453 974 1491 15.]:
997 1451 1024 1482 E
1040 1451 1111 1483 fon-

132 1498 219 1528 tibus
231 1497 347 1532 tuis'20)
368 1496 454 1527 bibe.
483 1494 655 1535 Approbat
674 1501 705 1526 et
722 1496 969 1536 proprietatem:
994 1494 1043 1525 Tu
1055 1495 1111 1525 do-

133 1540 240 1571 minus
257 1548 371 1570 eorum
389 1543 470 1569 esto.
501 1537 657 1579 Adiungit
681 1544 712 1568 et
734 1544 945 1578 praeceptum
970 1537 1011 1568 de
1033 1535 1112 1568 libe·

134 1580 263 1612 ralitate
287 1580 376 1618 [ibid.
401 1589 451 1610 vs.
468 1579 548 1618 16.]:
579 1579 704 1610 Pontes
727 1580 773 1611 tui
799 1580 987 1611 deriventur
1010 1578 1111 1616 foras,

135 1625 168 1655 id
190 1629 252 1661 est,
286 1623 326 1654 de
349 1621 509 1653 fructibus
533 1623 577 1653 tui
599 1621 691 1653 fundi
720 1620 840 1664 largire
863 1621 946 1653 aliis.
993 1622 1112 1653 Osten-

135 1667 181 1697 dit
203 1672 234 1697 et
256 1665 387 1696 modum
410 1663 630 1696 liberalitatis:
664 1663 767 1702 molo,
800 1665 924 1705 inquit,
960 1665 1111 1705 dissipari

133 1708 369 1746 haereditates,
393 1707 500 1738 excuti
523 1713 554 1738 te
578 1717 620 1738 ex
644 1705 754 1738 fundis
776 1708 850 1738 tuis.
896 1707 958 1737 Hic
979 1707 1020 1737 sit
1045 1716 1112 1737 mo-

137 1751 216 1783 dus:
239 1748 436 1781 Tufundum
448 1756 573 1787 teneas,
598 1759 778 1780 conserves
791 1748 1026 1780 haereditatem
1038 1759 1113 1789 pro-

136 1800 210 1834 pter
232 1791 355 1824 liberos
379 1798 409 1823 et
432 1790 684 1832 rempublicam3
719 1791 785 1823 Sed
809 1793 851 1823 de
872 1790 1034 1823 fructibus
1058 1792 1113 1822 be-

136 1836 235 1876 nigne
257 1835 367 1866 iuvato
391 1840 537 1875 egentes.
594 1834 686 1866 Haec
720 1834 760 1865 de
794 1834 993 1875 proprietate
1017 1840 1049 1864 et
1073 1835 1113 1865 de

136 1877 247 1910 officio
270 1876 476 1908 liberalitatis
500 1877 591 1908 d’urit.
637 1876 810 1907 Postremo
835 1877 923 1907 addit
945 1883 976 1908 et
993 1876 1112 1907 doctri-

136 1930 212 1952 nam
236 1919 276 1950 de
300 1919 452 1960 praemiis
476 1925 509 1950 et
531 1920 572 1950 de
596 1919 675 1950 fide:
699 1919 734 1949 ln
757 1918 809 1950 his
826 1917 943 1950 officiis
958 1925 1111 1950 exerceto

137 1962 246 1994 fidem.
292 1962 328 1993 Si
347 1971 511 2003 agnosces
534 1961 598 1993 Dei
622 1963 742 1993 donum
771 1972 847 1992 esse
876 1960 1052 1993 facultates
1082 1968 1112 1992 et

138 2015 250 2037 earum
273 2005 574 2042 conservationem,
599 2011 629 2035 et
651 2004 811 2035 neminem
836 2003 1059 2042 defraudabis,
1083 2010 1113 2035 et

138 2048 204 2079 eris
221 2046 378 2082 liberalis,
403 2052 540 2087 expecta
568 2057 588 2077 a
610 2046 683 2078 Deo
707 2046 976 2078 benedictionem.
1022 2047 1113 2079 llaec

138 2095 190 2121 est
214 2099 293 2120 vera
314 2087 486 2120 Ecclesiae
498 2088 619 2120 Christi
642 2089 789 2121 doctrina
812 2090 852 2120 de
874 2089 939 2120 hoc
969 2090 1112 2131 negotio.

129 2132 287 2172 -Suntque
309 2130 466 2172 fugienda
489 2129 703 2162 deliramenta
726 2130 868 2169 illorum,
893 2132 946 2173 qui
969 2131 1113 2163 Platoni-

139 2184 212 2206 cam
234 2174 494 2205 communionem
517 2183 624 2205 rerum
640 2173 765 2215 fingunt
783 2174 816 2205 in
828 2173 1008 2215 Evangelio
1021 2185 1113 2215 prae-

140 2217 202 2259 cipi
225 2215 279 2248 vel
300 2215 436 2248 laudari.

227 2258 295 2291 Sed
316 2265 351 2290 ut
374 2268 495 2300 magna
517 2269 573 2289 ars
597 2265 658 2297 est,
680 2266 771 2290 recte
794 2266 906 2291 tenere
929 2258 1113 2297 facultates,

140 2303 190 2333 sic
212 2302 308 2333 etiam
331 2311 450 2342 magna
474 2310 529 2332 ars
553 2307 584 2332 et
605 2311 759 2343 magnum
786 2302 889 2333 decus
920 2308 989 2339 est,
1024 2309 1114 2333 recte

139 2343 227 2375 ferre
249 2349 484 2385 paupertatem.
530 2342 582 2374 De
596 2353 659 2384 qua
675 2345 813 2383 primum
830 2345 1044 2386 agnoscenda
1064 2351 1113 2375 est

141 2386 295 2419 voluntas
318 2386 391 2424 Dei,
415 2386 504 2427 quod
527 2385 620 2417 Deus
644 2384 723 2417 velit
752 2396 814 2417 nos
845 2387 1014 2418 subiectos
1038 2397 1114 2418 esse

140 2429 192 2460 his
216 2429 440 2460 communibus
463 2427 708 2466 afflictionibus,
731 2434 765 2460 ut
782 2429 918 2466 morbis,
943 2430 1048 2467 morti,
1072 2430 1115 2460 ita

143 2567 188 2598 20)
208 2567 319 2592 sontibus
339 2567 400 2597 tuis]
419 2566 490 2592 Editt.
514 2568 533 2589 l.
553 2567 576 2591 3.
597 2567 645 2592 tuis
664 2567 776 2593 fontibus

599 133 621 163 Ι.
645 130 745 163 LOCI
766 127 1039 163 THEOLOGICh
1061 126 1104 163 D,
1127 127 1287 166 TERTlA
1306 129 1461 163 EORUM
1484 128 1639 161 AETAS-

2060 125 2121 155 726

1148 232 1179 258 et
1201 226 1349 267 inopiae;
1372 224 1413 255 Et
1434 223 1495 254 has
1519 221 1715 253 afflictiones
1739 230 1805 251 non
1828 229 1904 250 esse
1933 219 2027 258 signa
2050 218 2121 258 piis,

1148 269 1236 310 quod
1258 268 1453 299 abiiciantur
1475 277 1494 297 a
1516 265 1609 302 Deo,
1643 264 1702 295 sed
1733 272 1810 294 esse
1840 261 2006 297 exercitia,
2041 270 2123 300 quae

1147 320 1210 341 nos
1233 311 1410 342 admonent
1433 309 1473 340 de
1495 314 1644 348 peccato,
1668 312 1805 347 propter
1817 303 1905 346 quod
1918 309 2034 334 natura
2046 303 2122 333 sub-

1148 354 1233 384 iecta
1256 358 1305 384 est
1328 352 1434 382 morti.
1480 351 1558 381 Item
1582 351 1622 381 de
1645 348 1845 390 poenitentia
1874 354 1905 377 et
1929 347 1969 377 de
1992 346 2123 376 invoca-

1148 396 1247 427 tione.
1293 395 1388 426 Scias
1418 393 1516 434 igitur
1538 392 1753 423 obediendum
1783 400 1860 421 esse
1883 389 1976 426 Deo,
2011 388 2064 429 qui
2093 394 2125 417 te

1149 438 1196 468 sic
1220 437 1367 469 exerceri
1389 435 1505 473 voluit,
1528 436 1613 465 sicut
1634 433 1716 465 haec
1730 432 1912 464 obedientia
1929 429 2126 472 generaliter

1149 481 1181 510 in
1193 479 1357 511 aerumnis
1370 478 1556 519 requiritur,
1569 478 1657 508 iuxta
1670 474 1748 507 illud
1770 476 1812 513 [l.
1826 475 1913 505 Petr.
1927 474 1958 512 5,
1971 474 2000 504 6.
2011 476 2035 511 ε]
2059 472 2124 503 llu-

1148 521 1314 553 miliamini
1326 522 1388 551 sub
1400 520 1524 560 potenti
1536 529 1634 550 manu
1641 518 1715 549 Dei.
1740 518 1870 549 Deinde
1880 516 2063 548 constantia
2073 524 2125 545 ae·

1150 565 1256 602 cedat,
1268 573 1310 594 ne
1321 562 1499 604 fugiendae
1507 561 1709 602 paupertatis
1725 571 1845 591 caussa
1865 558 2024 591 faciamus
2038 557 2125 598 quic-

1150 617 1247 647 quam
1261 612 1376 637 contra
1384 604 1502 635 Deum.
1524 604 1616 635 Hanc
1629 604 1848 635 constantiam
1860 602 2027 643 praedicat
2035 599 2125 631 Chri-

1149 655 1234 686 stus,
1257 658 1330 679 cum
1352 648 1395 678 ait
1416 646 1544 684 [Matth.
1568 646 1600 684 5,
1613 645 1674 685 3.]:
1698 646 1791 676 Beati
1815 654 1977 685 pauperes
2000 644 2126 683 spiritu.

1150 692 1226 732 quia
1248 690 1322 722 Deo
1353 690 1510 720 obediunt
1538 690 1571 720 in
1598 694 1789 729 paupertate
1818 686 1969 724 ferenda,
2004 693 2034 716 et
2062 695 2126 716 non

1149 733 1275 764 faciunt
1309 738 1423 764 contra
1450 731 1560 763 Deum
1594 731 1688 762 fracti
1718 737 1911 771 paupertate
1941 735 1972 759 et
2008 728 2127 759 ceteris

1151 773 1410 812 difficultatibus,
1436 784 1521 815 quae
1541 774 1735 805 comitantur
1758 773 1916 813 inopiam:
1945 771 2020 801 Non
2044 771 2128 801 enim

1150 817 1237 848 levia
1261 827 1362 848 onera
1386 823 1473 854 sunt,
1497 827 1580 857 quae
1603 816 1775 853 accedunt,
1799 815 1900 855 premi
1921 820 1951 845 et
1965 813 2127 844 contemni

1151 871 1171 891 a
1192 860 1392 900 potentibus,
1418 869 1494 890 esse
1513 859 1691 890 obnoxium
1716 858 1848 889 iniuriae
1862 863 1891 887 et
1911 854 2127 892 contumeliis,

1151 904 1262 933 videre
1285 902 1435 933 miserias
1458 901 1647 932 liberoriun.
1683 901 1769 931 Inter
1791 899 1875 931 haec
1888 898 1974 930 mala
1988 899 2128 929 retinere

1151 945 1248 976 animi
1273 945 1506 982 constantiam,
1537 954 1603 974 non
1626 953 1786 984 quaerere
1809 942 1972 983 praesidia
1996 940 2048 971 vel
2072 952 2127 981 po-

1150 986 1217 1028 puli
1248 985 1300 1018 vel
1322 993 1491 1027 potentum
1514 985 1608 1018 malis
1632 984 1797 1022 consiliis,
1829 995 1893 1016 non
1923 984 2031 1024 inopia
2061 994 2128 1013 mo-

1152 1030 1221 1060 veri
1263 1030 1305 1060 ad
1346 1029 1539 1060 turbandam
1587 1027 1832 1069 rempublicam.
1894 1027 1984 1057 Haec
2033 1026 2128 1057 animi

1151 1072 1340 1113 magnitudo
1364 1070 1478 1102 lucens
1501 1071 1585 1102 inter
1607 1070 1680 1102 illas
1699 1080 1872 1101 aerumnas
1897 1070 2013 1110 ingens
2029 1069 2129 1099 decus

1152 1120 1213 1145 est.
1259 1114 1314 1145 Sic
1339 1120 1430 1145 erant
1454 1123 1616 1154 pauperes
1640 1113 1792 1143 Ieremias
1817 1119 1847 1142 et
1870 1111 1961 1142 multi
1984 1110 2128 1150 Prophe-

1153 1163 1216 1194 tae,
1239 1156 1404 1196 Baptista,
1428 1155 1591 1193 Christus,
1615 1154 1768 1195 Apostoli
1799 1161 1829 1185 et
1854 1153 1943 1185 multi
1966 1152 2131 1194 Martyres

1153 1208 1280 1229 summo
1292 1197 1369 1229 loco
1381 1199 1447 1229 nati
1461 1198 1592 1229 excussi
1607 1200 1663 1228 ex'2
1672 1200 1695 1235 ¹)
1708 1196 1931 1233 facultatibus,
1942 1202 1975 1226 ut
1989 1194 2129 1226 Attalus.

1152 1240 1279 1272 Eodem
1301 1241 1399 1271 modo
1422 1240 1533 1271 affecti
1551 1246 1645 1271 erant
1672 1247 1704 1271 et
1727 1240 1788 1280 pii,
1823 1239 1876 1279 qui
1906 1239 2060 1269 tenebant
2084 1236 2130 1268 fa—

1154 1282 1307 1321 cultates,
1330 1283 1400 1320 Iob,
1423 1282 1531 1313 David
1555 1289 1585 1314 et
1610 1282 1742 1314 similes.
1791 1282 1945 1312 Sciebant
1981 1286 2131 1321 oportere

1154 1325 1283 1366 aliquos
1307 1335 1385 1356 esse
1408 1325 1542 1363 divites,
1570 1326 1731 1366 parebant
1754 1324 1919 1355 vocationi
1944 1333 2039 1360 suae,
2070 1332 2130 1353 nec

1154 1375 1261 1399 tamen
1296 1368 1425 1399 divitias
1455 1368 1699 1409 anteponebant
1734 1365 1951 1403 confessioni,
1994 1372 2024 1396 et
2059 1375 2130 1396 ctnn

1154 1411 1361 1448 amisissent,
1396 1412 1426 1441 in
1464 1420 1502 1441 ea
1537 1411 1710 1441 vocatione
1746 1410 1840 1440 etiam
1874 1408 1947 1440 Deo
1982 1409 2131 1440 volentes·

1156 1453 1360 1484 obediebant.
1418 1452 1508 1483 Haec
1538 1453 1742 1490 obedientia,
1776 1453 1852 1482 item
1883 1452 2067 1482 constantia
2101 1451 2130 1479 in

1156 1493 1366 1526 confessione
1388 1494 1562 1526 laudantur
1586 1502 1616 1526 et
1641 1502 1715 1526 sunt
1739 1494 1848 1526 cultus
1871 1494 1945 1525 Dei.

1243 1537 1308 1568 Sed
1331 1537 1487 1569 Monachi
1511 1536 1717 1568 manifestam
1735 1538 1884 1568 iniuriam
1909 1537 1996 1568 dicto
2011 1534 2130 1566 Christi

1155 1579 1297 1618 faciunt,
1328 1580 1417 1621 quod
1440 1587 1632 1621 praetexunt
1656 1590 1738 1611 suae
1761 1580 1947 1621 hypocrisi,
1981 1577 2131 1609 videlicet

1155 1622 1271 1653 Matth.
1298 1622 1347 1653 19.
1373 1626 1435 1660 [vs.
1459 1623 1524 1661 294
1571 1622 1633 1658 Qui
1656 1621 1823 1663 reliquerit
1846 1623 1976 1653 domuin
1999 1627 2053 1652 aut
2077 1631 2131 1661 pa-

1156 1671 1238 1696 trem
1262 1671 1319 1696 aut
1341 1671 1477 1696 matrem
1506 1672 1568 1697 etc.
1621 1664 1751 1705 Duplex
1781 1672 1832 1696 est
1863 1665 1946 1695 enim
1977 1664 2131 1699 desertio,

1156 1706 1262 1738 altera
1282 1707 1317 1738 fit
1342 1708 1500 1739 mandato
1513 1707 1574 1739 Dei
1599 1708 1630 1738 in
1643 1707 1855 1739 confessione
1873 1714 1929 1737 aut
1948 1707 2131 1741 vocatione,

1155 1756 1189 1781 ut
1214 1760 1285 1780 cum
1299 1749 1444 1791 Tyranni
1467 1750 1579 1782 iubent
1603 1756 1657 1782 aut
1670 1749 1886 1791 Evangelium
1909 1750 2052 1780 abiicere
2076 1756 2129 1779 aut

1157 1793 1275 1823 cedere
1299 1802 1340 1823 ex
1363 1794 1652 1833 possessionibus3
1676 1793 1741 1824 Aut
1760 1803 1833 1824 cuin
1853 1800 1991 1823 vocatus
2010 1791 2051 1821 ad
2070 1790 2131 1820 Ec-

1158 1834 1277 1865 clesias
1301 1836 1463 1876 regendas
1477 1835 1613 1874 dubitat,
1636 1842 1743 1866 utrum
1768 1836 1938 1866 subeunda
1962 1835 2025 1864 sint
2050 1833 2131 1872 peri-

1158 1876 1232 1908 cula
1260 1885 1289 1907 et
1320 1878 1410 1916 odia,
1443 1889 1484 1908 an
1514 1879 1624 1919 potius
1655 1878 1863 1909 serviendum
1892 1878 1939 1908 rei
1970 1875 2131 1907 familiari.

1156 1920 1191 1950 ln
1220 1919 1340 1951 talibus
1371 1921 1504 1952 casibus
1534 1922 1676 1951 desertio
1708 1919 1870 1952 laudatur.
1924 1920 2004 1950 Nam
2027 1918 2131 1948 Evan-

1156 1961 1233 2004 gelii
1257 1961 1502 1994 confessionem
1526 1970 1555 1994 et
1580 1965 1785 1994 vocationem
1809 1963 1850 1993 ad
1874 1962 2056 1992 docendum
2077 1970 2131 1990 an—

1156 2004 1275 2036 teferre
1299 2006 1450 2036 munibus
1481 2007 1581 2037 rebus
1612 2005 1763 2037 humanis
1788 2006 1960 2036 debemus.
1992 2004 2076 2034 vitae
2101 2011 2128 2031 et

1155 2046 1307 2079 fortunis.

1241 2090 1311 2120 Nec
1334 2089 1418 2121 levis
1443 2101 1561 2122 caussa
1585 2098 1647 2129 est,
1672 2102 1730 2122 ctu·
1753 2091 1850 2122 toties
1874 2090 1958 2121 haec
1972 2090 2130 2121 sententia

1156 2133 1294 2174 repetita
1317 2132 1358 2163 sit
1382 2134 1413 2164 in
1436 2132 1631 2176 Evangelio.
1679 2134 1785 2174 Saepe
1809 2134 1893 2164 enini
1913 2133 2056 2163 incidunt
2079 2142 2130 2162 ca-

1157 2186 1225 2213 suS,
1250 2176 1304 2206 ubi
1329 2174 1496 2207 confessio
1519 2186 1585 2207 non
1608 2183 1731 2207 tantum
1751 2175 1936 2217 relinquere
1959 2174 2131 2206 facultates

1156 2218 1256 2259 cogit,
1280 2218 1340 2249 sed
1363 2219 1450 2259 quod
1473 2225 1524 2250 est
1547 2218 1648 2250 multo
1673 2219 1797 2256 durius,
1821 2219 1908 2259 cogit
1922 2219 2017 2249 etiam
2032 2216 2130 2247 offen—

1156 2261 1235 2291 dere
1259 2261 1464 2299 carissimos,
1494 2260 1681 2292 voluntates
1712 2271 1903 2303 magnorum
1934 2267 1963 2291 et
1986 2259 2130 2290 laudato—

1156 2314 1226 2334 rum
1249 2303 1429 2343 principum
1439 2305 1483 2344 ¹³²)
1503 2311 1534 2334 et
1558 2303 1696 2334 aliorum
1709 2304 1941 2341 praestantium
1954 2302 2131 2333 hominum.

1158 2355 1295 2386 quorum
1319 2345 1437 2377 iudicia
1461 2345 1632 2387 negligere
1656 2343 1880 2377 difficillimum
1899 2352 1959 2377 est.
2005 2344 2129 2375 Durum

1158 2394 1189 2419 et
1212 2386 1276 2418 hoc
1300 2393 1361 2424 est,
1385 2389 1471 2429 quod
1495 2389 1632 2420 dicimur
1657 2395 1787 2419 autores
1812 2388 1996 2420 discordiae
2020 2387 2050 2417 in
2075 2396 2129 2426 pa-

1135 2516 1136 2534 ]
1159 2517 1203 2544 21]
1224 2516 1264 2547 ex]
1286 2516 1357 2541 Editt.
1376 2517 1413 2541 18.
1433 2516 1473 2540 22.
1494 2517 1533 2539 24.
1553 2518 1633 2542 male:
1653 2523 1675 2542 et

1159 2567 1204 2594 22)
1222 2567 1372 2597 principum]
1392 2567 1433 2591 Ed.
1457 2568 1476 2589 l.
1496 2568 1643 2598 principium

1875 2621 1927 2643 μυ
