2358 2933
249 487 306 512 126.
324 486 346 509 b.

291 871 316 889 lo

287 1129 313 1148 15

281 1413 310 1432 20

849 134 959 166 PHIL.
983 133 1084 165 MEL.
1107 131 1292 165 SCRIPTA
1312 129 1583 163 DOGMATICA.

372 233 538 264 hibentur.
561 239 593 262 ut
619 228 851 260 conscientiam
875 225 1061 257 certificent.

371 275 722 311 iustifi‹·nl›ant.'neque
745 268 910 305 Iohannis,
933 277 1037 308 neque
1057 265 1181 297 Christi

372 319 562 357 baptismus.
586 314 626 344 de
649 313 752 353 signis
782 310 915 352 loquor,
939 310 999 341 sed
1022 308 1181 340 certifica-

372 361 464 390 bant.
492 357 644 387 iohannis
671 353 861 384 lavachrum
895 353 935 382 de
962 350 1182 392 praedicanda

372 401 477 432 adhuc
500 399 614 437 gratia.
639 395 761 427 Christi
784 395 966 435 baptismus
999 393 1183 424 testabatur

372 444 433 472 iam
458 431 610 471 conatam
633 448 709 469 esse
731 438 879 479 gratiam,
903 443 933 467 et
944 434 1184 477 promulgatam

371 484 620 524 promissionem
645 480 835 519 gratiae.'ln
863 486 1002 519 utroque
1030 475 1184 508 iustifica—

372 528 424 557 bat
449 526 542 556 fides.
565 524 631 555 Sed
645 514 814 553 lohannes
826 531 911 562 aqua
922 520 1076 561 baptizat,
1121 518 1186 549 uod

374 569 444 607 ipse
472 577 537 598 non
562 567 603 596 sit
626 567 657 596 in
682 574 777 605 quein
801 564 968 600 credatur,
992 562 1046 602 qui
1069 571 1106 591 sa
1121 566 1186 591 vet.

373 609 526 640 Christus
551 619 621 638 cum
655 608 694 637 sit
719 606 883 642 salvator,
906 605 1049 645 baptizat
1072 603 1188 643 spiritu

371 660 487 684 sancto
511 658 541 682 et
564 651 641 690 igni.
687 648 793 690 Atque
816 649 860 678 ita
883 647 1188 687 re'baptizabantur,

373 696 426 736 qui
455 694 512 725 loti
539 703 557 723 a
581 692 726 722 Iohanne
754 696 857 727 erant,
881 690 1010 720 tametsi
1032 688 1124 723 iusti,
1153 692 1188 717 ut

373 739 401 768 si
425 737 477 777 qui
491 735 617 766 fuerunt
641 734 716 765 iusti
729 732 837 764 ludaei
851 731 981 768 alicubi,
1005 730 1059 771 qui
1072 727 1187 759 Iohan—

372 780 423 811 nis
446 779 608 818 baptismo
631 775 689 806 loti
712 785 777 806 non
801 780 902 805 erant.
927 771 1094 804 Certificat
1104 771 1188 801 enim

374 822 555 861 baptismus
584 817 707 848 Christi
747 818 788 847 ‹le
826 814 947 846 collata
974 815 1037 844 iam
1070 813 1186 854 gratia.

377 865 450 895 Non
473 863 558 892 enim
586 861 680 891 video
708 859 785 900 quid
813 859 897 888 inter
919 854 1187 888 iustos¹ludaeos

373 911 448 938 ante
471 903 665 939 Iohannem,
688 908 719 932 et
743 910 819 938 eos,
843 900 897 940 qui
920 910 939 930 a
962 897 1107 929 Iohanne
1128 895 1188 926 loti

374 955 465 984 sunt,
493 943 690 981 interfuerit,
718 953 792 973 nam
820 942 949 982 utrique
974 943 1187 980 expectarunt

374 990 550 1025 Christum,
573 987 636 1017 nisi
660 986 747 1027 quod
769 984 802 1015 hi
824 985 959 1025 propius
974 980 1188 1022 Evangelium

374 1040 405 1064 et
426 1030 654 1063 remissionem
675 1032 885 1068 peccatorum
909 1030 1143 1067 cognoverunt.

416 1074 505 1105 Haec
528 1072 642 1112 paucis
665 1070 818 1111 attigisse
839 1069 920 1099 satis
944 1069 1004 1105 sit,
1027 1076 1069 1097 ne
1092 1075 1188 1107 quem

372 1116 532 1157 longiore
561 1113 755 1144 tractatione
788 1122 808 1142 a
833 1110 973 1141 lectione
1006 1109 1189 1149 scripturae

373 1166 582 1194 remoremur,
605 1156 659 1186 ubi
682 1153 868 1196 diligentius
891 1153 956 1184 hoc
969 1161 1072 1194 genus
1092 1160 1188 1192 quae-

374 1202 498 1232 stiones
523 1197 735 1229 excutiendae
759 1201 844 1227 sunt.

581 1288 642 1320 DE
656 1288 780 1322 „POEN
786 1286 969 1318 ITENTIA.

415 1365 652 1398 Poenitentiam
668 1374 735 1395 non
759 1373 836 1395 esse
858 1363 1000 1404 signum,
1023 1359 1101 1392 nihil
1125 1361 1189 1391 ob·-

375 1419 506 1440 scurum
529 1414 591 1438 est.
635 1406 696 1437 Est
719 1407 803 1437 enim
825 1405 1024 1446 poenitentia
1045 1409 1188 1434 vetusta-

374 1453 415 1482 tis
426 1458 562 1482 nostrae
573 1448 791 1486 mortificatio,
804 1455 836 1478 et
850 1447 1018 1478 renovatio
1043 1445 1187 1486 spiritus.

373 1494 620 1526 Sacramentum
651 1492 738 1528 eius,
765 1489 820 1521 vel
842 1491 989 1531 signum,
1010 1498 1078 1519 non
1100 1486 1188 1518 aliud

373 1536 435 1566 nisi
458 1535 639 1575 baptismus
662 1539 723 1564 est.
767 1533 877 1573 Atque
898 1531 952 1562 hic
975 1531 1115 1562 omnium
1138 1539 1187 1560 re-

239 1590 293 1619 (66,
317 1589 355 1618 a.)
373 1578 518 1609 ctissime
541 1582 676 1607 vocetur
697 1581 935 1606 sacramentum
948 1573 1185 1614 poeni'tentiae.

246 1623 306 1653 127,
324 1629 347 1647 a·
372 1620 537 1660 Siquidem
558 1618 766 1659 poetnitentia
787 1616 992 1648 mortificatio
1009 1616 1114 1646 nostri
1125 1620 1186 1651 est,

282 2001 307 2018 10

281 2218 306 2236 13

279 2470 309 2487 ¹20

370 1663 402 1693 in
425 1662 541 1698 vitam,
565 1670 623 1691 seu
645 1667 679 1691 ut
702 1669 906 1690 renovemur.
951 1658 987 1688 Id
1014 1657 1102 1698 quod
1130 1658 1185 1687 ba-

370 1705 501 1744 ptismo,
519 1709 554 1733 ut
571 1708 646 1733 ante
661 1703 737 1739 dix-i,
755 1701 970 1743 significatur.
995 1706 1026 1730 et
1047 1705 1186 1730 testatur

370 1745 493 1777 Paulus
517 1745 559 1775 ad
580 1744 695 1775 Roma.
709 1744 764 1775 VI.
789 1743 925 1781 [vs-3.:]
951 1742 1012 1777 Qui
1030 1741 1186 1782 baptizati

373 1797 485 1819 sumus
508 1788 539 1817 in
564 1786 878 1823 Christum‘lesum,
900 1786 933 1815 in
954 1790 1092 1815 mortem
1116 1784 1185 1815 eius

370 1830 523 1869 baptizati
552 1839 665 1860 sumus
693 1834 753 1859 etc.
798 1827 839 1858 Et
867 1828 909 1858 ad
931 1827 1036 1858 Titum
1061 1826 1104 1864 [3,
1128 1826 1185 1865 5.],

368 1878 574 1911 nuncupatur
595 1869 786 1901 lavachrum
809 1869 1079 1911 regenerationis.
1120 1868 1185 1899 Ne-

370 1924 432 1954 que
454 1913 542 1944 aliud
565 1919 616 1943 est
637 1913 704 1943 vita
722 1912 920 1950 Christiana,
942 1912 1006 1942 nisi
1016 1911 1100 1942 haec
1112 1912 1185 1951 ipsa

368 1956 578 1996 poenitentia,
590 1954 654 1985 hoc
666 1961 727 1992 est,
739 1955 946 1997 regeneratio
958 1955 1073 1984 nostri.
1096 1952 1184 1983 Mor-

368 1997 503 2028 tificatio
527 1997 561 2028 fit
584 2007 643 2037 per
664 1996 772 2038 legem
794 2004 829 2028 ut
851 1999 961 2036 su'pra
983 1997 1103 2027 dictum
1126 2002 1184 2027 est.

367 2040 451 2070 Nam
482 2039 566 2070 haec
599 2040 833 2070 conscientiam
865 2045 964 2069 terret
990 2044 1023 2069 et
1055 2039 1182 2070 occidit.

367 2081 554 2113 Vivificatio
577 2081 614 2112 fit
636 2092 695 2122 per
716 2080 946 2122 Evangelium,
966 2091 1025 2112 seu
1052 2090 1111 2121 per
1127 2082 1183 2112 ab·

367 2123 574 2155 solutionem.
597 2124 672 2154 Non
686 2125 770 2154 enim
787 2123 873 2155 aliud
898 2129 949 2154 est
959 2122 1183 2165 Evangelium,

368 2167 431 2197 nisi
456 2167 528 2206 ipsa
557 2165 732 2197 absolutio.
778 2166 873 2201 Quod
900 2166 1182 2197 mortificationem

368 2218 429 2238 nos
447 2218 621 2246 vocamus,
646 2208 839 2240 scholastici
869 2209 1103 2240 contritionem
1125 2219 1182 2239 vo-

366 2249 495 2280 luerunt
518 2251 595 2288 dici,
626 2252 657 2281 id
686 2252 773 2292 quod
802 2252 847 2282 ita
868 2252 1034 2291 permitto,
1064 2254 1092 2282 si
1116 2261 1182 2281 non

368 2293 408 2322 de
431 2291 545 2323 dolore
567 2303 625 2332 per
647 2292 783 2324 liberum
807 2294 985 2331 arbitrium,
1007 2304 1066 2334 per
1093 2294 1182 2325 vires

366 2333 524 2365 humanas
554 2334 703 2366 simulato
731 2335 917 2377 loquantur.
969 2336 1044 2367 Non
1073 2342 1183 2377 potest

367 2377 451 2407 enim
493 2377 603 2407 odisse
635 2385 805 2418 peccatum
838 2384 964 2409 natura.
1005 2379 1071 2410 Sed
1105 2379 1182 2409 divi-

367 2428 441 2448 num
477 2429 559 2458 opus
591 2426 640 2449 est
671 2421 904 2451 conscientiam
933 2427 1082 2452 nostram
1106 2431 1182 2451 con-

367 2458 503 2490 fundere
527 2467 531 2482 ¹
551 2467 581 2490 et
620 2461 824 2502 pavefacere.
872 2463 977 2494 Hiere
1022 2463 1076 2493 Vl.
1119 2467 1180 2501 [vs.

369 2502 432 2539 15.]
457 2502 662 2534 Erubescere
686 2506 882 2536 nescierunt.
928 2505 969 2536 Et
992 2505 1094 2536 XVII.
1117 2509 1180 2543 [vs.

368 2544 425 2581 l.:]
473 2544 646 2576 Peccatum
691 2546 767 2578 Iuda
813 2548 969 2587 scriptum
1012 2556 1059 2578 est
1107 2547 1181 2579 stilo

1105 223 1179 255 Non
1222 221 1330 255 ferreo
1352 225 1385 254 in
1407 233 1517 264 ungue
1539 222 1774 258 Adamantino,
1798 227 1967 252 exaratum
1989 230 2042 251 su-

1223 276 1283 306 per
1310 265 1512 297 latitudinem
1540 264 1648 295 cordis
1679 273 1801 294 eorum.

1852 263 1894 294 Et
1923 261 2042 293 XXXI.

1226 312 1290 346 [vs.
1316 308 1366 339 19.
1376 312 1396 346 ε]
1420 307 1598 348 Postquain
1621 305 1793 336 ostendisti
1804 304 1882 335 mihi
1892 304 2044 346 percussi

1226 348 1332 382 femur
1360 360 1477 381 meum.

1227 392 1337 424 Lucae
1367 391 1422 422 XI.
1454 395 1517 430 [vs.
1545 390 1597 421 39.
1607 393 1630 429 ε]
1658 389 1754 421 Nunc
1781 399 1841 420 vos
1869 389 2045 430 pharisaei,

1229 435 1317 476 quod
1340 433 1463 465 deforis
1487 439 1538 464 est
1560 431 1672 463 calicis
1696 438 1728 463 et
1746 432 1852 469 catini,
1871 431 2047 468 mundatis,

1229 478 1316 518 quod
1339 482 1448 508 autem
1469 476 1556 506 intus
1580 480 1631 506 est
1659 480 1805 505 vestrum
1834 472 1967 514 plenum
1995 477 2048 503 est

1230 520 1344 560 rapina
1377 525 1409 549 et
1442 518 1619 559 iniquitate.
1664 515 1732 547 Sed
1754 516 1838 547 haec
1860 525 1961 556 supra
1982 514 2046 546 Ia-¹

1231 562 1315 598 tiuS,
1348 571 1421 592 cum
1452 561 1492 591 de
1516 558 1692 590 collatione
1715 557 1800 600 legis
1824 563 1857 589 et
1877 555 2051 598 Evangelii

1233 604 1480 634 dissereremus.
1530 601 1605 632 Non
1634 600 1722 632 aliud
1745 602 1830 632 enim
1847 600 2050 641 poenitentia

1233 651 1298 682 est,
1326 646 1388 676 nisi
1421 643 1615 676 iustificatio.
1682 643 1813 674 Interim
1846 652 1982 679 moneo,
2015 646 2052 672 ut

1232 694 1386 728 tanquam
1397 692 1524 727 pestem
1536 696 1656 717 caveas
1676 685 1879 716 scholastica
1895 684 2051 725 figmenta

1233 731 1273 760 de
1303 729 1520 760 attritionibus
1551 734 1581 759 et
1611 728 1651 759 de
1681 725 1796 758 dolore
1823 737 1882 768 per
1911 726 2052 757 liberum

1233 772 1400 803 arbitrium
1430 769 1592 801 simulato.
1618 780 1621 790 ¹
1665 768 1777 800 Facile
1799 775 1908 801 autem
1930 769 2052 800 iudica—

1233 815 1278 845 bit
1306 823 1364 844 cor
1393 820 1481 844 tumn
1509 822 1588 843 vere
1612 811 1743 849 doleas,
1771 822 1813 842 an
1835 809 1971 842 simules
1995 811 2052 841 do-

1232 855 1346 886 lorem.
1397 855 1463 886 Sed
1497 864 1559 885 nec
1589 853 1705 884 dolore
1737 859 1794 884 tuo
1822 853 1923 890 fidas,
1957 853 2053 893 quasi

1232 898 1306 928 ideo
1326 898 1530 928 condonetur
1551 901 1722 937 peccatum
1741 896 1829 936 quod
1851 894 1974 933 doleat,
1993 895 2053 926 sed

1231 940 1339 980 potius
1362 945 1398 970 ut
1419 944 1537 980 postea
1559 939 1675 976 dicam,
1693 936 1911 969 Absolutione
1930 942 1961 968 et
1978 947 2052 968 ver-

1233 984 1274 1013 bo
1298 983 1360 1013 dei.
1385 984 1388 993 '

1274 1040 1442 1072 Fortassis
1471 1047 1579 1072 autem
1616 1042 1785 1082 permittes
1821 1041 2055 1081 poenitentiae,

1231 1083 1297 1114 hoc
1319 1089 1382 1122 est,
1404 1082 1661 1114 mortificationis
1691 1090 1724 1114 et
1752 1083 1982 1114 vivificationis
2012 1083 2055 1113 si-

1233 1137 1333 1167 gnum
1356 1127 1552 1167 baptismum
1570 1136 1658 1163 esse,
1677 1126 1706 1156 si
1723 1135 1932 1165 perseveres.
1957 1124 2056 1160 Quod

1233 1174 1342 1199 autem
1371 1167 1474 1208 lapsis
1504 1169 1634 1209 signum
1657 1173 1726 1205 est,
1759 1168 1848 1208 quod
1870 1167 1973 1208 recipi
1995 1176 2054 1198 eos

1233 1211 1265 1240 in
1288 1211 1426 1251 gratiam
1447 1210 1605 1241 testetur?
1628 1210 1711 1241 Nam
1734 1210 1777 1240 ad
1798 1209 1911 1250 lapsos
1931 1215 2056 1240 tantum

1234 1251 1423 1283 retulerunt
1454 1253 1676 1292 poenitentiae
1709 1251 1908 1283 vocabulum
1941 1256 1974 1282 et
2002 1261 2056 1282 sa-

1234 1300 1444 1325 cramentum.
1479 1293 1690 1334 Respondeo.
1724 1294 1816 1325 Sicut
1837 1293 2056 1335 Evangelium

1234 1346 1301 1367 non
1330 1337 1496 1368 amisimus
1524 1336 1645 1368 alicubi
1674 1335 1770 1377 lapsi,
1793 1337 1838 1367 ita
1859 1346 1924 1368 nec
1946 1335 2055 1367 Evan-

1234 1377 1309 1420 gelii
1332 1378 1494 1419 σφραγίδα,
1517 1380 1724 1419 baptismum.
1769 1378 1902 1410 Certum
1926 1384 1977 1410 est
1998 1389 2055 1411 au-

2134 127 2199 159 216

1522 349 1562 379 Et
1587 358 1591 369 ·
1616 347 1767 379 Christus
1795 347 1836 377 de
1858 347 2042 388 pharisaeis
2065 356 2121 385 127,
2140 355 2163 380 υ.

2119 778 2146 797 10

2127 1047 2154 1067 1⁵

2117 1260 2148 1279 20

1233 1427 1298 1452 tem
1323 1420 1325 1429 ¹
1348 1420 1564 1462 Evangelium
1591 1431 1659 1452 non
1693 1420 1797 1452 semel
1829 1427 1971 1459 tantum,
1994 1420 2055 1452 sed
2075 1428 2132 1459 128,
2150 1434 2174 1454 a.

1232 1464 1350 1495 iterum
1387 1469 1485 1504 atque
1523 1464 1643 1494 iterum
1675 1464 1840 1494 remittere
1871 1468 2054 1504 peccatum.

1233 1505 1344 1541 Quare
1366 1507 1439 1536 non'
1483 1506 1590 1537 minus
1614 1506 1656 1537 ad
1677 1506 1860 1537 secundam
1890 1506 2055 1536 condona·
2074 1513 2135 1544 (66,
2152 1514 2191 1544 b.)

1232 1549 1371 1585 tionem,
1402 1559 1498 1589 quam
1526 1548 1569 1579 ad
1590 1549 1728 1588 primam
1750 1549 1932 1588 baptismus
1956 1547 2054 1588 perti-

1231 1596 1296 1621 net.
1350 1589 1413 1620 Est
1445 1591 1531 1621 enim
1555 1591 1558 1602 '
1583 1591 1764 1630 baptismus
1796 1589 1987 1631 Evangelii,
2020 1589 2054 1620 id

1232 1638 1283 1663 est
1316 1633 1520 1663 remissionis
1554 1639 1766 1672 peccatorum
1797 1633 1918 1665 arrabo
1952 1639 1985 1665 et
2006 1633 2053 1674 pi-

1231 1684 1328 1715 gnus.
1372 1674 1489 1705 Matth.
1514 1674 1632 1705 XVIII.
1657 1678 1740 1714 [vss.
1764 1676 1805 1706 21
1829 1679 1894 1717 sq.]
1934 1675 2054 1707 Petrus

1231 1718 1427 1758 interrogat,
1458 1717 1595 1752 Quoties
1619 1718 1738 1749 debeat
1760 1719 1925 1749 remittere
1946 1716 2055 1749 fratri-

1231 1761 1305 1797 bus,
1328 1760 1383 1790 ubi
1406 1760 1556 1790 dominus
1576 1761 1766 1800 respondet,
1779 1760 1976 1802 Septuagies
2000 1771 2052 1792 se-

1230 1803 1314 1842 pties
1348 1802 1600 1832 condonandum
1629 1813 1716 1834 esse.
1760 1802 1803 1833 Et
1831 1802 1854 1833 1.
1878 1802 1990 1833 Iohan.
2014 1803 2053 1833 Π.

1231 1848 1314 1884 [vss.
1341 1845 1356 1874 1
1371 1847 1452 1885 sq.:]
1478 1844 1542 1875 Sed
1568 1851 1600 1876 et
1623 1846 1650 1875 si
1675 1846 1747 1886 quis
1770 1845 1972 1885 peccaverit,
1994 1845 2052 1876 ad-

1230 1893 1384 1918 vocatum
1423 1886 1582 1918 habemus
1623 1888 1711 1928 apud
1750 1892 1899 1928 patrem,
1943 1887 2053 1918 Iesum

1230 1929 1406 1967 Christum,
1431 1934 1462 1959 et
1485 1930 1556 1969 ipse
1578 1935 1630 1960 est
1651 1930 1836 1970 propitiatio
1855 1939 1915 1969 pro
1934 1939 2052 1970 pecca-

1229 1973 1270 2002 tis
1294 1972 1416 2002 nostris
1441 1977 1502 2002 etc.
1527 1977 1558 2002 et
1581 1971 1618 2001 11.
1632 1971 1778 2003 Corinth.
1792 1971 1830 2001 11.
1845 1972 2050 2010 [vss.5—8.]

1230 2013 1352 2045 Paulus
1377 2014 1477 2053 recipi
1501 2014 1590 2045 iubet
1613 2014 1782 2044 incestum.
1827 2013 1886 2046 Est
1910 2020 1942 2045 et
1963 2015 2051 2054 apud

1230 2056 1512 2098 Chrysostomum,
1558 2062 1591 2086 et
1635 2057 1753 2087 citatur
1792 2066 1834 2087 ex
1873 2056 2050 2087 Cle'mente

1229 2098 1453 2130 Alexandrino
1478 2097 1630 2129 Iohannis
1654 2097 1809 2139 Apostoli
1830 2097 1971 2136 factum,
1996 2099 2051 2140 qui

1228 2143 1379 2172 iuvenem
1402 2141 1564 2181 quendam
1588 2141 1792 2172 desertorem
1817 2141 1859 2172 ad
1881 2142 2050 2182 poeniten-

1227 2185 1303 2215 tiam
1327 2184 1500 2215 revocarit.
1935 2184 1938 2188 ’

1270 2251 1312 2282 Et
1336 2252 1410 2292 quia
1432 2251 1663 2291 poenitentiam
1685 2252 1794 2292 partiti
1817 2257 1894 2282 sunt
1915 2251 1948 2281 in
1973 2261 2049 2282 con-

1227 2295 1401 2331 tritionem,
1425 2292 1689 2332 Confessionem,
1712 2299 1745 2324 et
1764 2292 2047 2325 Satisfactionem.'

1227 2337 1341 2377 paucis
1376 2334 1558 2367 referemus
1593 2337 1633 2367 de
1666 2336 1718 2366 his
1745 2342 1894 2367 nostram
1917 2341 2048 2367 senten-

1227 2380 1314 2410 tiam.
1344 2378 1397 2410 De
1420 2379 1615 2409 contritione
1638 2379 1719 2410 satis
1743 2379 1863 2409 dictum
1886 2384 1947 2416 est,
1963 2388 2050 2419 quae

1227 2423 1255 2452 si
1279 2431 1358 2452 vera
1383 2427 1450 2458 est,
1485 2421 1690 2451 mortificatio
1718 2421 1891 2451 vetustatis
1915 2427 2050 2452 nostrae

1227 2470 1288 2501 est,
1312 2474 1408 2504 quam
1430 2464 1476 2493 ita
1498 2470 1593 2494 vocat
1614 2464 1786 2503 scriptura,
1806 2462 1899 2493 dolor
1918 2464 2049 2493 omnino

2130 1598 2144 1618 5

2124 1855 2151 1875 10

2123 2066 2149 2085 15

2116 2346 2148 2365 20

1226 2507 1340 2544 maior,
1364 2512 1367 2516 “
1391 2516 1487 2546 quam
1521 2515 1618 2546 quem
1650 2506 1756 2546 possit
1789 2504 1844 2535 vel
1876 2506 2050 2536 aestimare
2072 2514 2127 2543 ¹28.
2146 2514 2169 2538 b.

1227 2548 1365 2579 hominis
1391 2549 1483 2578 ratio.
1518 2547 1656 2579 Tantum
1680 2548 1773 2578 abest
1798 2554 1830 2578 ut
1854 2548 1925 2578 sine
1949 2557 2051 2587 opera
