2358 2933
248 115 312 144 659

250 214 315 236 est.
346 213 376 235 et
400 207 441 235 ab
466 204 528 234 boc
551 213 662 234 errore
685 210 810 233 mentes
834 203 1048 233 abdueendae
1071 210 1164 239 sunt,
1188 209 1217 234 et
1238 225 1239 241 2

250 248 430 278 docendae.
453 257 551 287 agere
569 245 690 285 aliquid
709 244 845 274 liberum
863 245 1040 274 arbitrium.
1076 244 1218 282 Pharao,

250 289 341 320 Saul.
366 300 431 319 nou
455 289 579 319 coacti,
603 288 661 317 sed
685 286 833 317 volentes
857 293 887 317 et
911 285 1014 317 libere
1036 293 1218 327 repugnant
1239 296 1240 306 ¹

251 331 334 363 Deo.
359 333 452 361 toties
473 338 535 360 tam
555 329 691 360 illustria
710 330 893 359 testimonia
914 338 994 359 suae
1012 330 1219 369 praesentiae
1239 326 1241 364 1

251 373 444 403 ostendenti.
1240 368 1241 373 ¹

339 416 404 445 Nec
443 414 628 444 admittendi
669 420 741 443 sunt
778 412 1043 443 Manichaeorum
1078 411 1217 449 furores,

251 458 301 497 qui
327 457 447 497 tingunt
471 456 611 496 aliquem
634 466 708 486 esse
733 466 897 486 numerum
921 455 1100 485 hominum.
1135 465 1218 495 quos

251 507 368 529 vocant
394 499 506 533 ὑλικωῖς
529 501 578 528 καὶ
601 498 726 537 χοϊκοῦς.
751 499 803 538 qui
827 499 973 527 com‘erti
998 507 1061 527 11011
1081 498 1217 537 possint.
1239 532 1241 539 Ι

251 542 320 571 'Nec
352 541 381 570 tit
415 542 587 571 conversio
618 542 648 571 iu
672 540 814 571 Davide.
849 546 879 570 ut
910 541 936 569 si
961 538 1044 580 lapis
1068 540 1098 569 in
1124 540 1242 576 ficum!

251 590 447 613 verteretur:
483 584 542 613 sed
570 584 636 623 agit
673 581 794 623 aliquid
826 582 960 612 liberum
989 583 1157 612 arbitrium
1187 583 1218 612 iu

252 625 394 656 Davide.
431 636 503 656 cum
531 626 650 656 audivit
681 626 942 666 obiurgationem
972 631 1002 654 ct
1032 625 1241 664 promissio-¹

252 678 335 704 nem,
359 667 474 698 voleus
497 669 560 698 iam
585 676 614 697 ct
640 667 741 697 libere
758 666 876 697 fatetur
894 665 1058 697 delictum.
1093 666 1131 697 Et
1152 667 1217 707 agit

250 709 372 750 aliquid
396 711 466 740 eius
492 709 662 741 voluntas,
692 721 763 740 cum
787 720 824 739 se
848 715 1009 739 sustentat
1034 708 1096 739 hac
1119 719 1218 739 voce:

250 752 408 782 Dominus
432 751 560 782 abstulit
587 759 757 792 peccatum
780 759 878 782 tuum.
913 751 1060 791 Cuinquc.
1084 757 1220 781 conatur

250 804 287 824 se
300 794 361 824 hac
373 804 456 824 voce
467 801 664 829 sustentat-c,
677 795 740 824 iam
754 795 948 824 adiuvatura
959 794 1080 832 Spiritu
1092 799 1217 830 sancto,

252 838 336 867 iuxta
353 835 430 866 illud
440 836 531 867 Pauli
542 840 548 874 l
558 836 648 867 Rom.
662 837 688 866 l.
699 837 747 866 16.
758 839 779 875 z]
794 834 1004 876 Evangelium
1013 842 1060 865 est
1074 836 1219 876 potentia

251 879 311 909 Dei
329 879 371 908 ad
389 877 524 909 salutem
546 889 609 909 non
630 879 841 919 repugnanti,
859 879 891 908 id
908 885 975 915 est,
993 888 1058 907 non
1078 884 1219 908 contem—

251 922 337 951 nenti
350 922 612 961 promissionem,
624 922 681 951 sed
695 922 883 952 assentienti
900 927 928 950 et
944 920 1100 950 credenti.
1125 920 1219 950 Item:

253 962 463 1003 Evangelium
488 970 536 993 est
562 964 771 994 ministerium
784 964 934 1003 Spiritus.
969 963 1061 993 Item:
1086 962 1128 992 Ut
1146 973 1219 1002 pro-

251 1006 435 1036 missionem
459 1007 599 1045 Spiritus
622 1007 820 1046 accipiamus
843 1016 901 1046 per
925 1005 1026 1035 fidem.

336 1048 371 1078 Si
400 1054 522 1078 tantum
551 1049 753 1089 expectanda
785 1054 872 1078 esset
897 1047 950 1078 illa
975 1046 1093 1077 infusio
1118 1045 1219 1087 quali-

251 1098 350 1121 tatum
375 1091 446 1120 siue
473 1089 539 1120 ulla
564 1098 677 1122 nostra
707 1091 853 1127 actione,
881 1092 965 1121 sicut
988 1089 1219 1119 Enthusiastae

252 1140 281 1162 et
302 1132 481 1163 Manichaei
505 1133 677 1169 finxerunt,
700 1132 779 1164 nihil
803 1143 886 1173 opus
905 1139 993 1163 esset
1009 1134 1052 1164 2²⁹)
1076 1132 1219 1161 ministe-

252 1176 299 1206 rio
322 1173 542 1215 Evangelico,
570 1175 661 1206 nulla
689 1177 783 1206 etiam
811 1175 897 1206 lucta
928 1176 959 1206 in
982 1175 1096 1205 animis
1120 1180 1219 1204 esset.
1241 1166 1244 1230 1

253 1218 318 1248 Sed
347 1218 479 1248 instituit
505 1217 595 1249 Deus
622 1219 849 1249 ministerium.
878 1223 913 1248 ut
943 1228 1007 1248 vox
1031 1217 1220 1256 accipiatur,

881 110 988 140 PHlL.
1013 109 1113 141 MEL.
1137 110 1320 142 SCRIPTA
1344 111 1615 143 DOGMA'HCA.

253 1268 286 1290 ut
315 1260 565 1300 promissionem
596 1271 686 1291 mens
717 1261 835 1301 cogitet
865 1266 895 1290 et
925 1258 1156 1300 amplectatur,
1190 1265 1219 1288 et

254 1303 327 1332 dum
347 1312 568 1344 repugnamus
588 1302 796 1340 diffidentiae,
815 1303 954 1342 Spiritus
974 1308 1108 1332 sanctus
1126 1301 1220 1331 simul

253 1346 283 1374 in
308 1345 401 1374 nobis
426 1346 464 1375 sit
490 1343 616 1375 efficax.

337 1387 392 1418 Sic
416 1388 511 1427 igitur
534 1386 609 1418 illis.
633 1389 684 1428 qui
706 1388 921 1418 cessationem
942 1397 1034 1417 suam
1052 1391 1222 1422 excusant,

253 1430 325 1470 quia
350 1436 458 1468 putant
486 1428 560 1459 nihil
585 1441 684 1471 agere
708 1430 845 1460 liberum
875 1430 1059 1466 arbitrium,
1090 1438 1223 1467 respon-

253 1474 328 1502 deo:
354 1471 418 1501 lmo
442 1472 626 1502 mandatum
646 1472 707 1503 Dei
731 1479 898 1503 aeternum
922 1477 951 1501 et
975 1472 1140 1501 immotum
1163 1476 1223 1505 est,
1245 1471 1248 1491 ἴ

252 1521 285 1544 ut
321 1514 452 1545 voci²⁹t
487 1514 658 1556 Evangelii
693 1516 917 1555 obtemperes,
950 1519 985 1544 ut
1018 1512 1132 1543 Filium
1162 1507 1247 1549 Dei}

251 1557 375 1593 audias,
398 1563 431 1588 ut
457 1567 622 1597 agnoscas
645 1557 870 1587 Mediatorem.
906 1556 1011 1591 Quam
1035 1562 1117 1585 tetra
1148 1560 1222 1585 sunt
1245 1560 1247 1589 ζ

252 1599 332 1629 haec.
357 1606 511 1640 peccata,
547 1598 635 1629 nolle
663 1600 813 1640 aspicere
843 1600 998 1630 donatum
1027 1598 1138 1639 generi
1167 1597 1247 1646 1111-1

251 1653 345 1672 mano
375 1641 588 1672 Mediatorem
618 1641 733 1672 Filium
755 1642 840 1673 Dei?
885 1642 958 1672 Non
987 1651 1141 1681 possum,
1178 1641 1247 1670 in-‹

252 1685 353 1724 quies.
401 1683 466 1714 lmo
497 1684 605 1724 aliquo
640 1686 737 1715 modo
767 1691 878 1724 potes,
913 1689 943 1714 et
977 1694 1050 1714 cum
1081 1689 1113 1713 te
1140 1693 1223 1714 voce

252 1726 419 1767 Evangelii
449 1733 632 1763 sostenium,
667 1728 813 1757 adiuvari
844 1734 875 1757 te
901 1737 919 1756 a
944 1726 1016 1756 Deo
1040 1727 1158 1766 petito,
1192 1731 1222 1755 et

251 1770 333 1799 scito
353 1770 504 1808 Spiritum
529 1775 677 1800 sanctum
701 1768 869 1799 efficacem
893 1779 969 1800 esse
993 1769 1024 1798 in
1044 1778 1083 1799 ea
1106 1778 1223 1798 conso·
1244 1764 1247 1805 Ι

251 1811 379 1842 latione.
437 1812 527 1842 Scito
567 1810 654 1842 velle
686 1811 790 1842 Deum
825 1812 889 1842 hoc
923 1811 994 1850 ipso
1030 1811 1126 1841 modo
1161 1816 1247 1840 nos*

253 1861 459 1890 convertere,
491 1864 562 1884 cum
588 1855 802 1895 promissione
827 1855 957 1884 excitati
981 1853 1143 1884 luctamur
1166 1862 1223 1882 no·
1244 1867 1247 1899 J

253 1898 393 1927 hiscum.
429 1897 618 1927 invocamus
643 1903 675 1926 et
698 1906 918 1937 repugnamus
943 1896 1143 1927 diffidentiae
1166 1905 1223 1925 no-
1244 1904 1246 1934 3

253 1946 338 1969 strae
364 1946 391 1969 et
417 1938 488 1969 aliis
515 1940 639 1969 vitiosis
663 1939 842 1970 affectibus.
1244 1936 1247 1972 1

337 1981 410 2011 ldeo
443 1988 570 2011 ieteres
601 1981 699 2022 aliqui
724 1982 771 2011 sic
795 1982 960 2011 dixerunt:
996 1980 1150 2011 Liberum
1174 1991 1223 2010 ar·
1244 1977 1246 2015 1

253 2025 377 2054 biti-ium
403 2024 432 2054 'm
456 2023 586 2054 homine
608 2023 799 2054 facultatem
820 2034 896 2054 esse
914 2022 1099 2063 applicandi
1123 2032 1159 2053 se
1182 2023 1223 2053 ad
1244 2018 1247 2055 1

253 2067 400 2106 gratiam,
422 2067 454 2096 id
477 2073 538 2104 est,
562 2067 649 2097 audit
674 2067 925 2107 promissionem
950 2072 979 2096 et
999 2065 1149 2095 assentiri
1170 2076 1223 2096 co·

251 2116 344 2138 natur
368 2115 396 2137 ct
421 2110 529 2139 abiicit
553 2116 691 2149 peccata
718 2115 833 2138 contra
853 2109 1098 2139 conscientiam.
1132 2106 1223 2138 Talia

252 2162 314 2180 non
345 2152 420 2180 liunt
453 2152 481 2181 in
506 2150 666 2182 Diabolis.
713 2151 896 2181 Discrimeu
921 2152 1018 2192 igitur
1041 2151 1124 2180 iuter
1146 2149 1222 2180 'Dia-
1244 2155 1245 2179 1

252 2193 346 2222 bolos
365 2200 395 2222 et
415 2204 519 2231 genus
541 2193 714 2224 humanum
737 2193 972 2224 consideretur.
1005 2193 1096 2223 fient
1115 2198 1222 2222 autem
1244 2227 1246 2231 ,

251 2235 331 2265 haec
357 2234 530 2265 illustriora
551 2237 757 2266 (admittet-ata
785 2236 1012 2275 promissione.
1049 2234 1130 2265 Cum
1148 2245 1222 2274 pro·
1244 2243 1245 2249 ¹

251 2278 362 2307 missio
387 2278 427 2307 sit
452 2277 655 2315 universalis,
681 2290 740 2309 nec
764 2279 827 2308 sint
853 2279 882 2308 iu
906 2277 979 2308 Deo
1004 2277 1223 2307 contradicto-

252 2321 317 2349 riae
341 2318 543 2357 voluntates,
574 2330 711 2350 necesse
741 2327 791 2351 est
815 2321 846 2350 in
866 2321 960 2350 nobis
985 2330 1058 2350 esse
1082 2319 1223 2359 aliquam
1245 2326 1247 2332 '

251 2362 444 2391 ἀίει-1111111115
475 2372 641 2392 caussam.
679 2375 735 2393 cur
771 2361 851 2392 Saul
885 2363 1073 2398 abiiciamr,
1115 2361 1223 2392 David

250 2492 293 2514 ’211
315 2491 394 2520 esset]
415 2490 485 2514 Editt.
507 2490 545 2511 ⁴22,
567 2491 613 2514 24..
634 2492 692 2520 opp.
715 2492 734 2515 1.
756 2498 813 2515 esse

250 2542 280 2563 τε,
314 2545 376 2570 aot-i}
396 2541 464 2565 Editt.
485 2540 522 2562 22⁴
546 2541 584 2563 24.
607 2542 654 2564 28..
674 2542 732 2570 opp.
758 2543 776 2565 1.
796 2548 854 2565 voce

2169 116 2232 147 660

1262 206 1451 244 recipiatur,
1482 206 1513 235 id
1537 212 1605 242 est,
1636 215 1774 236 necesse
1797 213 1847 237 est
1871 207 2013 248 aliquam
2037 217 2112 239 esse
2130 211 2231 240 actio-

1261 257 1334 277 nem
1348 245 1536 277 dissimilem
1553 248 1583 277 in
1598 247 1647 278 his
1660 248 1799 279 duobus.
1834 248 1924 280 Haec
1939 250 2052 280 dextre
2065 250 2231 283 intellecta

1262 298 1340 319 vera
1364 295 1449 326 sunt.
1474 296 1504 319 et
1528 299 1608 319 usus
1631 291 1662 319 in
1680 290 1840 320 exercitiis
1859 291 1932 321 tidei
1949 298 1979 322 et
1998 293 2031 323 in
2054 302 2133 323 vera
2155 303 2231 323 con·

1262 330 1441 369 solatione,
1477 342 1548 362 cum
1579 333 1791 372 acquiescunt
1821 333 1917 363 animi
1947 335 2038 374 in⁸⁰)
2074 333 2140 365 tilio
2171 334 2230 365 Dei

1262 380 1443 404 monstrato
1471 375 1502 403 iu
1526 374 1760 413 promissione,
1794 373 1965 406 illustrabit
1990 375 2075 406 hanc
2099 375 2231 417 copula-

1261 416 1380 445 tionem
1410 426 1619 447 caussarum.
1653 417 1744 446 verbi
1775 415 1854 453 Dei,
1894 416 2037 457 Spiritus
2066 420 2171 449 sancti
2201 425 2232 449 et

1263 456 1450 488 voluntatis.
1466 460 1512 497 Ἦ)

1348 499 1523 530 Praeterea
1557 501 1584 530 si
1620 500 1660 530 de
1694 505 1760 530 tota
1796 501 1862 531 vita
1895 502 2019 541 piorum
2048 501 2231 543 loquamur,

1263 543 1323 572 etsi
1348 547 1398 572 est
1420 543 1536 582 iugens
1559 540 1781 580 imbecillitas,
1806 549 1911 573 tamen
1931 542 2039 584 aliqua
2063 549 2115 575 est
2136 543 2233 575 liber-

1261 591 1312 614 tas
1339 583 1534 621 voluntatis,
1569 594 1642 614 eum
1671 585 1799 624 quidem
1826 586 1888 615 iam
1917 596 1935 615 a
1965 587 2087 626 Spiritu
2118 592 2233 617 sancto

1263 627 1433 657 adiuvetur
1463 633 1491 656 et
1522 636 1622 667 agere
1647 625 1767 666 aliquid
1790 628 1822 657 in
1846 629 1986 658 externis
2010 627 2157 668 lapsibus
2181 638 2234 659 ca-

1264 669 1377 699 vendis
1418 669 1534 708 possit.
1593 668 1674 698 Cum
1710 668 1826 709 loseph
1868 670 2037 699 resisteret
2071 669 2235 701 illecebris

1263 710 1442 747 adulterae,
1467 711 1705 740 concurrebant
1728 710 1789 741 hae
1813 721 1970 742 caussae:
2002 712 2146 743 Verbum
2169 712 2234 743 Dei

1264 759 1295 783 et
1315 753 1454 793 Spiritus
1479 759 1612 783 sanctus
1634 763 1771 783 movens
1794 760 1943 791 mentem,
1966 760 1998 785 ut
2024 756 2159 785 verbum
2183 764 2236 784 ar-

1264 796 1391 825 dentius
1415 795 1590 836 cogitaret:
1615 794 1707 824 Meus
1732 796 1899 835 cogitans,
1923 802 2045 836 quanta
2069 797 2161 827 ruina
2184 806 2236 827 se-

1265 843 1377 868 cutura
1412 843 1517 874 esset,
1555 837 1582 867 si
1618 836 1758 867 Diabolo
1793 838 2049 877 obtemperaret,
2083 837 2233 869 videlicet

1265 880 1398 910 amissio
1422 880 1597 916 donorum,
1632 884 1764 909 aeterna
1788 880 1833 909 ira
1857 879 1938 916 Dei,
1969 890 2095 920 poenae
2116 881 2149 910 in
2174 880 2236 911 hac

1263 923 1330 953 vita
1363 928 1394 951 et
1428 920 1554 958 futura,
1592 926 1762 961 praeterea
1798 921 1886 952 multi
1921 921 2036 962 lapsus
2071 928 2102 952 et
2133 921 2234 953 multa

1265 963 1433 995 seandala.
1478 964 1536 994 His
1561 964 1816 1005 cogitationibus
1839 970 1927 995 mota
1950 963 2102 994 voluntas
2122 974 2237 995 assen-

1264 1008 1416 1044 tiebatur,
1450 1012 1481 1036 et
1515 1006 1731 1036 confirmabat
1765 1016 1835 1036 eam
1860 1003 2067 1048 languentem
2097 1006 2238 1047 Spiritus

1265 1055 1416 1085 sauctus,
1447 1055 1478 1079 et
1507 1048 1655 1079 flammas
1682 1048 1714 1078 iu
1746 1049 1845 1079 corde
1869 1049 2074 1089 reprimebat,
2098 1055 2128 1078 et
2152 1049 2237 1079 exci-

1265 1093 1354 1122 tabat
1374 1092 1520 1121 timorem
1544 1090 1606 1121 Dei
1629 1096 1660 1121 et
1683 1090 1797 1127 fidem,
1832 1101 1915 1131 quae
1933 1093 1976 1125 81)
2006 1091 2236 1131 acquiescebat

1265 1135 1296 1164 in
1319 1134 1411 1171 Deo,
1445 1134 1555 1164 adibat
1588 1131 1733 1173 pericula
1762 1138 1792 1163 et
1815 1135 1946 1173 petebat
1969 1134 2238 1174 gubernationem

1266 1182 1296 1207 et
1331 1177 1436 1207 exitus
1471 1178 1587 1206 bonos.
1633 1175 1693 1205 Hic
1727 1174 1880 1206 voluntas
1915 1185 1978 1205 nou
2014 1181 2083 1206 erat
2119 1175 2238 1211 otiosa,

1267 1219 1327 1249 sed
1349 1219 1552 1259 repugnabat
1576 1219 1649 1258 ipsa
1672 1216 1853 1254 illecebris,
1884 1224 1915 1247 et
1938 1218 2113 1248 mandabat
2136 1216 2240 1248 oculis

1243 1267 1297 1300 2et
1328 1261 1482 1301 pedibus,
1527 1267 1561 1291 ut
1600 1261 1737 1291 vitarent
1773 1262 1980 1290 occasionem
2001 1262 2045 1293 32)
2078 1258 2239 1299 lapsuum.

1244 1303 1356 1334 ,Haec
1391 1302 1540 1343 exempla
1573 1302 1741 1333 declarant
1779 1312 1918 1332 caussas
1950 1303 2107 1333 bonarum
2141 1303 2240 1332 actio-

1267 1357 1354 1376 num.

1353 1388 1429 1417 Ideo
1454 1394 1561 1417 autem
1584 1387 1668 1417 haec
1687 1387 1791 1417 omnia
1806 1387 1891 1416 dicta
1905 1392 1990 1423 sunt,
2006 1392 2041 1417 ut
2054 1386 2109 1417 fiat
2122 1392 2241 1417 utrum-

1269 1440 1331 1471 que
1360 1428 1529 1466 videlicet,
1559 1430 1701 1469 Spiritus
1725 1430 1831 1459 sancti
1853 1427 2006 1459 auxilium
2030 1427 2242 1468 amplificetm·

1269 1478 1299 1503 et
1328 1478 1465 1503 acuatur
1492 1478 1607 1502 nostra
1635 1470 1820 1511 diligentia,
1856 1471 1938 1502 sicut
1964 1470 2117 1502 Christus
2139 1472 2241 1512 inquit

1270 1514 1364 1553 [Luc.
1393 1514 1441 1550 ll,
1466 1514 1548 1553 13.]:
1573 1514 1671 1544 Dabit
1696 1514 1851 1554 Spiritum
1875 1519 2024 1544 sanctum
2046 1514 2243 1553 petentibus,

1269 1567 1334 1587 non
1358 1557 1402 1587 ait
1424 1557 1688 1597 aspernantibus,
1713 1556 1838 1594 otiosis,
1858 1556 2129 1597 repugnantibus,
2152 1561 2242 1596 petu-

1268 1599 1375 1630 lanter
1408 1599 1577 1629 ruentibus
1618 1609 1657 1629 eff<
1691 1598 1763 1629 aliis
1799 1597 1983 1628 sceleribus
2012 1599 2042 1628 111
2072 1596 2159 1636 aliaJ
2202 1597 2243 1628 Et

1268 1642 1332 1672 alio
1356 1641 1431 1672 loco
1452 1641 1553 1682 inquit
1578 1641 1706 1679 [Matth.
1731 1641 1783 1673 25,
1806 1641 1891 1678 294:
1938 1640 2077 1670 Habenti
2101 1641 2241 1677 dabitur,

1269 1691 1300 1715 et
1328 1695 1347 1714 a
1376 1694 1441 1714 non
1465 1684 1606 1714 habente
1631 1684 1725 1714 etiam
1749 1684 1798 1720 id,
1822 1683 1909 1724 quod
1931 1681 2046 1720 habet,
2065 1682 2241 1713 auferetur.

1269 1726 1309 1756 Et
1332 1725 1454 1757 Paulus
1484 1727 1572 1756 iubet.
1601 1736 1739 1761 carere,
1774 1735 1814 1756 ne
1845 1724 1967 1756 frustra
1990 1726 2127 1766 gratiam
2150 1734 2244 1755 acce-

1268 1779 1422 1809 perimus.

1354 1811 1462 1851 Saepe
1492 1810 1692 1851 multumque
1724 1817 1853 1850 repetas
1877 1811 1983 1840 auimo
2007 1810 2126 1840 dictum
2151 1808 2243 1839 Chri-

1268 1854 1326 1883 sti:
1352 1853 1451 1884 Dabit
1475 1853 1631 1894 Spiritum
1654 1859 1803 1883 sanctum
1826 1853 2031 1893 petentibuS,
2055 1857 2086 1882 et
2109 1850 2243 1892 diligen-

1269 1902 1318 1925 ter
1352 1896 1471 1937 cogita,
1506 1901 1660 1936 quantum
1695 1905 1811 1925 munus
1846 1894 2025 1935 promittat,
2059 1900 2089 1924 et
2115 1894 2243 1934 quoties

1270 1949 1364 1979 quam
1399 1939 1551 1968 ardenter
1580 1937 1711 1968 iusserit
1731 1944 1850 1976 petere.
1901 1937 2016 1973 Petite,
2041 1937 2141 1977 inquit
2161 1935 2242 1975 [loh.

1271 1981 1321 2018 lss,
1345 1981 1424 2020 ⁶243,
1449 1986 1479 2011 et
1502 1980 1679 2020 accipietis.
1725 1979 1795 2010 lloc
1829 1981 1855 2010 si
1885 1978 2061 2016 faciemuS,
2083 1977 2244 2019 proficere

1270 2033 1331 2053 nos
1361 2023 1575 2063 experiemur.
1621 2022 1830 2052 Accendetur
1861 2022 1944 2052 enim
1969 2021 2051 2051 fides
2075 2022 2115 2051 ad
2134 2026 2244 2061 peten-

1272 2067 1363 2102 dum,
1401 2071 1432 2095 et
1461 2065 1756 2095 animadvertemus
1787 2074 1846 2094 nos
1877 2070 2011 2104 propter
2034 2062 2244 2094 diffidentiam

1269 2106 1487 2149 negligentius
1510 2113 1633 2147 petere.
1679 2105 1868 2137 Diffidentia
1891 2112 1998 2138 autem
2028 2104 2142 2143 alitur,
2170 2105 2244 2146 quia

1269 2150 1465 2191 negligimus
1505 2149 1735 2190 cogitationem
1770 2149 1864 2179 huius
1894 2149 2060 2190 praecepti
2091 2154 2122 2179 et.
2147 2146 2244 2178 huius

1270 2192 1496 2233 promissionis
1521 2191 1654 2222 Christi.

1357 2236 1492 2268 Qum-10.
1513 2233 1762 2264 Consideranda
1782 2241 1830 2264 est
1847 2241 1876 2264 et
1899 2232 2031 2274 querela
2047 2233 2088 2263 de
2107 2233 2244 2262 obiectis

1270 2284 1299 2308 et
1314 2277 1524 2307 successibus
1539 2283 1631 2307 extra
1645 2287 1722 2311 nos;
1748 2275 1834 2306 aliud
1847 2283 1897 2307 est
1917 2277 2000 2306 enim
2013 2276 2052 2306 de
2063 2274 2127 2306 illis
2145 2273 2244 2315 loqui,

1269 2319 1356 2350 aliud
1379 2317 1467 2359 loqui
1493 2319 1533 2348 de
1558 2318 1718 2349 electione
1741 2317 1920 2349 voluntatis
1941 2319 1971 2348 in
1992 2329 2038 2354 re,
2058 2327 2155 2358 quam
2171 2326 2244 2357 pro·

1246 2468 1247 2471 Ἴ
1268 2438 1314 2469 30)
1335 2440 1358 2463 111
1378 2439 1511 2463 omittunt
1529 2439 1601 2463 Editt.
1622 2439 1661 2462 22.
1683 2439 1722 2461 24.

1244 2473 1247 2494 ’Δ
1269 2489 1314 2519 31)
1335 2489 1410 2520 quae]
1432 2489 1473 2514 Ed.
1493 2490 1515 2514 8.
1534 2491 1582 2519 typ.
1605 2495 1707 2514 errore:
1727 2490 1768 2519 qui

1269 2540 1314 2570 32)
1335 2540 1504 2570 occasionem]
1524 2540 1595 2564 Editt.
1616 2540 1640 2562 2.
1662 2540 1752 2562 ·1-17.
1777 2539 1811 2564 19.
1832 2541 1976 2564 occasiones
