2358 2933
219 104 276 133 791
844 101 953 131 Ρ1111,.
978 100 1079 130 MEL.
1105 99 1289 130 SCRIPTA
1312 98 1587 130 DOGMATICA.
2142 101 2204 132 792

562 244 860 273 Duodecimum.

305 323 410 352 lat-ob.
437 322 466 349 ·.'.
492 324 556 356 {xs-
580 320 646 355 2⁴.1
689 318 790 348 Vides
820 319 916 359 igitur
940 319 1027 358 quod
1052 328 1091 348 ex
1115 326 1191 357 ope-

219 366 307 394 ribns
333 362 523 393 institit-atur
548 361 656 391 lnunn.
681 371 744 390 non
765 363 803 393 ¹¹)
829 371 868 389 ex
893 360 955 390 tide
979 359 1095 390 solum.

306 405 501 444 lii—‚spondeo
524 404 594 433 sin«¹
618 402 683 432 ulla
708 402 910 441 sophistica:
937 402 1071 432 Constat
1098 401 1193 431 tidem

220 451 248 478 in
295 458 333 477 en
370 447 443 476 loco
480 446 588 475 lai-obi
624 446 811 485 significare
847 445 992 474 notitiam
1026 443 1192 478 historiae,

220 489 323 530 qualis
345 496 391 518 cst
418 496 445 518 et
468 490 507 526 12)
534 489 563 516 in
589 488 772 517 damnatis:
804 487 853 515 Ait
880 488 979 516 enim:
1006 486 1193 516 Daemones

221 533 353 561 credunt
381 538 408 559 ct
436 530 699 559 contremiscunt.
746 528 924 558 Fatendum
948 535 996 558 cst
1021 535 1139 563 antem,
1163 534 1191 556 et

222 573 310 603 clarc
335 573 483 603 sanemur.
519 572 680 601 hominem
704 581 768 600 non
794 582 871 600 esse
895 571 1011 600 iustum
1036 568 1088 599 illa
1113 570 1194 599 noti-

221 618 272 646 tia.
298 616 361 644 >wi
384 614 503 644 l'aulns
529 625 601 643 cnm
626 612 767 653 loquitur
786 614 825 642 dc
851 613 923 649 tide,
947 611 1093 652 intelligit
1115 612 1194 641 111111-

222 660 302 688 ι·111111
329 657 582 687 misericordiae.
609 666 691 695 quac
715 656 826 685 nititur
849 654 1042 691 Mediatore,
1066 661 1095 684 et
1120 664 1194 693 pro-

221 709 290 739 pter
325 711 397 729 enm
421 700 535 737 act-ipit
568 696 876 727 reconciliationem.
923 697 1032 730 Quare
1056 706 1195 726 necesse

221 750 268 773 cst
301 742 387 771 alind
412 740 546 781 intelligi
577 741 671 769 11118111
695 740 780 779 apud
806 738 960 774 Paulum,
995 750 1068 769 cnm
1092 739 1191 777 inquit

222 784 327 821 {Ronn
357 785 403 819 lo.
433 784 507 819 104:
533 782 641 812 (orde
666 783 807 811 creditur
832 782 872 811 ad
897 782 1071 810 iustitiam:
1096 779 1193 809 Aliud

220 828 306 866 apud
333 826 484 855 iacobum
519 826 677 854 dicentem
708 824 758 859 12.
785 823 863 859 194:
911 823 1100 852 Daemones
1124 832 1194 851 cre-

221 870 309 898 dunt.
356 869 427 897 Non
454 868 550 906 igitur
574 872 693 906 pugnat
720 865 858 895 lacobus
884 876 956 895 cum
982 864 1102 899 Paulo,
1135 864 1194 894 sed

220 911 260 940 de
285 910 347 939 alia
373 920 406 939 re
429 908 581 949 loquitur,
607 908 722 937 refutat
748 917 892 937 errorem
916 917 1040 943 eorum,
1060 907 1114 946 qui
1137 906 1194 935 fin-

221 954 338 993 gebant
365 964 402 981 se
426 953 531 981 iustos
555 961 631 980 esse
655 957 789 989 propter
808 948 1048 989 professionem
1061 950 1194 988 dogma-

220 1002 298 1026 tum.
323 1001 353 1024 ut
378 993 459 1024 haec
483 994 590 1032 opinio
615 991 711 1023 fai-ile
727 992 1194 1031 capitimperitommanimos.

221 1037 275 1067 Sic
299 1044 328 1066 et
356 1036 462 1066 ludaei
488 1035 651 1075 tingebant
676 1046 713 1064 se
737 1044 812 1063 esse
835 1034 940 1064 iustos
965 1039 1099 1073 propter
1121 1042 1195 1071 pro·
1215 1059 1217 1074 Α,

221 1078 397 1109 sessionem
422 1088 501 1107 snae
524 1077 694 1107 dot-trinae
718 1083 748 1106 et
773 1077 987 1106 ceremonias.
1034 1075 1127 1105 1111118
1147 1084 1195 1105 er-

222 1131 328 1151 rorem
349 1120 489 1150 refutare
515 1127 654 1150 necesse
680 1126 741 1148 est.

307 1163 376 1192 Nec
409 1168 531 1201 pugnat
562 1161 641 1191 haec
667 1159 816 1190 refutatio
841 1170 913 1191 cum
937 1158 1051 1190 Paulo.
1098 1158 1195 1193 Quod

221 1206 305 1235 enim
329 1205 415 1235 addit
440 1204 589 1234 lacobus.
625 1202 822 1233 iustificatur
844 1202 942 1232 homo
966 1212 1005 1231 ex
1028 1202 1194 1241 operibus,

221 1246 362 1287 loquitur
397 1247 437 1276 de
471 1247 591 1276 iustitia
615 1255 765 1285 operum,
800 1254 896 1284 quam
919 1251 949 1274 et
981 1243 1103 1273 Paulus
1128 1249 1196 1273 tota

221 1300 304 1319 voce
336 1287 477 1319 clamitat
514 1288 735 1318 necessariam
771 1296 862 1321 esse3
899 1287 965 1316 Sed
988 1286 1073 1316 idem
1098 1291 1196 1326 negat

221 1337 354 1371 propter
377 1330 461 1360 hanc
486 1330 555 1360 dari
580 1330 814 1359 remissionem.
861 1328 934 1358 Non
959 1329 1056 1368 igitur
1079 1326 1195 1357 intelli-

222 1380 316 1415 gatur
348 1373 484 1403 verbum
520 1371 686 1402 iustificari
720 1382 779 1410 pro
804 1369 1026 1406 reconciliari,
1060 1370 1130 1403 sed,
1160 1375 1196 1399 ut

221 1415 304 1446 alias
329 1425 429 1455 saepe
453 1415 580 1449 dicitur,
604 1424 663 1453 pro
687 1413 874 1453 approbari.
920 1412 1115 1443 [ustificatur
1138 1411 1196 1441 ho—

221 1468 273 1488 mo
297 1468 336 1487 ex
361 1458 532 1497 operibus.
569 1457 600 1486 ld
624 1462 693 1492 est,
728 1455 853 1485 habens
878 1455 1030 1485 iustitiam
1060 1464 1196 1493 operum

221 1500 432 1539 approbatur.
457 1498 564 1538 placet
589 1497 673 1528 Deo.
720 1498 802 1532 Quia
822 1497 1009 1527 obedientia
1031 1497 1063 1526 in
1083 1506 1196 1525 recon-

222 1541 339 1572 ciliatis
365 1541 553 1571 necessaria
580 1546 645 1577 cst,
671 1546 700 1569 et
726 1540 889 1579 quomodo
913 1538 1060 1578 placeat,
1096 1548 1194 1577 supra

223 1585 342 1614 dictum
367 1590 426 1613 est.
471 1583 511 1612 Et
535 1593 675 1622 persona
699 1592 763 1611 non
784 1587 833 1611 cst
855 1582 953 1618 iusta,
977 1591 1036 1611 seu
1058 1579 1195 1620 placens

222 1636 282 1656 seu
305 1633 452 1665 accepta,
477 1626 503 1655 si
527 1626 609 1655 desit
635 1623 688 1654 illa
713 1625 898 1654 obedientia
918 1630 949 1653 et.
968 1628 1119 1653 maneant
1142 1623 1196 1652 de-

223 1667 298 1698 licta
338 1674 451 1697 contra
494 1668 737 1697 conscientiam.
800 1666 857 1695 Est
898 1676 979 1707 ergo
1020 1665 1194 1701 sententia,

223 1717 373 1750 oportere
407 1709 569 1739 hominem
600 1710 694 1739 etiam
730 1708 852 1738 habere
875 1709 1027 1738 iustitiam
1051 1717 1195 1747 operum,

222 1752 309 1793 quod
333 1752 462 1782 omnino
486 1751 651 1781 fatendum
676 1758 743 1786 est3
784 1750 849 1781 Sed
874 1751 999 1780 interim
1022 1749 1117 1790 plura
1141 1749 1196 1779 do-

223 1795 346 1825 cendus
381 1801 429 1824 est
465 1794 608 1830 auditor,
643 1792 786 1830 scilicet,
822 1794 910 1833 quod
938 1798 1074 1832 propter
1096 1801 1195 1832 opera

222 1848 286 1867 non
309 1837 449 1876 accipiat
472 1836 714 1870 remissionem3
738 1835 816 1865 Item
840 1836 927 1875 quod
945 1833 1108 1874 placeant,
1131 1843 1196 1864 non

223 1879 298 1919 quia
321 1878 401 1919 Legi
425 1878 578 1915 satisfiat,
602 1878 660 1907 sed
683 1883 816 1918 propter
839 1877 1064 1908 Mediatorem.
1108 1876 1196 1906 Haec

223 1921 373 1951 addenda
397 1930 472 1950 esse
496 1919 702 1950 manifestum
726 1926 786 1950 est.

309 1962 419 1997 Quare
452 1963 533 1992 satis
568 1968 719 2002 apparet,
742 1962 895 1992 Iacobum
918 1972 983 1992 non
1008 1962 1048 1991 de
1071 1962 1197 2001 integra

223 2015 342 2037 caussa
377 2005 581 2044 disputasse,
615 2005 674 2034 sed
703 2005 743 2034 de
766 2015 828 2034 una
852 2011 943 2044 parte
967 2003 1197 2034 concionatum

223 2058 314 2078 esse:
350 2046 499 2088 flagitare
533 2047 686 2077 iustitiam
721 2056 855 2086 operum
889 2052 919 2076 et
949 2044 1093 2076 refutare
1127 2055 1196 2081 eOS‚

224 2091 278 2130 qui
309 2089 474 2131 fingebant
499 2100 536 2119 se
558 2090 661 2119 iustos
687 2099 762 2119 esse
786 2094 920 2129 propter
944 2086 1194 2129 professionem.

224 2132 376 2162 Ceterum
408 2132 448 2162 de
483 2130 767 2168 reconciliatione,
804 2136 834 2161 et
868 2132 1032 2171 quomodo
1067 2129 1196 2170 placeat

223 2173 413 2214 imperfecta
436 2174 629 2210 obedientia,
653 2173 707 2204 hic
729 2184 794 2204 non
819 2174 905 2204 dicit.
931 2173 1038 2214 Supra
1049 2172 1196 2213 aliquan-

222 2215 324 2247 tulum
347 2216 485 2257 attingit,
511 2227 583 2256 cap.
609 2216 634 2246 l.
651 2219 712 2252 ivs.
728 2215 792 2253 184
812 2217 978 2256 inquiens:
1002 2214 1127 2246 Volens
1142 2225 1196 2255 ge-

223 2259 290 2289 nuit
313 2269 374 2289 nos
408 2259 508 2288 verbo
529 2259 685 2295 veritati&
708 2264 742 2288 ut
766 2259 866 2289 simus
891 2259 1049 2298 primitiae
1071 2263 1196 2288 creatu-

224 2311 281 2331 rae
304 2301 416 2340 ipsius.

229 2470 270 2499 11)
289 2469 349 2499 non]
369 2469 439 2493 Editt.
465 2470 483 2491 1.
503 2470 528 2493 ³,
544 2473 569 2493 et.
587 2475 635 2493 non

227 2520 270 2549 12)
291 2524 315 2544 et
334 2520 467 2544 omittunt
486 2520 556 2549 Coi-pi
582 2521 649 2542 1-3,

1516 240 1721 271 Decimum
1750 242 1923 272 tertium.

1324 317 1351 346 1.
1375 316 1452 347 Cor.
1480 316 1527 346 13.
1563 320 1625 353 [vs.
1653 317 1694 354 1.]
1730 317 1764 347 Si
1788 316 1924 347 habeam
1948 326 2075 347 omnem
2098 316 2205 354 fidem,

1236 358 1443 389 dilectionem
1466 365 1574 389 autem
1598 369 1662 388 non
1686 358 1834 395 habeam,
1859 357 1936 388 nihil
1959 369 2042 389 sum.

1322 400 1495 440 Expedita.
1520 399 1625 430 facilis
1650 407 1681 431 et
1703 399 1801 440 plana
1824 401 1996 439 responsio
2019 406 2079 430 est.
2111 400 2206 432 'Con-

1238 444 1319 473 cedo
1340 449 1453 473 totum.
1488 441 1585 472 Clare
1601 444 1684 472 enim
1697 440 2075 481 affirmamus,oportere
2085 444 2208 473 adesse

1238 484 1460 519 dilectionenu
1506 485 1570 515 Sed
1595 484 1670 514 hinc
1694 495 1758 515 non
1782 486 1945 525 sequitur,
1972 495 2033 515 nos
2056 486 2208 525 accipere

1239 525 1537 557 reconciliationem
1571 534 1702 566 propter
1731 525 1953 563 dilectionem,
1986 534 2041 558 aut
2064 526 2209 558 dilectio-

1239 579 1312 599 nem
1341 568 1486 607 placere,
1521 570 1594 608 quia
1621 569 1695 609 Legi
1730 568 1921 599 satisfaciat.
1978 569 2044 599 lmo
2080 569 2209 601 dilectio

1239 612 1381 641 existere
1406 622 1469 641 non
1494 617 1610 650 potcst.
1637 612 1696 640 nisi
1721 612 1894 651 praecedat
1920 611 2014 647 fides,
2038 623 2102 652 qua
2124 613 2210 643 acci-

1239 654 1343 693 pimus
1379 654 1601 682 remissionem
1636 660 1664 683 ct
1701 655 1911 693 agnoscimus
1943 655 2210 691 misericordiam,

1239 706 1277 725 ac
1302 696 1475 725 statninms
1501 705 1560 724 nos
1584 696 1682 734 recipi
1706 702 1735 725 et
1760 697 1914 726 exaudiri.
1960 696 2005 726 Ita
2029 696 2211 726 incenditur

1240 736 1383 772 dilectior.
1408 744 1438 766 et
1461 736 1614 766 voluntas
1638 747 1675 767 se
1698 736 1771 767 Deo
1795 738 1934 768 subiicit.
1970 739 2036 769 Sed
2060 737 2141 769 haec
2166 738 2210 768 di-

1240 778 1336 809 lectio
1361 786 1390 808 et
1415 779 1575 809 subiectio
1599 779 1772 809 admodum
1796 786 1845 809 est
1862 779 2034 817 imbecilla,
2060 787 2092 811 et
2102 780 2210 811 adhuc

1240 820 1348 851 multis
1383 822 1537 851 sordibus
1571 822 1747 861 inquinata.
1795 822 1903 855 Quare
1937 821 2025 853 aliud
2058 823 2210 862 quiddam

1240 870 1308 900 est,
1344 862 1495 893 videlicet
1528 864 1721 903 propitiator
1745 862 1912 901 Christus,
1947 870 2082 903 propter
2115 874 2211 905 quem

1239 915 1385 945 persona
1418 906 1527 935 statuit
1562 916 1599 935 se
1634 912 1724 936 certo
1754 906 1876 937 habere
1900 906 2211 943 reconciliationem,

1239 949 1271 977 in
1293 947 1380 977 hunc
1404 948 1544 978 intuetur
1558 949 1612 987 ¹⁴¹¹),
1635 957 1700 977 non
1723 949 1755 978 in
1779 950 1928 988 proprias
1951 948 2136 989 qualitates.
2152 967 2167 974 -·
2208 970 2209 974 ,

1325 989 1448 1019 Verum
1472 996 1521 1020 est
1544 991 1642 1030 igitur
1663 996 1847 1030 utrumque:
1883 992 2046 1031 Oportere
2067 990 2212 1022 dilectioG

1240 1042 1313 1062 nem
1337 1032 1467 1068 adesse,
1492 1038 1524 1062 et
1548 1038 1655 1062 tamen
1678 1042 1854 1072 personam
1876 1032 1999 1063 habere
2021 1032 2212 1064 reconcilia-

1240 1075 1359 1104 tionem
1392 1079 1527 1114 propter
1560 1073 1661 1104 tilium
1685 1074 1758 1104 Dei.
1804 1075 1874 1105 Hac
1904 1075 2054 1115 expedita
2075 1078 2212 1114 respon-

1240 1117 1332 1146 sione
1365 1117 1410 1146 uti
1438 1126 1616 1156 possumus
1640 1118 1770 1147 vitaturi
1794 1116 1962 1157 longiores
1984 1118 2084 1147 rixas.
2127 1116 2212 1147 Nam

1240 1158 1292 1189 hic
1316 1157 1380 1188 alia
1404 1168 1533 1198 quoque
1557 1158 1713 1197 disputari
1737 1158 1858 1195 solent,
1893 1159 1981 1198 quod
2004 1158 2087 1189 fides
2111 1159 2211 1199 signi-

1241 1200 1315 1231 ficet
1345 1201 1466 1231 donum
1490 1199 1629 1230 faciendi
1653 1199 1829 1236 miracula3
1873 1200 1951 1230 Item
1980 1199 2110 1231 dilectio
2135 1199 2212 1230 dile-

1241 1244 1382 1273 ctionem
1421 1243 1570 1281 proximi.
1634 1242 1699 1272 Sed
1734 1242 1794 1272 has
1829 1243 2210 1281 responsionesflomitto',

1241 1295 1313 1315 cum
1336 1283 1393 1314 illa
1414 1286 1506 1325 prior
1528 1285 1571 1314 sit
1592 1285 1697 1324 magis
1721 1285 1904 1324 perspicua.

1522 1377 1725 1408 Decimum
1755 1384 1950 1418 quartum.

1325 1452 1440 1483 Matth.
1479 1453 1528 1483 19.
1554 1456 1615 1489 [vs.
1642 1453 1704 1491 17.]
1739 1453 1773 1484 Si
1807 1455 1857 1484 vis
1890 1455 1921 1483 in
1944 1454 2042 1484 vitam
2070 1453 2209 1495 ingredi,

1241 1505 1337 1526 serva
1360 1495 1526 1531 mandata3
1570 1494 1659 1535 Ergo
1678 1495 1760 1536 Legi
1783 1495 1935 1526 satisfieri
1956 1501 2076 1536 potest,
2100 1501 2131 1526 et
2155 1505 2212 1525 no-

1241 1543 1309 1567 stra
1329 1538 1511 1567 obedientia
1536 1544 1679 1567 meretur
1702 1539 1798 1568 vitam
1821 1544 1997 1568 aeternam.

1327 1579 1542 1619 Respondeo:
1566 1579 1616 1609 Ex
1639 1579 1702 1609 hoc
1726 1581 1812 1610 dicto
1836 1586 2048 1610 extruxerunt
2058 1579 2212 1610 adversa-

1239 1622 1278 1652 rii
1301 1631 1380 1652 suos
1404 1632 1548 1658 errores,
1572 1622 1660 1662 quod
1682 1621 1779 1652 homo
1802 1623 1909 1662 possit
1931 1622 2014 1663 Legi
2033 1621 2095 1651 Dei
2117 1622 2212 1652 satis—

1240 1663 1361 1701 facere,
1395 1670 1425 1694 et
1448 1665 1535 1704 qnod
1560 1665 1763 1694 contumacia
1785 1665 1957 1695 nobiscum
1979 1673 2123 1694 nascens
2146 1673 2212 1694 non

1242 1707 1284 1736 sit
1317 1705 1436 1737 malum
1469 1716 1620 1746 pugnans
1656 1716 1728 1736 cum
1751 1706 1841 1747 Lege
1864 1706 1943 1743 Dei,
1979 1712 2010 1736 et
2039 1711 2213 1745 propterea

1241 1754 1387 1779 nostram
1419 1747 1636 1788 impletionem
1660 1748 1759 1788 Legis
1794 1758 1869 1779 esse
1891 1749 2029 1788 pretium
2051 1749 2138 1778 vitae
2159 1757 2211 1778 ae-

1242 1797 1364 1821 ternae.
1412 1790 1451 1820 Hi
1475 1801 1606 1821 errores
1631 1791 1704 1820 inde
1729 1792 1790 1821 orti
1814 1797 1899 1828 sunt,
1923 1791 2011 1831 quod
2034 1789 2159 1830 Legem
2181 1795 2212 1819 et

1241 1832 1456 1873 Evangelium
1489 1843 1555 1863 non
1589 1834 1828 1864 discernebant.
1879 1833 1948 1863 Lex
1981 1832 2114 1872 requirit
2137 1832 2212 1862 obe·

1243 1876 1395 1905 dientiam
1418 1876 1577 1916 integram
1601 1881 1631 1905 et
1655 1876 1810 1915 promittit
1833 1877 1943 1912 vitam,
1966 1874 2025 1904 sed
2049 1884 2122 1904 cum
2135 1883 2212 1904 con-

1242 1918 1364 1948 ditione
1387 1918 1534 1958 integrae
1558 1918 1779 1954 obedientiae,
1808 1923 1843 1947 ut
1873 1918 2007 1947 dicitur:
2053 1916 2125 1946 Hoc
2147 1914 2212 1953 fac,

1242 1966 1273 1990 et
1293 1960 1397 1990 vives.
1429 1959 1566 1990 Constat
1589 1965 1696 1990 autem
1719 1960 1880 1989 neminem
1903 1959 1983 1999 Legi
1996 1957 2061 1989 Dei
2083 1956 2212 1989 satissa-

1242 2012 1328 2039 cere,
1352 2007 1387 2032 ut
1410 2000 1499 2032 clare
1521 2007 1661 2032 testatur
1683 2000 1808 2032 Paulus
1829 2001 1924 2032 Rom.
1949 2001 1979 2030 7.
2003 2006 2034 2030 et
2055 2000 2087 2031 8.
2099 2000 2212 2035 Quare

1242 2043 1443 2075 conferenda
1476 2050 1552 2074 sunt
1573 2043 1638 2074 huc
1662 2049 1693 2073 et
1716 2042 1779 2074 alia
1799 2044 1885 2073 dicta
1907 2043 2040 2083 propria
2062 2042 2212 2084 Evange-

1240 2085 1283 2117 lii.
1330 2086 1423 2116 Rom.
1446 2086 1477 2116 6.
1502 2089 1564 2122 [vs.
1587 2085 1652 2123 234
1672 2085 1803 2116 Donum
1825 2085 1889 2115 Dei
1912 2086 1976 2116 vita
1998 2091 2131 2115 aeterna
2151 2094 2212 2125 per

1241 2128 1423 2165 Chi-isnmi,
1445 2127 1486 2158 Et
1509 2128 1595 2159 Ioan.
1621 2129 1651 2158 6.
1677 2131 1741 2166 [vs.
1764 2128 1829 2165 404
1871 2127 1963 2158 Haec
1986 2132 2036 2157 est
2059 2125 2212 2158 voluntas

1241 2172 1323 2208 eius,
1357 2171 1411 2211 qui
1430 2171 1517 2200 misit
1539 2180 1602 2207 me,
1634 2176 1669 2200 ut
1693 2171 1809 2206 omnis,
1844 2170 1898 2210 qui
1922 2170 2024 2200 credit
2047 2170 2078 2200 in
2100 2167 2211 2208 filium,

1240 2212 1360 2243 habeat
1393 2213 1491 2242 vitam
1519 2218 1696 2243 aeternam.
1741 2212 1832 2242 Haec
1855 2211 1919 2243 alia
1941 2222 2006 2243 vox
2030 2217 2091 2248 est,
2115 2221 2212 2252 quam

1242 2255 1342 2296 Legis
1365 2255 1462 2292 dicta,
1482 2265 1566 2295 quae
1591 2261 1666 2285 sunt
1684 2265 1724 2285 ex
1747 2253 1929 2296 Evangelio
1958 2254 2213 2295 interpretanda.-

1239 2297 1322 2327 Nam
1357 2297 1417 2327 etsi
1452 2298 1626 2328 discrimen
1650 2303 1712 2334 est,
1741 2303 1847 2327 tamen
1866 2307 1932 2327 non
1955 2295 2106 2327 aboletur
2127 2295 2210 2332 Lex,

1241 2340 1300 2370 sed
1333 2346 1368 2370 ut
1398 2338 1519 2370 Paulus
1553 2340 1668 2380 inquit:
1704 2338 1874 2370 Stabilitur
1896 2349 1953 2380 per
1976 2338 2084 2369 fidem.
2129 2337 2212 2378 Cum

1245 2485 1285 2515 13)
1305 2485 1543 2513 reconciliationem,
1562 2485 1586 2508 in
1604 2485 1670 2508 hunc
1687 2483 1816 2514 intuetur,]
1839 2483 1908 2507 Editt.
1930 2483 1970 2505 21.
1991 2482 2029 2507 22.
2053 2483 2093 2506 2⁴.
2112 2482 2152 2505 28.
2172 2481 2211 2504 29.

1327 2518 1443 2547 31-33.,
1463 2519 1522 2548 opp.
1544 2520 1564 2541 1.
1584 2519 1606 2541 2.
1625 2517 1863 2542 reconciliationem.
1889 2517 1915 2541 {n
1933 2517 1999 2541 hunc
2017 2516 2152 2542 intuemur,
