2358 2933
246 103 306 135 753
872 101 981 134 Pflu„
1004 102 1106 134 MEL.
1129 101 1313 136 SCRIPTA
1333 102 1609 136 DOGMATICA.
2173 110 2234 141 784

246 206 321 227 esse
345 195 400 227 tilii
422 195 495 226 Dei.
533 195 622 225 Sicut
647 201 677 224 et
701 194 884 224 sententiae
908 204 1009 234 supra
1031 196 1151 226 citatae
1173 203 1217 226 te·
1237 213 1241 227 2
1262 197 1302 228 de
1325 195 1555 231 iustificatione
1576 195 2001 239 loquuntur-Philosophia)
2020 209 2121 238 more,
2141 212 2232 242 pror-

246 245 390 274 stantur‚
419 238 445 267 l.
466 236 542 267 For.
561 237 590 266 6.
617 240 682 274 [vs.
701 235 747 273 9.]
777 235 826 266 Ne
850 237 984 273 erretis,
1015 244 1218 268 scortatores
1239 240 1241 276 i
1262 248 1320 270 sus
1343 245 1376 270 ut
1401 237 1494 268 Plato
1521 236 1572 269 vel
1594 237 1792 270 Aristoteles
1815 241 1949 280 cogitat,
1971 240 2134 273 Achillem
2157 253 2232 275 esse

246 288 308 311 etc.
355 280 391 310 Et
418 279 557 309 loannes
582 279 624 314 11.
638 288 689 318 ep.
703 278 735 315 3,
750 277 793 315 S.}
818 278 936 318 inquit:
960 278 1024 314 Qui
1047 289 1218 319 pecc-:uum
1263 279 1379 311 sortem
1403 281 1516 317 vinun,
1541 281 1617 320 quia
1641 279 1737 311 habet
1760 280 1846 312 hanc
1869 283 2019 314 virtutem
2042 289 2075 315 et.
2085 283 2231 316 afflatum

246 321 334 353 facit.
358 332 398 351 ex
423 319 565 351 Diabolo
589 328 651 357 est,
674 321 706 351 id
729 326 789 357 est,
813 327 863 350 est
887 321 949 350 iam
973 322 1122 361 captivus
1140 320 1218 352 Dia—
1240 351 1241 356 ,
1263 323 1424 363 quendam
1447 323 1606 354 divinum:
1630 323 1674 353 ita
1685 322 1718 353 hi
1733 323 1856 360 diount,
1869 323 2004 356 Paulum
2027 326 2144 357 iustum
2157 336 2233 358 esse

248 363 332 395 boli.
355 373 432 394 reus
456 364 522 393 irae
547 362 607 392 Dei
630 369 661 392 et
685 369 839 393 aeternae
861 371 1006 402 poenae,
1029 370 1059 393 et
1084 363 1218 403 impelli·
1240 382 1241 386 =
1261 371 1396 405 propter
1418 374 1498 395 suas
1523 365 1660 395 virtutes
1685 371 1717 395 et
1739 363 1886 396 afflatum
1909 367 2062 405 divinum,
2085 367 2164 398 nihil
2177 369 2232 399 ad-

246 415 295 437 tur
312 416 331 435 a
347 403 487 436 Diabolo
509 405 550 434 ad
574 403 765 444 multiplicia
787 411 936 444 peccata.
977 404 1048 436 liae
1071 406 1218 436 tristissi-
1239 408 1241 450 γ
1263 407 1339 438 dunt
1364 407 1404 437 de
1427 407 1620 443 Mediator-e,
1644 407 1685 438 de
1706 407 1977 447 promissionibus
2001 419 2061 440 seu
2082 409 2233 452 Evange—

248 457 317 478 mae
337 448 603 477 comminationes
626 445 798 477 hortantur
821 456 881 477 nos
905 447 945 476 ad
970 445 1149 478 frenandos
1173 448 1218 478 vi·
1240 458 1241 477 t
1261 447 1305 479 lio
1340 455 1370 480 et
1394 449 1434 480 de
1468 449 1532 479 fide
1566 458 1624 480 seu
1649 449 1768 480 fiducia
1788 448 2001 487 Mediatoris3
2035 452 2098 482 imo
2122 453 2230 484 iubent

248 491 351 519 tiosos
371 490 520 528 impetus,
545 499 585 519 ne
609 489 796 519 excidamus
821 498 840 518 a
859 489 978 519 donata
1003 490 1118 529 gratia.
1148 489 1218 520 Nec

247 542 328 571 opus
360 538 406 561 est
439 529 501 561 huc
532 530 648 561 afferre
672 531 910 570 disputationes
935 531 975 561 de
998 532 1218 571 praedestina-

248 574 345 604 tione.
369 574 428 603 sed
451 573 628 604 iudicemus
653 573 693 603 de
717 572 886 604 voluntate
897 572 961 604 Dei
985 583 1027 604 ex
1042 574 1217 614 perspicuo
1240 582 1241 607 ζ

250 616 349 645 verbo
375 615 445 645 Dei.

340 741 398 772 DE
422 741 706 772 ARGmlENTls
730 741 1128 772 ADVERSAfflORUM.

336 825 436 856 Plane
466 834 494 856 ct
525 825 612 856 clare
642 826 816 862 docemus,
851 833 1003 866 oportere
1033 827 1064 856 in
1088 825 1219 857 homine

251 870 390 899 existere
419 869 561 898 notitiam
591 866 798 898 articulorum
829 867 919 898 fidei:
949 867 1028 898 ltem
1053 869 1219 898 contritio-

251 921 336 940 nem.
374 911 491 940 bouum
516 910 736 950 propositum.
771 920 810 940 ac
833 909 979 940 inchoari
1000 910 1217 941 dilectionem.

250 951 300 982 De
329 951 378 981 his
410 953 559 982 dimicant
590 952 787 989 admi-sarii,
824 962 908 992 quae
943 959 1050 984 tamen
1081 951 1241 982 fatemur*

250 995 310 1034 ipsi
342 995 374 1023 iu
408 994 538 1025 homine
571 1000 723 1034 oportere
757 995 908 1024 existere.
955 995 1024 1025 Sed
1056 995 1217 1031 addimus,

250 1038 409 1077 Oportet-e
432 1037 591 1067 accedere
616 1036 729 1073 fidem,
762 1036 793 1066 id
818 1043 886 1074 est,
922 1036 1071 1068 fiduciam
1094 1037 1218 1067 miseri·

251 1079 392 1115 cordiae,
416 1079 502 1119 quod
514 1084 648 1119 propter
666 1077 768 1109 filium
780 1078 843 1109 Dei
856 1078 1036 1110 habeamus
1055 1079 1219 1110 remissio-

250 1130 321 1151 nem
345 1128 571 1161 peccatorutn,
596 1131 662 1151 non
681 1127 815 1161 propter
832 1120 893 1151 has
912 1127 1046 1152 nostras
1069 1121 1218 1152 virtutes.
1242 1133 1243 1137 ¹

251 1161 261 1192 l
287 1164 314 1193 si
344 1170 477 1194 econtra
501 1164 627 1200 dicunt,
661 1163 872 1193 dubitandum
900 1173 993 1201 esse,
1028 1169 1060 1194 et
1082 1163 1220 1194 addunt:

250 1174 341 1235 'Func
364 1205 500 1236 habebis
524 1206 748 1236 remissionem
763 1212 985 1244 peccatorum,
1011 1216 1085 1236 cum
1100 1206 1219 1246 dignus

251 1248 333 1284 eris,
356 1246 420 1277 hoc
444 1255 510 1285 est,
532 1254 668 1288 propter
692 1247 829 1278 virtutes
852 1253 936 1278 tuas.
983 1247 1059 1278 Item
1082 1247 1218 1289 fingunt,

252 1288 397 1320 homines
423 1288 488 1331 legi
510 1289 572 1320 Dei
596 1288 791 1320 satisfacere
812 1299 925 1330 posse.

337 1331 402 1362 Sed
429 1342 501 1362 cum
525 1333 642 1369 onmia,
665 1341 749 1372 quae
762 1333 824 1372 ipsi
837 1331 997 1373 flagitant,
1023 1333 1220 1363 retineamus
1242 1351 1244 1357 ,

251 1383 280 1405 et
311 1375 443 1414 insuper
472 1375 545 1405 addi
574 1373 711 1405 velimus
741 1373 836 1405 fidem
864 1375 1055 1405 tribuentem
1087 1374 1220 1405 Christo
1243 1377 1245 1379 ’

252 1427 344 1448 suum
379 1416 549 1453 honorem,
590 1424 618 1447 et
657 1422 747 1446 certa
783 1414 1007 1447 consolatione
1042 1417 1222 1457 erigentem

252 1458 502 1499 perterrefactus
526 1466 664 1495 mentes,
692 1464 781 1489 certe
799 1457 877 1489 nihil
900 1459 1033 1489 absurdi
1053 1459 1221 1489 docemus.
1243 1455 1245 1489 ³,

253 1509 282 1531 et
313 1502 382 1532 sine
411 1502 497 1532 iusta
527 1510 644 1532 caussa
673 1508 738 1531 tam
762 1501 894 1531 rabiose
917 1501 1070 1531 damnant
1093 1507 1222 1530 senten-

253 1544 338 1579 tiam,
363 1553 445 1584 quae
470 1544 509 1574 de
532 1542 760 1574 iustificatione
783 1541 989 1573 inEcclesiis
1007 1543 1129 1574 nostris
1149 1552 1222 1583 pro-

254 1586 400 1626 ponitur,
432 1595 516 1626 quae
538 1585 624 1616 haud
647 1585 744 1615 dubie
769 1591 817 1615 est
841 1585 1006 1625 ipsissima
1028 1595 1094 1615 vox
1114 1584 1223 1615 Evan-
1244 1604 1246 1612 r

254 1626 328 1658 o-elii
353 1635 384 1658 et
407 1638 591 1659 cousensus
606 1633 795 1658 sanctorum
806 1626 950 1665 Patrutn,
973 1626 1222 1668 Prophetarum,

252 1652 489 1710 {postolorum
518 1677 549 1701 et
578 1671 719 1701 oumitun
742 1670 870 1709 piorum
898 1670 1047 1700 omnibus
1070 1669 1224 1709 tempori-

255 1713 326 1748 bus,
350 1713 404 1753 qui
427 1711 659 1753 aliquantulum
682 1711 765 1743 lucis
789 1710 981 1743 habuerunt.
1014 1712 1138 1742 Omnes
1160 1711 1224 1742 hoc

255 1755 448 1792 sentiebant,
473 1761 627 1795 oportere
649 1755 791 1785 em’stere
813 1755 845 1784 in
868 1755 964 1784 nobis
980 1754 1223 1795 poenitentiam,

256 1802 287 1826 et
310 1797 432 1828 debere
454 1798 546 1838 sequi
577 1798 662 1828 bona
692 1806 807 1837 opera,
835 1797 894 1826 sed
921 1803 1029 1827 tamen
1060 1796 1246 1827 remissio-=

255 1848 328 1869 uem
352 1839 465 1871 donari
488 1847 622 1880 propter
644 1839 875 1876 Mediatorem,
909 1849 973 1869 non
1002 1844 1138 1879 propter
1167 1848 1224 1869 no-

255 1888 355 1912 stram
380 1882 584 1923 dignitatem,
613 1889 643 1912 ct
667 1892 703 1912 se
726 1880 860 1921 placere
882 1880 956 1912 Deo
979 1886 1112 1921 propter
1134 1879 1225 1911 illum
1245 1896 1247 1918 ζ

255 1922 476 1960 Mediatorem,
500 1931 529 1954 et
553 1924 616 1954 hac
639 1924 713 1961 fide,
737 1923 800 1954 hoc
824 1929 884 1959 est,
909 1923 1029 1954 fiducia
1041 1923 1224 1954 misericor-
1245 1942 1247 1949 <

256 1966 328 1996 diae
351 1965 457 1997 Deum
481 1967 694 2003 invocabant,
723 1976 787 1995 uon
810 1964 996 2006 fugiebant,
1022 1976 1087 1996 uon
1109 1964 1224 1996 freme-

256 2008 333 2038 bant
363 2009 523 2040 adversus
547 2008 663 2039 Deum.

257 2050 446 2091 particulam
476 2050 645 2082 GRATIS.
691 2050 768 2081 Item
797 2049 915 2080 Petrus
945 2051 1045 2089 inquit
1075 2050 1150 2080 Act.
1176 2049 1224 2079 10.

258 2097 320 2130 lvs.
340 2093 403 2131 4234
428 2093 510 2124 Huic
534 2103 647 2124 omnes
671 2091 856 2132 Prophetae
879 2093 1097 2122 testimonium
1119 2091 1226 2132 perhi-
1248 2112 1249 2131 3

258 2137 351 2172 bent,
382 2136 534 2176 accipere
557 2136 782 2166 remissionem
805 2141 1014 2174 peccatorum
1032 2145 1092 2175 per
1108 2144 1226 2165 nomen

259 2179 328 2209 eius
359 2188 487 2215 omnes,
516 2179 569 2218 qui
601 2178 737 2208 credunt
765 2177 797 2207 in
826 2186 909 2207 eum.
954 2176 1015 2207 Hic
1043 2186 1226 2208 cousensus

259 2227 307 2251 est
330 2230 441 2251 verum
455 2219 627 2251 Ecclesiae
650 2219 880 2256 testimonium,
904 2225 935 2249 et
947 2220 1089 2250 omnium
1100 2219 1228 2259 piorum
1249 2237 1250 2247 η

710 2008 784 2038 [deo
816 2008 912 2038 toties
936 2006 1080 2038 inculcat
1101 2006 1225 2038 Paulus
1246 2022 1247 2026 =

1240 517 1241 522 ,
1263 490 1411 521 dubitare
1433 492 1474 522 de
1497 489 1781 528 reconciliatione,
1814 491 1878 522 hoc
1902 499 1963 529 est,
1991 491 2100 525 delere
2126 494 2233 525 Evan-

1263 531 1383 573 gelium
1406 540 1437 564 et
1459 533 1710 574 promissionem
1735 540 1766 564 et
1788 532 1927 573 sepelire
1951 533 2127 566 Christum.

1349 575 1487 609 Quoties
1520 576 1618 617 igitur
1652 576 1739 606 venit
1767 576 1800 607 in
1823 582 1962 607 mentem
1983 576 2080 608 huius
2103 585 2234 609 contro·

1265 618 1405 653 xersiae,
1439 616 1526 648 refer
1561 616 1676 649 oculos
1711 618 1752 648 ad
1786 617 1874 648 hunc
1896 629 2048 659 scopum:
2093 618 2175 651 Cum
2197 630 2234 651 re

1265 659 1337 698 ipsa
1360 665 1391 690 et
1416 669 1494 690 vere
1515 658 1580 690 hoc
1603 659 1745 697 dicatur,
1780 661 2002 692 necessariam
2025 670 2101 692 esse
2123 662 2234 702 poeni·

1265 701 1409 737 tentiam,
1443 708 1473 732 et
1505 707 1612 732 tamen
1645 711 1707 732 nos
1739 708 1873 742 propter
1906 701 2004 734 filium
2027 702 2089 734 Dei
2112 703 2236 735 habere

1265 742 1502 780 remissionem,
1527 742 1656 783 placere
1679 749 1712 774 et
1734 745 1897 781 exaudiri3
1920 745 2058 776 tribuam
2081 744 2147 777 filio
2169 744 2233 776 Dei

1265 795 1359 815 suum
1392 784 1562 821 honorem,
1597 791 1627 815 et
1657 784 1721 815 hac
1744 785 1807 816 side
1830 796 1890 817 seu
1913 786 2030 818 fiducia
2051 788 2235 828 promissae

1263 827 1509 857 misericordiae
1541 826 1649 857 Deum
1688 827 1866 864 invocab03
1911 829 1996 859 sicut
2029 829 2150 860 dictum
2183 836 2233 860 est

1240 899 1242 906 k
1265 868 1347 905 lloh.
1373 868 1424 905 15,
1451 867 1532 906 164:
1562 868 1725 909 Quicquid
1747 870 1904 910 petieritis
1927 869 2061 900 Patrem
2083 871 2115 901 in
2133 872 2234 902 nomi—

1240 920 1304 952 ¹ne
1338 919 1427 948 meo,
1461 911 1493 941 id
1517 916 1584 948 est,
1617 910 1736 942 fiducia
1769 910 1835 942 filii.
1880 911 1959 942 Item
1990 911 2094 948 [Rom.
2117 912 2148 950 5,
2171 913 2233 952 2.]:

1264 951 1327 983 Per
1350 951 1436 983 huuc
1461 952 1619 983 habemus
1641 962 1813 984 accessum
1836 954 1877 984 ad
1896 953 2034 984 Patrem.
2062 953 2106 985 Ut
2128 960 2235 994 autem

1264 995 1401 1025 studiosi
1435 996 1500 1025 sint
1522 995 1748 1026 instructiores
1771 996 1815 1026 ad
1837 994 2007 1027 refutanda
2030 997 2236 1028 adversario—

1262 1048 1334 1109 nhm
1357 1042 1566 1078 argumenta,
1589 1037 1702 1068 ordine
1723 1038 1899 1079 praecipua
1922 1039 2104 1070 recensebo
2127 1045 2157 1070 et
2182 1048 2236 1069 ex-

1263 1090 1284 1120 p
1300 1079 1406 1110 'cab0.

1661 1172 1842 1205 Primum.

1351 1248 1475 1278 lustitia
1497 1248 1661 1290 significat
1679 1249 1894 1280 obedientiam
1913 1249 2002 1281 iuxta
2020 1248 2128 1280 omnia
2145 1259 2236 1290 prae-

1421 1299 1460 1321 ce
1484 1296 1527 1321 ta.

1351 1301 1482 1370 Fides,P
1500 1333 1540 1363 de
1564 1343 1628 1373 qua
1652 1333 1804 1370 dicimus,
1839 1342 1904 1363 non
1928 1340 1976 1364 est
2000 1333 2131 1374 proprie
2154 1344 2236 1374 opus

1423 1375 1563 1405 omnium
1586 1381 1846 1415 praeceptorum.

1352 1416 1441 1457 Ergo
1465 1426 1528 1447 non
1553 1416 1766 1447 iustificamur
1784 1416 1857 1446 fide.

1530 1483 1728 1524 Respondeo
1751 1484 1791 1514 ad
1815 1484 1979 1514 maiorem.

1354 1541 1459 1573 Maior
1477 1549 1528 1573 est
1551 1552 1642 1579 vera,
1664 1543 1704 1573 de
1726 1542 1845 1573 iustitia
1863 1542 1983 1584 Legis;
2017 1553 2092 1574 nam
2117 1544 2238 1576 iustitia

1268 1584 1370 1626 Legis
1405 1585 1536 1625 proprie
1570 1591 1619 1615 est
1655 1584 1840 1615 obedientia
1862 1585 1952 1616 iuxta
1974 1586 2082 1616 onmia
2103 1596 2238 1626 praece-

1244 1637 1246 1658 ¹,
1268 1633 1342 1667 pta3
1366 1626 1433 1657 Sed
1455 1626 1541 1658 hanc
1563 1627 1667 1667 ipsam
1691 1627 1732 1657 ob
1747 1636 1910 1667 caussam,
1938 1627 2013 1668 quia
2030 1626 2114 1660 haec
2125 1639 2237 1660 corru-

1244 1670 1246 1689 i
1268 1675 1324 1709 pta
1356 1674 1472 1700 natura
1505 1679 1571 1699 non
1601 1667 1763 1700 satisfacit
1782 1669 1878 1710 Legi,
1910 1669 1984 1700 ideo
2006 1669 2071 1701 alia
2092 1669 2238 1702 revelata

1269 1718 1300 1742 et
1336 1711 1456 1742 donata
1490 1717 1558 1748 est,
1592 1722 1675 1752 quae
1708 1717 1758 1742 est
1780 1712 1960 1752 acceptatio
1981 1718 2116 1753 propter
2137 1712 2238 1744 filium

1269 1753 1343 1791 Dei,
1367 1764 1462 1795 quam
1485 1754 1632 1795 sequitur
1655 1754 1787 1784 donatio
1811 1753 1949 1794 Spiritus
1978 1755 2094 1786 sancti.
2138 1753 2240 1786 Aliud

1270 1796 1367 1837 igitur
1400 1797 1519 1827 iustitia
1543 1795 1707 1837 significat
1730 1797 1762 1826 in
1786 1797 1920 1834 maiore,
1942 1795 2031 1828 aliud
2052 1797 2085 1827 in
2108 1795 2239 1829 conclu-

1419 1838 1499 1869 Cum
1523 1837 1646 1869 Paulus
1682 1839 1757 1869 dicit
1783 1837 1903 1876 {Galat-
1926 1839 1958 1876 2,
1984 1838 2059 1877 164,
2091 1837 2171 1870 Fide
2194 1839 2240 1870 iu-

1270 1881 1460 1918 stificamur,
1483 1879 1647 1922 intelligit,
1676 1880 1739 1912 fide
1764 1881 1994 1921 consequimur
2016 1881 2239 1912 remissionem

1269 1929 1492 1963 peccatorum,
1515 1933 1575 1954 seu
1597 1923 1853 1962 acceptationem
1871 1928 2004 1963 propter
2026 1922 2240 1954 Mediatorem

1246 1969 1247 1991 1
1270 1965 1385 2005 gratis,
1414 1971 1447 1995 ut
1470 1965 1562 1995 Rom.
1586 1965 1616 1994 4.
1641 1967 1702 2001 [vs.
1725 1964 1771 2002 5.]
1795 1965 1913 2005 inquit:
1946 1963 2043 1995 Fides
2065 1965 2241 2006 imputatur

1270 2008 1298 2037 ei
1322 2008 1362 2037 ad
1385 2007 1548 2038 iustitiam.
1584 2006 1673 2037 Haec
1696 2005 1871 2046 explicatio
1894 2008 2069 2047 perspicue
2086 2008 2241 2045 ostendit,

1270 2049 1334 2079 hoc
1357 2055 1549 2091 argumento
1571 2058 1636 2079 non
1660 2047 1851 2079 labefactari
1874 2055 2020 2080 nostram
2033 2049 2240 2081 sententiam.

1270 2091 1394 2122 Fontes
1429 2097 1538 2122 autem
1567 2089 1740 2131 diligenter
1773 2091 2029 2122 consideremus.
2080 2090 2242 2132 Pleraque

1248 2140 1249 2167 ι
1271 2140 1464 2175 argumenta
1486 2134 1684 2164 adversariis
1707 2139 1886 2164 nascuntur
1905 2143 1944 2164 ex
1965 2134 2083 2164 iudicio
2104 2134 2240 2165 rationis

1272 2186 1330 2206 seu
1364 2175 1465 2217 Legis
1500 2176 1540 2206 de
1574 2174 1760 2215 disciplina,
1794 2176 1826 2206 in
1860 2175 1945 2207 hanc
1980 2177 2120 2207 omnium
2153 2174 2240 2207 oculi

1272 2224 1348 2249 sunt
1371 2218 1482 2253 defixi3
1505 2219 1589 2248 sicut
1613 2219 1714 2259 inquit
1736 2217 1859 2249 Paulus
1883 2217 1990 2257 [Rom.
2013 2217 2045 2256 9,
2067 2218 2149 2256 31.]:
2184 2217 2241 2249 Se-

1246 1864 1247 1869 ,
1271 1839 1373 1869 sione.

259 2263 457 2303 experientia
485 2261 682 2303 suffragatur
711 2261 786 2292 huic
809 2262 1002 2293 sententiae.
1046 2261 1120 2291 Non
1144 2261 1229 2291 enim
1249 2252 1251 2291 i
1274 2266 1399 2291 ctantes
1412 2260 1536 2301 Legem
1559 2261 1699 2291 iustitiae
1721 2261 1762 2291 ad
1787 2261 1936 2291 iustitiam
1957 2270 2024 2291 non
2046 2259 2240 2301 perveniunt

259 2310 399 2345 possunt
429 2305 498 2335 sine
525 2303 587 2336 hac
617 2303 844 2335 consolatione
867 2304 1079 2344 acquiescere
1101 2309 1228 2333 mentes
1274 2312 1335 2333 nec
1359 2303 1546 2333 discernunt
1571 2302 1693 2343 Legem
1717 2309 1748 2333 et
1770 2301 1996 2344 Evangelium,
2019 2313 2080 2334 nec
2098 2302 2240 2333 animad-

260 2348 292 2378 in
316 2356 394 2377 vera
417 2347 610 2377 contritione
632 2356 693 2378 seu
716 2347 802 2377 veris
825 2346 1016 2376 terroribus.
1052 2345 1140 2376 Haec
1157 2355 1230 2376 cum
1274 2351 1402 2375 vertunt
1425 2343 1640 2386 Evangelium
1664 2345 1696 2375 in
1722 2345 1785 2376 hac
1809 2345 2002 2385 quaestione
2023 2354 2090 2376 non
2113 2344 2154 2375 de
2174 2345 2241 2375 vita

261 2390 325 2419 sint
348 2389 539 2425 certissima,
564 2399 656 2419 nemo
673 2398 773 2420 sanus
796 2389 827 2419 in
840 2386 990 2419 Ecclesia
1007 2388 1230 2419 contradicere
1250 2425 1251 2428 Ἴ
1272 2385 1407 2428 politica
1439 2386 1539 2428 loqui,
1573 2387 1631 2417 sed
1664 2387 1704 2418 de
1737 2386 2000 2418 reconciliatione
2022 2397 2133 2418 coram
2155 2384 2239 2417 Deo.

261 2438 377 2471 potest⁴
1250 2442 1251 2462 t
1274 2429 1365 2459 Haec
1393 2439 1515 2459 arcana
1533 2429 1749 2460 discernenda
1770 2435 1845 2460 sunt
1868 2440 1888 2460 a
1910 2427 1996 2460 civili
2020 2428 2241 2460 conversatio-

348 2473 414 2503 Sed
442 2473 529 2513 quod
558 2471 652 2503 aliter
677 2472 829 2504 Monachi
860 2473 1083 2512 scripserunt,
1114 2481 1152 2502 eo
1183 2471 1228 2508 fit,
1250 2496 1252 2511 ,
1273 2481 1325 2501 ne.
1348 2471 1437 2512 Ergo
1460 2471 1522 2502 has
1546 2470 1702 2513 caligines
1726 2478 1757 2502 et
1780 2472 1884 2503 nubes
1908 2470 2071 2512 depellant
2092 2470 2239 2507 studiosi,

263 2516 337 2556 quia
366 2525 431 2545 non
462 2515 686 2546 discernebant
718 2514 840 2556 Legem
872 2521 901 2545 et
930 2514 1162 2555 Evangelium,
1198 2520 1228 2544 et
1250 2524 1253 2550 ι
1274 2512 1423 2544 videlicet
1447 2511 1672 2545 confusionem
1695 2514 1795 2555 Legis
1819 2520 1848 2544 et
1867 2512 2048 2555 Evangelii,
2073 2520 2103 2544 et
2127 2510 2240 2544 confu—

2330 2736 2352 2933 ιε-«ΔἍ,
