2358 2933
262 134 324 164 475

263 225 299 252 ⁹⁶)
328 227 393 250 Sicut
437 228 563 249 testantur
605 222 721 252 exempta
757 220 960 245 circumcisionis

264 260 367 284 chriso:
397 260 490 283 Talium
517 262 554 282 est
586 262 692 285 regnum
727 255 863 279 coctorum.
910 254 1014 278 Erontra
1044 258 1120 276 nemo
1151 254 1235 281 potest

263 301 396 324 ostoitdcrc
424 305 515 329 pucros
541 303 611 322 extra
632 297 765 321 Erricsimn
786 296 870 320 salros
889 295 951 319 lieri.
989 285 1100 318 Quare
1131 283 1234 315 Mino-

264 343 329 362 rem
361 333 441 361 satis
466 332 587 360 tirmam
611 340 688 359 esse
712 330 901 359 sentiamus.
958 326 1115 366 Sequitur
1137 326 1235 366 igitur

264 373 455 403 Conclusio:
482 372 606 402 Pueros
632 371 845 410 baptizandos
869 379 956 406 csse,
976 375 1007 399 ut
1033 374 1169 408 accepto
1193 368 1234 397 si-

263 425 327 455 gno
350 415 495 444 membra
518 414 593 444 liant
616 412 798 447 Ecclesiae,
821 418 849 441 et
869 410 961 441 Deus
984 410 1234 450 promissionem

263 467 353 486 suam
378 457 425 486 eis
449 457 616 495 impertiat.
664 455 733 484 Ilot-
756 460 983 495 argumentum
1004 452 1153 482 existimo
1178 453 1234 482 bo-

264 499 312 527 nis
336 504 365 527 et
389 498 566 527 moderatis
589 496 791 527 satisfacere.

347 539 418 570 Huc
442 540 579 578 pertinet
603 539 710 575 etiarn,
742 537 1004 579 quod-fluimus
1028 537 1071 566 ita
1094 546 1234 576 pronun-

262 583 314 612 tiat
341 582 455 611 remitti
480 588 633 621 peccata,
656 581 683 610 si
708 582 842 611 remittat
869 578 1042 613 Ecclesia3
1088 580 1175 609 iuxta
1199 577 1234 608 il-

264 623 317 652 lud
343 623 423 659 {loh-
446 624 499 657 2⁰„
522 622 588 660 223]
621 622 767 657 Quorum
798 621 990 651 remiseritis
1014 627 1162 660 peccata,
1187 630 1233 651 rc-

263 665 426 695 mittentur
455 666 521 701 eis,
550 672 579 695 et
612 675 749 705 quorum
773 663 987 699 retinueritis,
1010 664 1234 693 retinebuntur

264 714 324 737 ete.
369 706 458 747 Ergo
490 713 519 736 et
554 705 731 736 instintiints
766 707 807 735 ita
833 705 995 735 constabit
1019 706 1137 734 remitti
1159 715 1234 744 pec-

263 754 382 784 eatum,
405 759 478 778 cum
501 748 651 778 Ecclesia
675 748 814 778 remittit.

349 790 414 820 Sed
445 791 599 821 obiiciunt
629 790 808 820 adversarii
838 788 975 827 primum
1000 788 1039 817 de
1063 788 1142 818 tide:
1185 787 1233 817 ln-

263 832 370 862 santes
399 842 462 862 non
494 831 674 871 intelligunt
700 832 849 867 verbum,
880 830 977 870 igitur
1001 840 1065 859 non
1087 829 1232 859 credunt.

263 873 390 903 Deinde
420 874 617 904 contendunt
648 872 725 903 nihil
750 872 909 912 prodesse
931 872 978 901 eis
1003 872 1234 903 Sacramenta:

263 916 337 955 quia
361 916 575 945 Sacramenta
603 916 673 945 sine
698 915 762 945 fide
791 924 857 944 non
879 919 1026 954 prosunt.
1078 912 1161 943 Huic
1184 924 1234 944 ar-

263 963 418 995 gumento
454 958 589 997 primum
623 957 851 997 opponendum
886 961 933 985 est
971 954 1155 995 exemplum
1189 956 1235 985 in—

263 989 385 1030 ?antum
401 1001 444 1031 ¹³⁵)
479 1000 757 1035 circumcisorum,
791 999 845 1039 qui
869 998 962 1028 etiam
986 1008 1051 1028 non
1074 996 1234 1038 intellige—

264 1042 340 1071 bant
363 1042 514 1077 verbum,
544 1047 575 1071 et
603 1048 708 1072 tamen
743 1040 872 1071 valebat
895 1045 1043 1079 pactum,
1073 1045 1105 1069 et
1126 1039 1235 1079 place—

264 1084 339 1113 bant
371 1083 432 1123 ipsi
460 1082 532 1113 Deo
560 1089 693 1123 propter
720 1089 861 1123 pactum.
905 1081 1082 1111 Praeterea
1107 1082 1234 1111 etiamsi

264 1135 327 1155 non
343 1123 523 1165 intelligunt
540 1126 688 1162 verbum,
712 1132 818 1156 tamen
841 1134 880 1154 ex
895 1124 1065 1162 superiore
1084 1123 1234 1163 proposi·
1256 1153 1258 1161 Α

263 1167 350 1196 tione
362 1165 455 1197 fateri
470 1177 607 1197 necesse
620 1173 680 1203 est,
704 1168 791 1208 quod
804 1166 896 1197 Deus
921 1166 962 1194 sit
985 1166 1017 1195 in
1037 1166 1083 1195 eis
1103 1163 1233 1195 efficax.

263 1208 346 1238 Nam
380 1220 452 1240 cum
483 1216 606 1239 certum
635 1210 675 1239 sit
705 1208 843 1240 salutem
873 1214 903 1238 et
935 1217 1071 1248 regnum
1094 1206 1157 1237 Dei
1192 1207 1235 1237 ad

263 1249 404 1280 infantes
429 1252 606 1291 pertinere,
637 1258 759 1282 certum
791 1257 840 1281 est
869 1250 965 1280 etiam
988 1249 1094 1279 Deum
1125 1250 1155 1279 in
1185 1249 1234 1279 cis

264 1290 431 1323 efficacem
461 1304 554 1329 esse;
583 1294 669 1323 iuxta
701 1292 779 1324 illud
805 1292 885 1329 lIoh.
910 1291 940 1329 3,
962 1291 1022 1330 5.]:
1067 1291 1138 1321 Nisi
1163 1292 1235 1331 quis

263 1341 395 1365 renatus
424 1333 517 1366 suerit
550 1346 589 1365 ex
617 1346 703 1376 aqua.
732 1341 762 1366 et
790 1335 903 1374 spiritu
926 1335 1035 1369 etc-97)
1081 1333 1152 1363 Nec
1179 1343 1235 1363 110-

265 1382 367 1406 strum
408 1384 456 1407 est
493 1378 649 1414 serutari,
685 1378 848 1418 quomodo
876 1376 968 1406 Deus
999 1375 1031 1406 in
1061 1375 1107 1405 eis
1148 1380 1234 1415 agat.

263 1417 347 1448 Illud
371 1429 431 1449 nos
456 1426 569 1450 tenere
591 1420 674 1449 satis
698 1426 767 1457 est,
798 1419 888 1459 quod
912 1423 1036 1449 certum
1060 1424 1123 1453 est,
1147 1416 1235 1447 salu-

263 1467 326 1490 tem
349 1461 389 1490 ad
413 1460 553 1491 infantes
577 1462 758 1502 pertinere3
783 1461 867 1492 unde
890 1460 1048 1500 sequitur,
1071 1458 1179 1490 Deum
1202 1459 1234 1489 in

264 1503 311 1533 eis
334 1500 503 1534 efficat-em
527 1514 614 1534 esse.

349 1545 511 1575 Obiiciunt
534 1552 565 1575 et
588 1545 675 1576 aliud
697 1550 938 1586 argumentum:
978 1542 1132 1574 Ecclesia
1155 1542 1235 1573 nihil

263 1587 357 1618 debet
385 1587 552 1619 instituere
579 1594 731 1628 tanquam
762 1587 987 1618 necessarimu
1016 1586 1059 1616 ad
1081 1584 1234 1622 salutem,

263 1632 334 1661 sine
367 1640 524 1670 expresso
557 1631 710 1660 mandato
734 1630 814 1668 Dei3
848 1629 901 1659 De
930 1626 1107 1658 infantibus
1131 1627 1235 1667 bapti—

263 1673 376 1703 zandis
398 1683 464 1702 non
487 1678 574 1703 extat
598 1673 800 1704 mandatum:
833 1671 921 1711 Ergo
945 1680 1011 1700 non
1034 1676 1110 1700 sunt.
1133 1669 1234 1708 bapti-

263 1715 367 1746 zandi.
398 1714 450 1744 Ad
475 1721 575 1745 totum
598 1720 824 1754 argumentum
845 1712 1041 1753 respondeo.
1073 1711 1233 1741 Primum:

265 1755 465 1787 I'niversalis
489 1766 671 1787 consensus
694 1755 866 1786 Ecclesiae
888 1755 1030 1785 omnium
1054 1759 1234 1793 temporum

264 1806 313 1830 est
332 1799 566 1836 testimonium,
593 1799 680 1839 quod
708 1797 792 1828 haec
815 1796 976 1828 ordinatio
1000 1796 1043 1825 sit
1066 1793 1235 1834 Apostoli-

266 1852 314 1872 ra.
359 1840 485 1871 Deinde
509 1841 693 1881 respondeo
722 1841 763 1870 ad
786 1840 956 1870 Minorem.
1000 1836 1161 1877 Neganda
1184 1842 1236 1866 est

266 1882 389 1919 Minor,
419 1894 491 1913 nam
520 1883 706 1913 mandatum
737 1887 787 1911 est
815 1879 1002 1912 universale
1034 1878 1160 1916 [Matth.
1180 1877 1233 1915 28,
1256 1887 1258 1895 ⁸

268 1925 348 1962 194:
371 1925 540 1965 Baptizate
563 1934 675 1954 omnes
694 1930 827 1964 gentes3
850 1933 930 1964 ergo
954 1927 984 1952 et
1006 1930 1127 1961 pueros
1147 1930 1234 1950 com-

265 1967 426 2007 plectitur.
482 1966 523 1996 Et
546 1966 641 1996 huius
667 1965 938 2005 interpretationis
960 1964 1061 1994 habet
1082 1961 1235 1994 Ecclesia

266 2010 403 2049 optimas
438 2014 467 2038 et
502 2009 715 2049 gravissimas
748 2009 901 2038 rationes.
972 2005 1116 2035 Primum
1150 2004 1233 2034 enim

266 2052 327 2081 scit
348 2050 498 2081 Ecclesia
517 2050 766 2090 promissionem
784 2047 954 2089 Evangelii
977 2048 1072 2078 etiam
1096 2046 1139 2077 ad
1156 2055 1234 2085 pue-

268 2103 322 2123 ros
356 2093 525 2132 pertinere
572 2092 650 2122 Item
686 2093 748 2122 scit
778 2091 917 2121 salutem
944 2096 1069 2121 tantum
1091 2088 1133 2119 ad
1156 2097 1234 2126 pue-

265 2145 339 2171 ros,
362 2135 416 2174 qui
439 2140 515 2164 sunt
537 2135 568 2164 in
591 2133 758 2171 Ecclesia,
782 2133 955 2173 pertinere.
1000 2131 1089 2171 Ergo
1113 2130 1235 2160 iudicat

266 2186 386 2216 pueros
415 2177 608 2206 inserendos
638 2186 716 2207 esse
739 2175 922 2207 Ecclesiae.
978 2175 1059 2205 Item
1082 2170 1235 2202 Ecclesia

267 2219 329 2247 scit
352 2228 388 2247 se
407 2218 529 2248 habere
552 2219 738 2249 mandatum
762 2217 941 2247 remittendi
964 2220 1103 2257 peccata
1122 2218 1153 2244 et
1172 2213 1235 2243 scit

266 2259 373 2290 Deum
403 2260 446 2290 ita
474 2261 634 2291 remittere
663 2266 817 2300 peccata,
846 2260 873 2289 si
904 2260 1046 2289 remittat
1069 2254 1232 2286 Ecclesia.

269 2407 314 2434 95)
333 2404 433 2461 &3:12
460 2403 527 2427 Sicut
547 2417 576 2420 -
602 2417 621 2420 -
641 2404 725 2427 sats-os
745 2403 807 2427 neri.
826 2401 939 2426 addunt
957 2402 1028 2427 mitt.
1047 2404 1069 2427 7.
1089 2404 1111 2427 ε.
1130 2403 1234 2427 11-14.
1255 2394 1257 2398 ”

337 2441 361 2462 et
399 2444 437 2468 pp.

889 126 997 157 PHIL.
1022 125 1123 156 MEL.
1148 124 1333 156 SCRIPTA
1356 124 1630 155 DOGMA'rtcA.

269 2492 314 2518 911)
333 2489 466 2517 infantum]
485 2488 555 2512 Editt.
576 2488 596 2511 7.
616 2488 637 2511 8.
660 2487 762 2511 11-14.
781 2488 805 2509 et
825 2486 896 2515 opu:
915 2485 1047 2509 intantium

270 2541 315 2568 97)
334 2542 379 2563 etc.
401 2537 511 2562 addunt
530 2538 602 2562 Editt.
623 2538 643 2560 7.
663 2538 685 2562 8.
707 2536 811 2559 ¹1-14.
830 2538 855 2559 et
873 2535 932 2564 opp.

2189 128 2252 159 4⁷6

1014 219 1041 242 Et
1077 219 1119 242 illa
1154 219 1233 242 verba
1255 217 1258 245 1
1279 218 1389 251 Quare
1418 223 1451 247 et.
1481 217 1591 256 pneris
1613 217 1752 255 impertit
1780 217 2004 248 remissionem
2028 225 2250 257 peccatorum.

1279 260 1331 290 Ad
1359 258 1443 289 haec
1472 258 1570 288 habet
1592 257 1747 288 Ecclesia
1776 258 1957 298 exemplum
1981 261 2248 293 circumcisionis,

1281 301 1315 331 Si
1344 300 1520 331 infantibus
1551 306 1628 330 tunc
1658 310 1742 340 opus
1771 299 1831 330 fuit
1860 302 1973 341 signo,
2006 307 2042 332 ut
2069 302 2250 334 insereren-

1279 345 1386 382 turiffi)
1422 342 1609 377 Ecclesiaef,
1642 352 1723 382 ergo
1758 352 1845 373 nunc
1879 353 2010 383 quoque
2044 345 2138 384 signo
2167 354 2251 385 opus

1280 391 1339 415 est.
1366 385 1448 415 Nam
1473 391 1645 424 utrumque
1669 386 1798 425 signnm
1823 385 1985 424 significat
2002 387 2252 425 promissionem

1279 428 1415 468 gratiae.
1449 432 1481 457 ut
1516 432 1656 456 testatur
1676 425 1809 456 Paulus.
1841 426 1912 457 Hae
1935 428 2078 458 rationes
2101 434 2251 468 sumptae

1280 475 1355 500 sunt
1389 479 1428 499 ex
1463 469 1643 508 scripturis
1691 468 1801 502 Quare
1830 467 1983 499 Ecclesia
2017 480 2082 500 non
2116 471 2251 501 instituit

1280 512 1478 552 baptismum
1492 521 1665 550 puerorum
1690 511 1832 541 humana
1854 512 2062 550 auctoritate,
2085 513 2144 543 sed
2156 522 2250 543 usur-

1280 560 1335 594 pat
1358 559 1492 594 propter
1510 554 1735 583 auctoritatem
1759 553 2004 593 seripturarum.

1366 596 1401 625 Si
1421 595 1502 625 haec
1522 596 1694 635 responsio
1713 605 1778 625 non
1797 594 1957 626 satisfacit
1977 596 2188 633 adversariis]
2206 596 2252 626 in-

1281 643 1485 679 terrogemus
1517 644 1546 667 et
1576 639 1665 676 ipsos
1688 638 1851 667 vicissim:
1881 639 1952 672 Qua
1977 638 2168 668 auctoritate
2192 637 2254 677 ipsi

1279 680 1459 720 improbent
1498 678 1718 709 universalem
1759 689 1957 710 eonsensum
1991 679 2182 717 Ecclesiae,
2223 685 2254 709 et

1280 727 1386 752 utrum
1418 722 1558 751 sentiant
1589 731 1710 760 pueros
1740 727 1834 751 extra
1858 721 2042 752 Ecclesiam
2070 721 2184 752 salvos
2206 719 2253 752 fo-

1280 764 1338 793 re?
1352 765 1396 793 9⁹)
1421 763 1490 793 Nos
1514 763 1672 792 habemus
1696 763 1852 802 generale
1871 764 2056 794 mandatum
2071 761 2254 804 Evangelii,

1279 804 1438 835 habemus
1469 804 1584 835 deimie
1614 805 1806 845 gravissima
1837 812 2030 845 argumenta
2053 816 2092 837 ex
2116 806 2254 845 scriptu-

1281 848 1326 877 ris
1356 852 1500 886 sumpta.
1531 847 1619 886 quod
1646 845 1724 876 illud
1756 846 1911 887 generale
1941 849 2129 878 mandatum
2158 847 2254 878 etiam

1282 889 1324 919 ad
1352 897 1474 929 pueros
1497 889 1664 928 pertineat.
1711 888 1808 918 Certe
1831 889 1915 918 enim
1937 888 2108 931 Evangelii
2132 888 2254 920 benefi-

1282 932 1366 961 cium
1392 940 1431 961 ac
1458 931 1633 970 promissio
1663 931 1704 961 ad
1732 940 1853 970 pueros
1881 931 2029 969 pertinet.
2074 931 2165 961 Haec
2191 931 2254 971 piis

1281 979 1312 1003 et
1335 973 1512 1003 moderatis
1532 970 1749 1002 satisfaciunt.
1805 972 1876 1003 Nec
1903 978 2045 1012 possunt
2072 972 2254 1003 adversarii

1281 1020 1397 1045 contra
1416 1016 1589 1055 quicquam
1608 1014 1725 1044 afferre
1744 1014 1885 1049 firmius;
1905 1015 1963 1044 sed
1983 1014 2111 1056 fingunt
2130 1015 2255 1054 opinio-

1279 1067 1353 1087 nem
1377 1067 1417 1086 ex
1441 1065 1536 1093 sese,
1565 1057 1637 1086 sine
1664 1057 1841 1086 autoritate
1869 1057 2052 1097 scripturae
2082 1063 2113 1087 et
2139 1054 2254 1087 Eccle-

1281 1100 1359 1129 siae.
1379 1100 1436 1136 ¹⁰⁰)

1365 1140 1534 1170 Addamus
1565 1146 1596 1170 et,
1622 1140 1750 1170 tertium
1774 1146 2000 1180 argumentum
2022 1140 2254 1179 Anabaptista-

1280 1193 1369 1219 nint,
1402 1183 1461 1213 etsi
1492 1181 1598 1212 levius
1629 1188 1697 1219 est,
1730 1192 1826 1222 quam
1856 1188 1891 1213 ut
1922 1182 2061 1212 recitare
2090 1191 2174 1221 opus
2201 1181 2254 1211 sit.

1280 1225 1469 1265 Baptismus
1493 1231 1543 1254 est
1571 1230 1718 1264 pactum,
1753 1234 1818 1264 quo
1841 1225 2057 1264 promittimus
2080 1222 2254 1254 mortifica-

1281 1269 1400 1298 tionem
1424 1267 1553 1301 earnis3
1577 1266 1720 1296 Infantes
1744 1267 1888 1296 nondum
1906 1266 1970 1296 hoc
1989 1264 2177 1307 intelligunt
2194 1275 2256 1295 nec

1280 1314 1467 1351 praestant:
1511 1307 1600 1349 Ergo
1630 1318 1696 1338 non
1719 1314 1793 1338 sunt
1819 1308 2014 1349 baptizandi.
2059 1308 2096 1337 In
2118 1307 2184 1337 hoc
2205 1317 2255 1337 ar-

1281 1357 1434 1393 gumento
1458 1349 1554 1381 valde
1573 1350 1811 1381 tumultuantur
1827 1350 2065 1390 Anabaptistae
2088 1349 2255 1379 Monaste-

1280 1395 1418 1424 rienses.
1444 1393 1511 1423 Sed
1524 1393 1630 1423 Maior
1653 1403 1693 1422 ex
1717 1402 1830 1422 errore
1851 1399 1928 1423 nata
1951 1398 2020 1427 est3
2040 1391 2160 1422 Putant
2172 1391 2256 1421 enim

1282 1436 1496 1466 Sacramenta
1524 1440 1648 1465 tantum
1678 1436 1771 1474 signa
1804 1444 1881 1465 esse
1908 1440 2097 1464 nostrorum
2121 1442 2256 1474 operum

1281 1483 1337 1508 aut.
1360 1487 1498 1513 morum,
1521 1486 1583 1506 nec
1601 1479 1625 1509 ¹)
1649 1476 1836 1517 intelligunt
1861 1487 1899 1507 ea
1917 1474 2142 1515 principaliter
2159 1476 2189 1505 si
2214 1484 2257 1504 na

1281 1529 1358 1550 esse
1381 1518 1558 1549 voluntatis
1582 1518 1645 1548 Dei
1669 1524 1700 1548 et
1725 1519 1955 1559 promissionis
1978 1527 2059 1559 erga
2081 1526 2152 1548 nos.
2225 1521 2256 1546 st

1280 1563 1379 1603 igitur
1409 1562 1560 1602 neganda
1584 1561 1699 1591 Maior.
1746 1561 1934 1600 Baptisnms
1966 1561 2050 1590 enim
2072 1556 2256 1600 principali-

1280 1609 1330 1634 ter
1353 1610 1403 1634 est
1426 1609 1557 1644 paetum
1581 1604 1705 1644 gratiae
1728 1612 1787 1633 sen
1811 1603 2040 1642 promissionis
2060 1601 2189 1632 divinae
2207 1611 2256 1633 01·-

1281 1656 1322 1687 ga
1346 1655 1420 1682 nos,
1443 1656 1508 1685 qua
1523 1647 1551 1679 2)
1581 1646 1677 1675 nobis
1701 1645 1833 1675 remittit
1854 1650 2002 1684 peccata.
2048 1643 2179 1674 Habent
2200 1653 2256 1675 au-

1280 1694 1344 1718 tem
1374 1697 1458 1727 opus
1489 1686 1629 1718 infantes
1659 1688 1853 1717 remissione
1876 1686 2003 1726 peccati
2027 1686 2181 1727 originiS‚
2214 1686 2256 1716 de

1281 1740 1345 1770 quo
1368 1739 1469 1770 supra
1492 1730 1573 1759 satis
1597 1730 1719 1760 dictum
1743 1734 1802 1759 est.
1843 1728 1882 1759 Et
1907 1731 1939 1759 in
1968 1729 2042 1768 ipsa
2069 1728 2256 1758 ceremonia

1281 1772 1414 1802 dicium:
1458 1771 1530 1811 Ego
1555 1773 1685 1811 baptizo
1709 1778 1740 1802 te
1762 1772 1794 1801 in
1818 1772 1948 1801 nomine
1971 1769 2080 1800 Patris
2104 1775 2166 1800 etc.
2189 1769 2254 1800 hoe

1280 1820 1348 1850 est,
1377 1820 1498 1850 testor,
1527 1815 1615 1854 quod
1643 1814 1704 1843 iam
1728 1813 1961 1843 reconciliatus
1984 1813 2032 1842 sis
2054 1810 2099 1842 illi
2114 1813 2144 1853 3)
2168 1811 2254 1848 Deo,

1280 1857 1333 1897 qui
1358 1861 1407 1886 est
1431 1856 1541 1893 Pater,
1564 1855 1667 1886 Filius
1691 1862 1722 1886 et
1746 1856 1886 1895 Spiritus
1911 1859 2047 1885 sanctus
2071 1859 2135 1884 etc.
2166 1853 2253 1884 Non

1278 1899 1412 1970 ilicitur:
1436 1898 1509 1940 Ego
1542 1898 1671 1938 baptizo
1695 1907 1764 1935 me,
1790 1898 1876 1938 quod
1901 1906 2011 1927 mores
2034 1896 2097 1926 mei
2113 1897 2183 1926 sim
2208 1902 2254 1926 ta-

1292 1951 1327 1971 es
1351 1946 1411 1971 010,
2092 1961 2093 1964 ,
2128 1939 2177 1963 ‘¹¹3'

1555 2015 1616 2045 DE
1639 2014 1789 2045 COENA
1811 2012 1980 2044 DOMINI.

1364 2081 1484 2112 Variae
1517 2088 1591 2112 sunt
1627 2080 1863 2122 appellationes
1896 2081 1993 2112 huius
2028 2080 2252 2118 Sacramenti3

1278 2125 1344 2156 Sed
1368 2123 1491 2155 Paulus
1521 2131 1617 2155 vocat
1647 2134 1783 2154 coenam
1805 2123 1949 2154 Domini.
1996 2122 2119 2154 Postea
2140 2122 2251 2165 appel-

1295 2218 1341 2248 98)
1362 2217 1544 2247 insererentur]
1564 2217 1604 2241 Ed.
1627 2218 1663 2241 11.
1682 2220 1707 2241 et.
1726 2217 1784 2247 opp.
1803 2219 1851 2246 typ.
1871 2222 1972 2241 errore:
1990 2217 2135 2242 inserentur

1297 2269 1343 2296 99)
1363 2267 1417 2291 sore
1426 2268 1446 2298 ἓ]
1469 2268 1539 2292 Editt.
1559 2269 1581 2291 7.
1603 2268 1624 2291 8.
1648 2268 1752 2291 11-14,
1771 2269 1796 2291 et
1815 2268 1889 2297 Opp.:
1907 2267 1979 2291 fieri?

1281 2320 1340 2347 100)
1359 2318 1504 2347 Ecclesiae]
1524 2318 1595 2342 Editt.
1616 2318 1653 2342 12.
1677 2319 1714 2342 13.
1733 2317 1850 2342 Ecclesia.

1315 2369 1340 2398 1)
1359 2368 1416 2398 ner]
1438 2369 1472 2392 sic
1491 2368 1562 2392 Editt.
1584 2369 1603 2392 l.
1622 2369 1644 2392 4.
1665 2369 1686 2392 5.
1700 2369 1738 2395 9.:
1761 2368 1832 2392 Editt.
1845 2369 1867 2392 2.
1887 2369 1901 2391 6
1914 2381 1944 2385 -
1959 2368 1981 2392 8.
2004 2368 2110 2393 11—14.
2129 2370 2154 2393 et
2172 2369 2248 2398 opu:

1363 2408 1412 2426 non
1639 2414 1642 2417 -

1313 2452 1341 2480 2)
1360 2452 1420 2482 qua]
1440 2452 1480 2476 Ed.
1503 2453 1539 2476 tl.
1558 2452 1614 2482 quia

1313 2501 1341 2530 3)
1361 2501 1409 2524 iani
1430 2502 1606 2525 reconciliatus
1625 2502 1660 2526 sis
1680 2501 1725 2530 illi]
1745 2501 1816 2526 Editt.
1834 2503 1858 2525 7.
1879 2502 1903 2526 8.
1927 2503 2032 2526 11-14.
2053 2504 2079 2526 et
2096 2501 2167 2532 opp:
2198 2503 2246 2526 iam

1363 2534 1438 2558 Filius
1458 2534 1501 2558 Dei
1520 2535 1564 2561 sis,
1583 2535 1758 2559 reconciliatus
1778 2535 1812 2558 ilii

2343 2454 2358 2485 ’ἶ
2344 2433 2358 2441 ἴ
2344 1715 2358 2427 ᾏΨΐτ-Μ-ᾼᾼ
