2358 2933
111 99 176 131 869

112 196 175 227 est,
199 201 265 221 non
284 196 418 230 propter
440 196 586 220 nostram
610 189 814 229 dignitatem,
837 188 897 218 sed
920 189 995 228 qnia
1018 189 1088 228 ipse

111 244 172 273 pro
206 234 302 263 nobis
336 232 445 262 sactus
480 238 530 262 est
564 232 707 261 victima.
753 230 843 260 Haec
874 240 947 260 00111
970 231 1001 260 111
1025 240 1087 260 usu

111 275 316 305 Sacramenti
350 274 390 303 de
423 274 631 304 invocatione
664 273 715 312 pie
739 273 936 312 cogitantur,
972 282 1012 301 cx
1036 271 1085 302 his

109 317 191 357 ipsis
225 316 388 346 exercitiis
423 315 496 345 fidei
525 316 630 356 magis
653 313 894 355 intelliguntur,
928 324 1023 354 quam
1047 325 1085 344 ex

108 358 218 399 longis
253 359 548 398 disputationibusg
592 357 631 388 Et
656 356 788 388 collatio
811 354 908 388 facile
931 357 1083 387 discernit

108 402 245 432 abusus.

375 528 434 560 De
456 534 601 570 quarto
624 529 822 567 capite.³⁴›

193 612 317 644 Contra
350 612 445 643 huius
470 612 672 643 Sacramenti
695 613 782 652 pium
807 621 917 648 050111,
952 612 992 642 de
1016 622 1081 652 quo

106 656 182 692 disi,
216 662 433 695 pervaserunt
455 655 488 684 in
511 653 698 685 Ecclesiam
721 654 905 685 horrendae
928 653 1081 694 profana-

105 699 232 734 tioneS,
265 707 348 736 quas
382 698 486 727 taxari
511 704 541 727 et
564 698 658 727 vitari
681 707 823 728 necesse
847 704 909 734 est,
934 698 1021 726 iuxta
1044 696 1081 727 il-

105 738 162 770 lud
196 740 238 776 [l.
263 740 341 770 (jor.
367 738 417 775 10,
444 739 524 776 144:
565 739 681 779 Fugite
714 739 814 769 idola.
860 740 910 769 Ac
944 740 1080 778 primum

103 788 254 812 teneatur
278 780 390 821 regula
414 782 587 820 perspicua
613 788 642 811 et
667 782 775 811 tirma:
800 781 990 812 Ceremonia
1015 792 1079 811 non

104 823 205 854 habet
227 824 387 854 rationem
411 824 628 861 Sam-amenti,
652 825 683 854 id
708 832 770 861 θ5ῖ,
794 834 859 854 non
884 831 933 853 est
951 825 1080 864 signum

104 866 231 907 gratiae
255 865 327 896 Deo
351 864 505 905 placens,
540 877 613 896 cuin
646 865 768 907 aliquid
792 867 966 896 instituitur
989 872 1080 896 extra

104 914 136 938 et
159 915 291 948 praeter
315 908 448 937 verbum
473 906 551 945 Dei,
575 915 630 939 aut
655 919 728 939 cum
753 908 1006 939 transformatur
1028 918 1080 938 00-
1100 923 1102 934 .=

103 952 249 982 remonia
282 951 315 980 in
337 960 423 988 opus
447 960 568 990 genere
591 951 767 988 diversum,
803 952 835 981 id
859 957 920 987 est,
944 952 1078 991 0011135)
1100 957 1103 964 ¹

102 991 189 1023 alius
211 993 284 1025 finis
310 993 536 1029 constituitur,
559 1003 654 1033 quam
678 995 732 1033 qui
755 1004 774 1023 a
796 993 869 1023 Deo
893 993 1080 1033 propositus

103 1041 165 1071 est,
198 1042 233 1066 ut
266 1037 294 1066 si
324 1037 397 1076 quis
431 1046 550 1076 aquam
574 1035 733 1075 Baptismi
758 1036 983 1066 circumferret
1006 1045 1080 1076 spe-

102 1078 254 1109 ctandam
288 1085 320 1109 et
354 1079 490 1108 doceret.
524 1079 554 1108 in
579 1088 617 1108 ea
640 1077 802 1108 inclusum
825 1088 901 1108 esse
925 1077 1078 1117 Spiritum

101 1128 267 1158 sanctum,
293 1128 346 1152 aut
383 1122 411 1151 si
445 1121 518 1161 quis
540 1120 707 1160 Baptismo
731 1127 875 1151 uteretur
897 1121 939 1150 ad
961 1130 1079 1150 sanan—

101 1165 175 1195 dam
203 1162 340 1203 lepram.
386 1163 431 1193 lta
455 1174 541 1193 nun(-
566 1163 695 1193 ludaiea
727 1170 756 1192 et
780 1162 918 1193 Turcica
943 1163 1079 1192 circum-

102 1206 183 1236 cisio
217 1205 339 1236 nullam
370 1205 467 1235 habet
491 1206 649 1235 rationem
672 1204 896 1242 Sacramend,
926 1203 991 1234 hoc
1014 1211 1076 1240 est.

101 1258 167 1278 non
202 1246 313 1287 placet
336 1247 420 1283 Deo,
456 1249 517 1277 sed
551 1252 599 1277 est
635 1246 859 1286 spectaculum
893 1247 1024 1286 impium
1047 1252 1079 1276 et

101 1291 288 1321 damnatum
311 1300 331 1319 a
353 1288 438 1325 Deo,
463 1288 497 1318 fit
521 1290 607 1319 enim
631 1296 747 1319 contra
769 1290 907 1319 verbum
930 1288 1004 1319 Dei.

186 1331 238 1361 Ex
262 1330 326 1362 hoc
359 1329 509 1371 exemplo
545 1329 634 1361 multi
657 1330 820 1362 manifesti
844 1332 969 1362 abusus
994 1330 1077 1361 Coe-

100 1383 163 1404 nae
184 1372 316 1404 Domini
339 1373 473 1404 iudicari
496 1380 647 1413 possunt.
692 1373 937 1414 Spectaculum,
956 1375 988 1404 in
1012 1383 1077 1414 quo

100 1416 192 1455 panis
216 1414 460 1452 circumfertur,
496 1423 585 1446 certe
608 1426 673 1446 non
697 1422 748 1446 est
770 1417 990 1447 manducatio.
1020 1416 1077 1446 Di-

100 1459 146 1489 xit
168 1463 276 1488 autem
300 1456 453 1487 Christus
474 1457 600 1494 matth.
626 1458 678 1495 26,
697 1458 782 1498 26.]:
807 1459 968 1498 Accipite,
989 1469 1078 1488 man-

101 1501 231 1532 ducate.
297 1498 386 1530 Nihil
419 1500 463 1530 ad
497 1500 700 1531 Sacramenti
734 1502 893 1531 rationem
927 1501 1078 1541 quadrat,

100 1548 227 1583 partem
249 1540 380 1572 auferre
403 1548 435 1572 et
458 1540 593 1583 alligare
616 1543 660 1573 ibi
684 1542 851 1574 Christum
874 1553 1012 1583 prorsus
1035 1544 1077 1573 si-

100 1594 142 1615 ne
175 1583 244 1615 ullo
278 1585 380 1615 verbo
411 1585 530 1614 divino.
576 1584 631 1615 Sic
654 1584 908 1616 transformatur
930 1596 1077 1617 ceremo-

101 1627 155 1657 nia
177 1627 210 1657 in
234 1636 318 1666 opus
341 1636 464 1668 genere
488 1627 664 1667 diversum,
689 1638 763 1658 cum
786 1629 896 1659 dicunt
908 1638 945 1658 se
958 1627 1078 1658 offerre

101 1668 203 1699 filium
225 1669 289 1700 Dei
323 1679 382 1709 pro
414 1670 497 1700 vivis
533 1676 564 1699 et
598 1671 734 1700 mortuis
761 1677 792 1701 et
815 1672 932 1701 mereri
956 1671 1004 1701 eis
1028 1680 1076 1700 re-

101 1712 291 1742 missionem
325 1718 547 1751 peccatorum.
594 1712 742 1754 Longius
777 1714 873 1744 etiam
897 1713 1076 1743 disceditur

101 1755 143 1784 ab
177 1755 398 1790 institutione.
433 1765 507 1785 cum
541 1754 710 1785 confertur
742 1756 784 1786 ad
819 1756 904 1786 bona
928 1756 1076 1794 corporis

100 1796 315 1836 impetranda,
338 1797 380 1827 ad
402 1797 583 1834 victoriam,
608 1798 649 1827 ad
673 1797 859 1828 felicitatem
872 1799 903 1828 in
917 1804 1076 1835 mercatu,

99 1839 142 1869 ad
173 1837 401 1878 depellendum
437 1839 597 1869 morbum.
643 1839 725 1871 Cum
754 1841 803 1871 sic
827 1840 921 1871 offert
945 1840 1076 1871 Sacrifi-

101 1880 214 1918 culus,
249 1887 283 1911 ut
317 1880 390 1911 aliis
413 1879 496 1912 haee
520 1882 605 1912 bona
630 1883 790 1922 impetret,
824 1892 878 1913 res
902 1882 1012 1913 aliena
1035 1884 1075 1913 ab

99 1924 301 1954 institutione
323 1924 441 1964 agitur.
486 1923 696 1955 Alienissima
731 1935 810 1955 vero
835 1931 897 1962 est,
921 1936 995 1956 011111
1017 1924 1076 1955 Sa-

100 1965 238 1996 crificuli
274 1966 396 2006 ignari,
442 1966 520 2006 quid
552 1973 672 2006 agant,
710 1973 833 1998 tantum
868 1969 919 1998 sui
952 1968 1076 1998 ventris

100 2017 221 2038 caussa
242 2007 328 2038 hanc
352 2007 551 2039 oblationem
574 2012 623 2047 (ut
649 2016 782 2041 vocant)
807 2008 941 2040 faciunt.

175 2049 245 2080 Etsi
258 2056 363 2080 autem
376 2050 447 2080 scio
461 2052 721 2090 pertinacissime
734 2050 864 2082 defendi
876 2051 938 2083 hos
951 2052 1076 2082 abusus

100 2097 133 2122 et
156 2092 308 2122 excusari
332 2093 519 2133 praestigiis
538 2100 644 2124 astute
669 2095 822 2135 cogitatis
847 2102 877 2125 et
901 2095 1002 2124 variis
1028 2094 1077 2125 fu—

99 2135 148 2164 cis
182 2134 287 2174 pingi3
320 2140 429 2164 tamen
452 2135 495 2174 pii
518 2136 590 2175 pios
612 2135 800 2174 hortentur,
836 2144 869 2167 ut
893 2136 979 2167 hanc
1002 2136 1077 2167 hor·

98 2177 233 2206 rendam
266 2175 527 2216 profanationem
561 2177 698 2218 fugiant,
719 2180 814 2217 „iuxta
839 2178 936 2217 illud,
960 2179 1077 2221 Fugite

98 2217 199 2255 idola,
234 2224 266 2249 et
300 2219 427 2249 discant
463 2220 550 2258 pium
578 2231 674 2251 usum
697 2221 911 2252 Sacramenti.
958 2221 999 2252 Ut
1021 2233 1077 2253 au-

98 2265 164 2291 tem
186 2270 318 2300 semper
336 2260 489 2300 publicae
513 2260 727 2299 calamitates,
751 2274 927 2305 regnorum
951 2266 1074 2302 ruinae,

98 2302 198 2340 bella,
241 2305 456 2340 vastationes9
490 2305 686 2343 seditiones,
719 2304 849 2336 furores
882 2307 1075 2346 principum,

99 2343 215 2382 sames,
237 2345 455 2385 pestilentiae,
479 2344 607 2377 fuerunt
630 2357 759 2388 poenae
770 2348 887 2380 horum
900 2348 1075 2386 scelerum,

99 2471 146 2502 34)
165 2472 245 2501 capite
264 2473 396 2497 omittunt
414 2472 486 2497 Editt.
504 2472 528 2495 6.
550 2472 573 2495 7.
595 2474 633 2497 12.

99 2521 146 2551 35)
164 2528 221 2546 cum
240 2522 371 2548 omittunt
389 2523 460 2547 Editt.
479 2523 551 2547 1-4.
570 2523 594 2547 6.
615 2523 638 2547 7.
657 2524 680 2546 9.
703 2524 739 2547 12.

592 96 613 126 Ι.
636 95 737 126 LOCI
759 94 1036 126 THEOLOGICI:
1057 95 1100 126 D.

1123 95 1283 127 TERTIA
1305 96 1461 128 EORUM
1484 98 1640 131 AETAS.
2043 104 2107 135 870

1131 190 1307 229 praecipue
1342 189 1451 220 cultus
1479 189 1653 228 idolorum,
1687 192 1879 224 iniustarum
1903 196 2050 227 caedium
2073 204 2104 228 et

1132 230 1314 267 libidinum3
1360 233 1402 262 ita
1446 234 1588 263 arbitror
1632 235 1779 275 grassari
1823 246 1915 266 arma
1956 238 2104 276 Turcica,

1129 276 1306 313 praecipue
1327 280 1461 314 propter
1483 274 1569 305 idola
1593 276 1624 305 in
1649 275 1831 307 Ecclesiam
1854 279 2002 316 invecta,
2030 291 2104 320 pro-

1127 316 1311 347 fanationes
1346 316 1544 355 Missam-n,
1576 319 1803 349 invocationes
1837 327 2038 353 mortuorum
2072 329 2103 353 et

1128 365 1261 399 propter
1284 369 1387 400 vagas
1408 359 1567 390 libidines.
1614 361 1754 391 Oremus
1784 363 1882 403 igitur
1903 363 2004 395 filium
2027 364 2102 402 Det,

1127 407 1161 431 ut
1186 411 1317 431 errores
1341 402 1484 442 corrigat
1509 409 1539 432 et
1560 413 1686 442 poenas
1709 405 1842 445 mitiget.

1212 452 1282 482 Nec
1316 462 1396 482 vero
1427 463 1509 492 opus
1544 460 1594 483 est
1628 453 1726 494 longa
1762 455 1979 495 disputatione
2011 458 2043 487 in
2066 468 2102 488 re

1126 493 1309 524 manifesta.
1356 494 1397 525 [t
1422 494 1497 525 olim
1516 495 1696 526 Pharisaici
1719 499 1911 528 sacerdotes
1935 498 2101 539 fingebant

1127 547 1164 567 se
1188 538 1304 567 mereri
1328 538 1554 567 remissionem
1574 544 1787 578 peccatorum
1811 542 1877 570 suis
1901 543 2100 572 mactationi-

1128 581 1205 611 bus:
1240 580 1283 609 ita
1312 579 1472 609 finxerunt
1497 579 1649 610 Monachi
1673 588 1703 611 et
1729 582 1903 613 sacrificuli
1927 594 1986 613 sua
2010 584 2099 614 obla-

1127 623 1214 652 tione
1253 622 1369 651 mereri
1405 624 1498 662 50116)
1536 624 1761 653 remissionem
1798 631 2007 664 peccatorum
2038 627 2099 656 sibi

1102 659 1157 693 Ι01
1191 663 1275 699 aliis,
1309 665 1392 694 vivis
1428 671 1458 694 et
1493 666 1641 695 mortuis.
1689 665 1722 695 ln
1757 665 1820 697 hoc
1845 677 1956 697 errore
1979 666 2099 698 multae

1126 705 1232 736 falsae
1267 708 1352 738 et37)
1386 707 1592 746 perniciosae
1626 709 1857 747 persuasiones
1883 710 2099 748 continentur,

1127 747 1278 779 videlicet
1314 749 1401 789 quod
1436 759 1499 779 una
1523 748 1643 779 Christi
1677 752 1789 790 passio
1812 762 1877 781 non
1902 751 2098 782 satisfecerit

1126 801 1184 831 pro
1218 792 1371 821 universa
1396 790 1565 825 Ecclesia,
1600 793 1716 822 deinde
1745 795 1831 833 quod
1855 794 2001 824 homines
2022 805 2098 824 0011-

1127 840 1305 874 sequantur
1339 833 1635 864 reconciliationem
1667 842 1798 875 propter
1832 835 1909 866 illud
1940 846 2022 876 opus
2047 847 2097 866 sa-

1125 875 1279 911 crificuli,
1314 886 1378 906 11011
1414 876 1532 907 fiducia
1556 877 1799 907 misericordiae
1822 879 2003 918 promissae
2025 888 2098 918 pro-

1125 925 1197 958 pter
1230 917 1330 948 filium
1353 918 1415 948 Dei
1449 929 1508 957 pro
1532 919 1626 949 nobis
1652 920 1851 950 crucifixum.
1896 920 1936 950 Et
1959 931 2097 961 sequun-

1125 968 1177 990 tur
1200 959 1253 990 alii
1277 971 1408 991 errores
1432 960 1555 1001 plnres.

1211 1003 1416 1043 Upponenda
1450 1009 1499 1033 est
1535 1004 1633 1043 igitur
1665 1003 1716 1034 his
1751 1003 1915 1035 furoribus
1950 1007 2099 1037 doctrina

1100 1047 1202 1093 jvera
1238 1046 1278 1075 de
1312 1046 1427 1075 merito
1461 1047 1627 1085 passionis
1651 1045 1784 1083 Christi,
1819 1048 1859 1077 de
1893 1058 1956 1089 quo
1981 1049 2098 1079 dicitur

1100 1086 1204 1127 'Cap
1242 1087 1289 1117 10.
1316 1090 1378 1124 [vs.
1416 1088 1479 1125 lt]
1514 1089 1555 1118 ad
1590 1088 1776 1119 Hebraeos:
1824 1089 1895 1120 [na
1933 1090 2097 1121 oblatione

1100 1105 1362 1160 iconsunnnavit
1404 1137 1549 1160 sanctos.
1607 1130 1686 1161 Sola
1720 1132 1818 1172 igitur
1853 1131 1973 1163 Christi
2007 1143 2096 1163 mors

1099 1161 1102 1219 Ι
1124 1171 1183 1202 fuit
1218 1172 1413 1202 sacrificium
1448 1183 1508 1212 pro
1533 1173 1683 1203 omnibus
1708 1175 1830 1203 nostris
1854 1176 2009 1215 peccatis,
2033 1185 2097 1205 non

1124 1213 1186 1244 alia
1207 1224 1306 1253 opera
1332 1213 1478 1244 Levitica
1501 1221 1555 1245 aut
1579 1221 1695 1255 postea
1718 1223 1842 1246 secuta.

1209 1255 1338 1286 Deinde
1360 1255 1566 1287 manifestum
1591 1259 1676 1297 0135)
1700 1257 1764 1288 hoe
1788 1265 1848 1295 est,
1872 1260 2096 1290 remissionem

1123 1304 1334 1339 peccatorum
1357 1299 1421 1329 fide
1444 1309 1506 1329 nos
1529 1306 1664 1340 propter
1677 1299 1852 1338 Christum,
1876 1312 1941 1331 0011
1964 1308 2098 1342 propter

1124 1339 1225 1371 ullum
1249 1351 1331 1381 opus
1354 1348 1503 1372 nostrum
1527 1349 1582 1372 aut
1605 1342 1780 1373 sacrificuli
1813 1344 1977 1384 accipere,
2011 1346 2098 1375 iuxta.

1098 1381 1102 1426 ᾗ
1123 1384 1317 1414 sententiam
1346 1385 1548 1415 notissimam
1569 1391 1601 1415 et
1624 1385 1858 1416 firmissimam:
1905 1386 2012 1416 Iustus
2036 1396 2097 1417 sua

1123 1426 1187 1456 fide
1220 1427 1366 1465 vivit.3⁹)
1423 1426 1473 1456 Ex
1502 1426 1553 1457 his
1577 1426 1674 1458 facile
1697 1429 1737 1458 ab
1762 1429 1911 1458 omnibus
1934 1429 1994 1469 piis
2019 1430 2095 1459 diiu-

1158 1479 1196 1498 ca
1260 1475 1400 1508 possunt
1435 1469 1589 1500 horrendi
1623 1471 1764 1507 abusus,
1800 1480 1884 1511 quos
1908 1470 2095 1508 sacrificuli,

1123 1512 1178 1551 qui
1212 1521 1347 1541 coenam
1367 1511 1497 1542 Domini
1530 1512 1562 1542 in
1586 1519 1756 1553 quaestum
1780 1512 1962 1550 conferunt,
1988 1513 2096 1543 defen-

1123 1555 1214 1584 dunt.

1208 1595 1381 1626 Postremo
1405 1597 1491 1626 unde
1514 1602 1618 1627 ortum
1643 1603 1710 1634 051,
1735 1598 1822 1638 quod
1846 1598 1956 1629 dicunt
1979 1608 2015 1628 se
2038 1597 2095 1628 fili-

1123 1649 1175 1668 um
1199 1638 1261 1669 Dei
1296 1638 1433 1669 offerre?
1456 1638 1577 1680 Magna
1611 1650 1665 1670 res
1701 1646 1750 1670 est
1785 1640 1914 1677 offerre,
1945 1640 2095 1671 videlicet

1122 1691 1309 1722 agnoscere
1342 1682 1423 1711 iram
1446 1681 1564 1715 Dei⁴0›
1598 1683 1760 1712 adversus
1793 1689 1929 1722 peecata
1964 1684 2095 1724 generis

1122 1722 1264 1760 humani,
1301 1730 1330 1754 et
1354 1723 1428 1753 hnic
1451 1724 1519 1754 irae
1537 1734 1613 1754 sese
1637 1726 1810 1761 subiicere,
1836 1731 1866 1755 et
1885 1724 2096 1756 Mediatorem

1122 1776 1197 1796 esse
1220 1767 1304 1796 inter
1327 1766 1432 1796 Deum
1453 1772 1482 1796 et
1506 1776 1610 1807 genus
1634 1766 1825 1804 humanum,
1861 1773 1891 1797 et
1914 1769 2040 1809 ingredi
2064 1769 2096 1798 in

1122 1815 1272 1839 sanctum
1307 1815 1497 1839 sanctorum
1532 1809 1573 1839 ad
1596 1808 1712 1839 Deum.
1757 1810 1833 1840 ldeo
1862 1810 1903 1839 ad
1926 1810 2096 1842 Hebraeos

1122 1850 1202 1890 Cap.
1226 1850 1257 1880 9.
1282 1854 1345 1889 [vs.
1372 1851 1433 1887 124
1459 1852 1589 1882 dicitur:
1630 1852 1694 1882 Per
1717 1853 1882 1892 proprium
1904 1854 2096 1894 sanguinem

1122 1894 1255 1923 intravit
1289 1892 1391 1923 semel
1424 1894 1455 1923 in
1490 1900 1605 1925 sancta
1631 1900 1833 1931 sanctorum,
1857 1900 2023 1926 aeternam
2046 1906 2095 1926 re-

1123 1936 1344 1975 demptionem
1376 1936 1557 1966 inveniens.
1603 1936 1695 1967 Item:
1731 1937 1792 1971 Qui
1817 1937 1939 1977 Spiritu
1962 1943 2095 1969 aeterno

1123 1988 1160 2008 50
1184 1979 1289 2018 ipsum
1315 1976 1648 2018 obtulitinculpatum
1667 1978 1752 2009 Deo.
1779 1980 1862 2010 Sese
1875 1978 2094 2011 obtulitChri-

1123 2027 1206 2050 stus:
1242 2021 1391 2051 nostrum
1416 2027 1465 2051 est
1488 2031 1674 2062 agnoscere
1703 2021 1790 2051 illam
1815 2023 1855 2051 ab
1879 2023 1950 2061 ipso
1975 2021 2093 2053 factam

1124 2061 1325 2093 oblationem
1349 2069 1381 2093 et
1405 2064 1539 2094 credere
1561 2073 1621 2104 per
1644 2074 1716 2094 eam
1739 2065 1833 2093 nobis
1857 2063 2020 2104 placatum
2045 2075 2093 2096 es-

1123 2115 1160 2135 se
1182 2112 1350 2136 aeternum
1363 2105 1493 2136 Patrem
1517 2112 1548 2136 et
1570 2117 1631 2147 pro
1655 2116 1694 2136 ea
1719 2107 1842 2147 gratias
1855 2116 1964 2147 agere.
2004 2107 2094 2138 Haec

1123 2148 1332 2178 considerent
1354 2149 1398 2187 pii
1416 2155 1448 2179 et
1471 2158 1550 2179 vera
1572 2149 1757 2179 testimonia
1781 2149 1901 2179 veteris
1923 2148 2093 2181 Ecclesiae

1121 2290 1166 2320 36)
1186 2297 1214 2316 se
1233 2291 1365 2316 omitum!
1383 2292 1454 2316 Editt.
1477 2294 1495 2314 1.
1515 2294 1537 2314 .·;.

1121 2342 1166 2371 37)
1186 2344 1211 2366 et
1229 2342 1362 2367 omittunt
1379 2343 1452 2367 Editt.
1477 2344 1496 2365 1.
1517 2342 1540 2366 3.

1120 2392 1166 2422 38)
1187 2395 1212 2416 et
1231 2393 1363 2417 omitlmzt
1381 2393 1452 2417 Edittt.
1476 2395 1496 2415 1.
1516 2393 1539 2416 3.

1121 2442 1166 2471 39)
1185 2442 1263 2500 filit}
1281 2443 1353 2467 Etim.
1374 2443 1413 2465 21.
1438 2444 1477 2467 22.
1497 2444 1536 2468 24.
1556 2444 1587 2468 28
1606 2457 1638 2461 —
1657 2444 1706 2470 3⁴..
1727 2445 1797 2474 corp.
1817 2446 1831 2467 2
1845 2459 1873 2461 ῌ
1893 2446 1925 2471 s..
1944 2448 2003 2476 opp.
2027 2447 2046 2471 1.
2066 2447 2087 2469 2.

1190 2482 1244 2500 vu‘e
1258 2495 1263 2500 .

1121 2526 1169 2555 40)
1188 2526 1251 2549 iram
1270 2525 1324 2556 Dei]
1345 2526 1416 2551 Editt.
1438 2528 1458 2551 l.
1477 2526 1500 2549 3.
1519 2528 1562 2552 Dei
1580 2528 1642 2552 iram
1889 2563 1934 2585 55*
