2358 2933
244 106 303 134 7⁸.-
867 106 966 137 run,
1005 105 1106 139 MEL.
1131 106 1316 140 SCRIPTA
1334 108 1604 141 DOGMATICA.
1825 83 1834 91 ⁴
2162 111 2223 143 788

628 248 822 281 Quintum.

397 324 510 353 Gratia
534 333 645 353 sumus
669 324 756 354 iusti.

397 365 509 394 Gratia
534 371 581 394 est
607 363 738 395 dilectio
763 364 869 396 infusa
892 366 993 401 cordi,

397 405 484 446 Ergo
509 405 683 437 dilectione
707 405 812 438 infusa
834 416 946 437 sumus
971 408 1054 438 iusti.

425 498 476 527 Ad
500 499 655 528 minorem
679 499 942 538 respondendum
967 506 1028 529 est.

330 575 440 604 (Gratia
466 575 596 613 proprie
622 573 784 615 significat
815 575 1071 605 misericordiam
1094 576 1214 615 gratui-

244 626 305 646 tatn
332 626 387 646 seu
413 616 672 656 acceptationem
697 618 870 656 gratuitam
893 622 1025 657 propter
1038 615 1214 647 Christum.

243 659 323 688 Noni
359 668 431 688 cum
454 658 588 694 dieitur,
623 658 685 688 Per
708 660 846 698 gratiam
870 658 1029 690 habemus
1052 659 1215 689 remissio-

244 711 327 731 nten,
352 702 377 730 si
402 701 449 730 si(-
472 699 655 740 intelligas,
681 707 814 740 propter
837 701 975 731 donatas
1000 702 1136 732 virtutes
1159 699 1214 730 ha-

245 744 357 772 bentus
383 743 624 779 remissionem,
649 741 745 782 plane
769 749 898 773 evertes
922 749 1022 773 totam
1036 741 1129 773 Pauli
1143 751 1214 772 sen-

243 786 373 814 tentiam
395 792 423 814 et
444 785 654 814 conscientiis
673 785 796 814 adimes
818 794 927 815 veram
946 783 1214 815 consolationem.

242 827 314 856 Non
339 828 421 857 enim
447 835 579 857 nostras
604 825 776 867 qualitates
800 826 913 857 intueri
937 827 1113 863 debemus,
1142 836 1214 856 cum

241 870 390 909 angimur
414 869 454 899 de
479 869 682 903 remissione,
705 868 764 899 sed
789 867 967 909 confugere
992 868 1033 898 ad
1056 867 1214 898 Mediato-

241 921 319 941 rem.
366 910 400 941 ln
425 910 486 940 hac
510 911 581 948 ipsa
605 908 692 939 lucta
717 910 816 939 corda
840 911 935 940 etiam
955 909 1074 950 Spiritu
1099 915 1213 940 sancto

241 956 407 983 iux-antur:
430 953 513 981 sicut
539 949 660 981 Paulus
683 952 783 991 inquit
807 951 910 990 [Rom.
935 952 967 989 S,
992 951 1074 989 15.J:
1116 951 1215 982 Dedit

241 993 407 1032 Spiritum.
432 994 462 1022 in
487 1003 550 1032 quo
576 992 753 1024 clamamus
777 994 873 1024 Abba
898 993 1013 1029 Pater3
1055 993 1095 1024 Et
1119 994 1213 1024 docet

241 1035 272 1064 in
309 1033 361 1064 tali
396 1042 484 1065 motu
519 1034 593 1065 fidei
627 1035 695 1066 dari
721 1036 874 1075 Spin-ittun
898 1042 1060 1073 sanctum,
1084 1034 1158 1066 Gal.
1182 1035 1212 1066 3.

241 1083 303 1112 ivs.
332 1077 393 1113 141
418 1076 458 1106 L‘t
491 1077 741 1115 promissionem
765 1078 903 1118 Spiritus
927 1079 1125 1118 accipiamus
1154 1088 1214 1118 per

241 1118 345 1148 fident-
392 1120 501 1153 Quare
532 1130 603 1149 rum
629 1118 681 1150 illa
712 1121 940 1160 acceptatione
964 1121 1139 1151 coniuncta
1163 1126 1211 1150 est

240 1161 370 1191 donatio
395 1162 534 1200 Spiritus
558 1163 675 1197 saneti,
699 1171 804 1202 neque
827 1168 933 1193 tamen
957 1163 1122 1202 sequitur,
1151 1172 1212 1192 nos

240 1210 374 1242 propter
409 1201 481 1233 illas
516 1214 620 1233 novas
652 1205 788 1235 virtutes
824 1204 946 1235 habere
977 1203 1212 1235 reconciliatio·

240 1254 322 1274 nem.

639 1340 808 1370 Sextum.

325 1415 527 1455 impos-sibile
563 1423 609 1445 est
646 1426 746 1446 nosse
770 1414 968 1446 voluntatem
993 1415 1095 1455 Deifi)
1132 1426 1211 1456 erga

239 1468 308 1487 110⁵.

325 1500 469 1530 freden:
504 1500 590 1539 quod
625 1501 725 1530 simus
750 1501 780 1529 in
805 1501 921 1541 gratia,
946 1506 994 1530 est
1018 1499 1139 1540 aliquid
1164 1499 1210 1530 af-

239 1541 367 1571 firmare
391 1543 430 1572 de
454 1541 622 1572 voluntate
646 1541 708 1573 Dei
731 1552 811 1582 erga
834 1552 904 1572 nos,

324 1583 410 1625 Ergo
446 1583 646 1623 impossibile
681 1584 831 1624 quiddam
865 1582 1030 1614 aftiimare
1052 1584 1209 1622 xddemur,

239 1636 310 1656 cum
346 1628 495 1657 dicimus:
543 1626 750 1657 Credendum
784 1636 878 1663 esse,
921 1626 1008 1667 quod
1043 1627 1144 1657 simus
1179 1628 1209 1657 in

239 1676 351 1707 gratia.
1096 1701 1098 1703 ,

325 1710 537 1750 Respondeoz
574 1707 751 1741 Maiorest
776 1721 865 1748 vera,
890 1711 930 1741 de
955 1709 1122 1741 voluntate
1145 1721 1209 1741 non

239 1752 383 1783 revelata
418 1763 475 1793 per
510 1754 645 1783 verbum
675 1752 747 1783 Dei.
804 1752 936 1783 Certum
961 1758 1011 1783 est
1041 1758 1147 1783 autem
1178 1754 1209 1783 in

236 1794 429 1835 Evangelio.
464 1796 550 1835 quod
574 1794 659 1825 filius
682 1794 745 1825 Dei
768 1794 903 1835 protulit
926 1805 966 1825 ex
1001 1795 1073 1825 sinu
1107 1802 1209 1825 aeter-

238 1838 267 1867 ni
293 1837 410 1873 Patris‚
436 1838 591 1878 praecipi,
615 1844 647 1868 ut
671 1835 883 1875 affirmemus,
901 1838 997 1868 nobis
1015 1836 1122 1868 Deum
1135 1848 1209 1878 pro-

238 1880 347 1918 pitium
389 1890 463 1910 esse
504 1887 638 1920 propter
676 1879 900 1910 Mediatorem.
964 1879 1032 1911 Sed
1068 1879 1209 1910 humana

237 1932 329 1952 mens
354 1933 514 1962 oppressa
538 1920 676 1952 naturali
696 1921 838 1962 caligine
861 1929 915 1952 aut
930 1921 1033 1964 Legis
1057 1922 1209 1962 opinione

237 1972 324 2004 putat
363 1963 501 1995 delirare
535 1975 625 2000 eunt,
660 1965 712 2004 qui
736 1964 875 1995 affirmat
899 1974 936 1994 se
958 1964 1080 1996 habere
1102 1963 1209 1995 Deum

236 2007 420 2046 propitium.
466 2007 635 2037 Adversus
658 2005 719 2036 has
743 2007 989 2047 imaginationes
1013 2008 1101 2037 scias
1125 2006 1209 2037 hanc

238 2051 341 2089 ipstnn
379 2060 491 2080 vocem
516 2047 686 2089 Evangelii
717 2049 866 2079 traditam
901 2059 997 2086 esse,
1031 2050 1105 2080 ideo
1135 2050 1210 2080 mis·-

238 2102 308 2121 sum
334 2102 410 2121 esse
433 2090 532 2121 filium
545 2091 607 2121 Dei
631 2097 661 2121 et
681 2091 787 2121 datam
806 2092 1067 2131 promissionem,
1090 2098 1123 2122 ut
1146 2091 1210 2122 hoc

237 2136 341 2173 ipsunt
366 2135 536 2164 credamus
560 2140 593 2164 et
615 2132 824 2164 affirmemus.

324 2177 390 2206 Sed
425 2176 523 2206 dicis.
558 2176 709 2206 Additam
733 2186 810 2206 esse
845 2176 1061 2207 conditionem
1096 2175 1209 2216 Legis.

240 2218 452 2258 Respondeoz
490 2218 556 2248 Etsi
579 2219 775 2258 poenitentia
800 2224 849 2248 est
872 2220 1080 2255 necessaria,
1104 2224 1209 2248 tamen

240 2272 303 2290 non
328 2261 442 2300 pendet
470 2261 615 2291 remissio
639 2270 677 2290 ex
702 2261 858 2301 dignitate
881 2267 1011 2298 nostra,
1036 2261 1095 2291 sed
1119 2266 1209 2290 certa

239 2311 286 2333 est
325 2309 456 2343 propter
479 2302 654 2333 Christum.
700 2302 809 2333 David
842 2311 915 2342 post
950 2302 1078 2343 lapsum
1103 2312 1208 2343 agens

241 2346 467 2385 poenitentiam
492 2346 599 2374 statuit
625 2355 662 2375 se
689 2355 765 2375 vere
788 2346 886 2385 recipi
909 2346 939 2375 in
965 2345 1119 2386 gratiam,
1153 2355 1209 2375 au-

241 2389 305 2417 dita
340 2387 399 2417 hac
433 2397 530 2416 vot-e:
576 2387 735 2417 Dominus
760 2386 893 2418 abstulit
916 2394 1087 2428 peccatum
1109 2393 1207 2417 tuum.

242 2523 268 2551 6)
289 2524 330 2548 net
349 2523 427 2548 abes!
445 2523 478 2547 ab
497 2523 568 2547 Editt.
591 2524 661 2546 1—4.
681 2523 703 2545 6.
725 2523 746 2544 7.
766 2524 789 2546 9.
813 2524 850 2549 12,

1234 199 1402 238 ,Eandem
1430 210 1546 232 vocem
1576 210 1654 232 vere
1676 200 1769 232 affert
1791 200 1928 242 singulis
1951 202 2123 242 agentibus
2146 212 2223 243 poe-

1234 249 1237 284 ]
1257 242 1424 273 nitentiam
1446 243 1680 273 administratio
1703 242 1891 284 Evangelii3
1914 242 1955 273 Et
1972 243 2158 274 mandatum
2168 244 2224 274 im-

1234 285 1237 306 ῖ
1258 282 1409 314 mutabile
1431 290 1493 321 est,
1516 290 1549 314 ut
1573 283 1639 314 tilio
1662 283 1724 315 Dei
1747 285 1936 315 credamus:
1960 283 2079 315 HUNC
2100 283 2224 315 AUDI-

1234 320 1237 350 ι’
1257 325 1319 356 ΤΕ,
1356 325 1547 366 Quanquam
1570 326 1669 366 igitur
1691 325 1851 357 humanae
1873 327 1970 356 menti
1993 326 2058 356 hoc
2080 332 2224 356 statuere

1234 354 1238 395 i
1258 368 1385 398 videtur
1413 368 1608 404 absinduin,
1643 373 1749 398 tamen
1772 368 1990 409 imaginationi
2013 368 2146 398 rationis
2169 378 2224 407 op-

1258 418 1416 449 ponamus
1438 410 1691 449 promissionem
1714 415 1746 439 et
1769 409 1955 440 mandatum
1977 409 2057 445 Dei,
2091 415 2126 439 ut
2148 419 2225 439 vere

1258 452 1413 481 invocare
1434 450 1542 482 Deum
1575 452 1750 482 discamus.
1780 450 1862 481 Nam
1895 451 1950 481 ubi
1983 461 2049 482 non
2071 456 2122 481 est
2143 450 2225 481 haec

1260 491 1353 528 fides,
1387 502 1472 533 quae
1506 495 1603 524 sentit
1638 503 1699 523 nos
1736 493 1835 533 recipi
1870 498 1902 522 et
1923 493 2069 523 exaudiri
2091 499 2226 533 propter

1258 534 1483 572 Mediatorem‚
1517 536 1560 565 ibi
1592 534 1682 565 nulla
1715 541 1765 565 est
1798 534 1972 565 invocatio.
2027 533 2136 568 Quare
2169 534 2226 564 do-

1260 577 1381 613 ctrina,
1417 586 1500 616 quae
1524 578 1610 608 iubet
1635 577 1801 612 dubitare,
1838 582 1887 607 est
1910 575 2048 606 Ethnica
2078 581 2107 605 et
2142 573 2225 605 tollit

1259 618 1510 649 invocationem.

1627 712 1853 753 Septimum.

1347 786 1450 816 Nemo
1472 785 1596 826 placet,
1618 788 1680 817 nisi
1703 787 1829 818 habens
1853 798 1958 820 novos
1981 790 2110 822 habitas
2134 798 2228 823 ortos

1259 838 1278 857 a
1302 828 1425 868 Spiritu
1447 834 1574 859 sancto.

1344 869 1446 900 Nemo
1480 877 1589 910 potest
1622 869 1805 909 affirmare,
1839 881 1876 902 se
1897 871 2019 903 habere
2041 873 2116 904 illos
2138 874 2227 907 habi÷

1259 917 1323 948 ωε,
1347 913 1423 952 quia
1444 919 1584 952 possunt
1606 922 1683 944 esse
1705 913 1842 944 virtutes
1866 913 2000 951 similes,
2022 921 2114 946 ortae
2134 926 2155 946 a
2176 926 2228 946 ra·

1259 954 1356 985 tione.

1344 995 1433 1036 Ergo
1457 1005 1552 1026 nemo
1575 1003 1685 1036 potest
1708 995 1884 1034 affirmare,
1909 1008 1946 1029 se
1968 996 2110 1038 placere.
2200 1035 2201 1038 Ἰ

1343 1038 1501 1078 Neganda
1535 1044 1585 1068 est
1618 1039 1733 1069 minor.
1777 1038 1848 1070 Etsi
1870 1040 1954 1070 enim
1976 1040 2018 1071 de
2040 1039 2228 1072 reconcilia*

1257 1080 1345 1110 tione
1368 1090 1433 1110 non
1458 1090 1498 1111 ex
1521 1081 1644 1111 nostris
1667 1079 1831 1112 habitibus
1855 1082 2061 1113 statuendum
2083 1084 2227 1120 estrsed

1257 1132 1298 1153 ex
1321 1128 1412 1152 certa
1433 1123 1651 1162 promissione
1674 1122 1745 1160 Dei,
1770 1129 1892 1160 tamen,
1916 1134 1989 1155 cum
2012 1134 2070 1155 cor
2093 1125 2228 1167 erigitur

1256 1164 1320 1195 fide
1343 1165 1375 1194 in
1398 1165 1577 1204 pavoribus
1601 1175 1660 1196 seu
1683 1166 1897 1205 poenitentia,
1930 1175 2008 1196 vere
2029 1166 2124 1198 etiam
2145 1166 2226 1198 fiunt

1256 1208 1332 1237 novi
1366 1213 1474 1237 motus
1496 1206 1700 1247 spirituales,
1735 1208 1853 1247 quibus
1876 1209 1907 1238 in
1930 1208 2138 1240 invocatione
2160 1207 2227 1239 cla·

1255 1258 1380 1279 mamus
1414 1249 1512 1279 Abba
1534 1248 1648 1286 Pater,
1682 1255 1714 1279 et
1747 1254 1854 1279 tamen
1888 1249 2007 1280 fiducia
2038 1250 2183 1282 intuetur
2196 1251 2225 1291 ⁷)

1256 1291 1482 1327 ineditum-em,
1503 1300 1566 1321 non
1590 1297 1735 1321 nostram
1759 1292 1946 1322 novitatem.
1971 1290 2123 1322 Ceterum
2140 1290 2225 1329 illud

1256 1343 1386 1373 semper
1419 1333 1523 1369 addo,
1558 1343 1599 1363 ne
1633 1339 1824 1373 perseveret
1857 1332 2009 1364 voluntas
2042 1334 2074 1364 in
2098 1331 2225 1364 delictis

1257 1382 1370 1405 contra
1393 1375 1641 1405 conscientiam:
1666 1374 1741 1405 Ideo
1765 1374 1903 1405 loannes
1926 1376 2027 1415 inquit
2050 1375 2094 1413 [1.
2119 1385 2170 1416 ep.
2192 1375 2223 1412 3,

1254 1417 1334 1456 21.]:
1359 1416 1394 1447 Si
1418 1427 1476 1447 cor
1498 1423 1645 1447 nostrum
1668 1427 1734 1446 non
1758 1417 1952 1447 condemnat
1973 1426 2053 1455 nos,
2075 1416 2225 1448 fiduciam

1254 1459 1414 1490 habemus
1438 1459 1479 1489 ad
1492 1458 1610 1495 Deum,
1634 1458 1734 1498 quod,
1757 1459 1783 1488 si
1808 1459 1883 1499 quid
1907 1458 2225 1499 petimus‚.accipie7

1254 1511 1325 1532 mus
1347 1502 1388 1531 ab
1413 1511 1462 1531 eo.
2076 1514 2077 1517 ¹

1641 1594 1840 1625 Octavum.

1340 1670 1485 1700 Virtutes
1519 1668 1737 1711 Theologicae
1773 1677 1847 1702 sunt
1881 1672 2068 1702 distinctae:
2114 1671 2222 1708 Fides,

1254 1711 1352 1752 Spes,
1374 1711 1528 1742 Dilectio.

1339 1753 1373 1784 Si
1408 1753 1490 1785 fides
1521 1754 1683 1795 significat
1716 1755 1884 1792 fiduciam,

1252 1796 1355 1837 Spes:

1337 1837 1427 1880 Ergo
1452 1849 1517 1869 non
1540 1839 1697 1869 retinetur
1719 1840 1883 1870 distinctio
1907 1841 2068 1871 virtutum.

1338 1880 1551 1921 Respondeo:
1592 1880 1742 1912 Fatemur
1765 1891 1893 1920 semper
1915 1887 2068 1921 oportere
2090 1882 2223 1912 coniun-

1253 1929 1323 1954 ctas
1347 1932 1433 1960 esse,
1457 1929 1489 1953 et
1512 1933 1584 1953 cum
1609 1923 1754 1960 dicimus,
1768 1923 1934 1954 Hominem
1958 1922 2022 1953 fide
2044 1922 2222 1959 iustificari,

1253 1965 1390 1996 diximus
1414 1975 1525 2005 supra,
1550 1966 1580 1997 id
1603 1962 1738 2005 intelligi
1763 1963 1973 2000 correlative3
2006 1964 2076 1996 Nec
2099 1965 2222 2006 signifi-

1254 2009 1331 2046 cari,
1362 2008 1449 2047 quod
1483 2012 1616 2047 propter
1648 2006 1744 2036 huius
1779 2007 1906 2037 virtutis
1935 2007 2124 2048 dignitatem
2146 2007 2222 2045 iusti

1253 2050 1372 2086 simus,
1408 2049 1467 2080 sed
1494 2055 1629 2088 propter
1652 2047 1875 2079 Mediatorem.
1919 2049 1976 2079 Sic
1997 2049 2095 2089 igitur
2117 2047 2222 2080 differt

1254 2091 1334 2122 fides
1358 2102 1377 2121 a
1401 2092 1520 2122 ceteris
1544 2091 1727 2127 virtutibus,
1746 2091 1821 2130 quia
1845 2096 1896 2120 est
1918 2089 2170 2130 apprehensiva,
2190 2096 2223 2121 et

1253 2133 1395 2173 applicat
1417 2134 1512 2163 nobis
1536 2133 1794 2172 promissionem.
1823 2131 1939 2162 Differt
1962 2133 2047 2169 item,
2065 2132 2141 2173 quia
2152 2130 2222 2164 vult

1253 2182 1284 2206 et
1313 2176 1430 2216 accipit
1457 2180 1662 2214 praesentem
1687 2173 2000 2209 reconciliationem3
2035 2173 2126 2214 Spes
2142 2184 2222 2204 vero

1253 2224 1405 2258 expectat
1427 2216 1568 2248 futuram
1590 2215 1824 2247 liberationem.
1869 2216 1905 2247 Si
1921 2225 2044 2256 scopus
2063 2222 2222 2254 teneatur,

1252 2260 1340 2300 quod
1374 2260 1510 2290 dicimus
1544 2259 1639 2289 nobis
1666 2264 1800 2299 propter
1823 2257 2036 2289 Mediatorem
2071 2257 2140 2288 dari
2173 2267 2223 2289 re-

1251 2303 1450 2339 missionem,
1468 2307 1502 2332 ut
1525 2302 1648 2338 certeS)
1672 2310 1785 2331 omnes
1797 2300 1839 2341 pii
1850 2298 2003 2336 fatentur,
2015 2297 2121 2331 facilis
2133 2305 2222 2339 post-

1928 1757 1988 1786 erit
2022 1756 2106 1786 idem
2136 1756 2225 1796 quod

1252 2437 1280 2465 7)
1299 2436 1421 2467 intuetur]
1443 2438 1480 2462 sic
1498 2437 1569 2461 Editt.
1587 2436 1618 2459 25
1630 2436 1713 2458 -27,
1734 2435 1866 2465 29-34.,
1885 2436 1956 2465 Com.
1979 2437 1990 2458 ι
2002 2443 2033 2453 ·-
2045 2436 2084 2467 8.;
2120 2437 2205 2461 oeten

1228 2490 1231 2505 ,
1319 2471 1404 2496 Editt.:
1423 2471 1559 2495 intueatur.

1227 2519 1231 2536 '²
1252 2523 1278 2550 8)
1298 2522 1375 2552 certe]
1394 2521 1467 2546 Editt.
1485 2521 1524 2544 22.
1546 2521 1584 2543 24.
1606 2520 1713 2543 28—32.
1732 2521 1770 2544 34.
1789 2522 1857 2544 certo

2338 1476 2343 1480 .
2333 1107 2344 1114 N
2348 916 2349 921 Α

2353 2446 2355 2468 ᾲ-
2350 1794 2358 2431 Ἢψ-Α-ᾗ.
2350 1063 2358 1782 ψ-μψ.-.ῌ-Ἢ--
2356 1025 2358 1051 -.
2356 893 2358 995 -ᾼ
2357 847 2358 867 ᾼ
2357 829 2358 835 ᾼ
2357 800 2358 806 ᾼ
