2358 2933
117 145 129 175 l
135 144 198 175 037

114 245 253 267 necesse
265 239 315 265 est
327 243 389 264 nos
399 234 709 273 circumspectiores
722 240 753 264 et
765 233 991 274 vigilantiores
1005 242 1091 263 esse.

114 279 209 309 Nunc
220 276 309 308 illam
321 285 438 307 vocem
446 274 568 308 Christi
580 276 676 306 nobis
686 274 892 306 inculcemus
902 274 1030 312 [Matth.
1039 275 1091 312 26,

114 321 200 358 41.]:
223 318 367 360 Vigilate
381 323 413 347 et
430 324 533 355 orate,
551 328 593 348 ne
611 319 736 348 intretis
754 319 787 348 in
804 318 1026 348 tentationem.
1051 318 1090 347 Et

114 363 176 393 hac
193 371 255 393 nos
275 358 504 391 consolatione
522 365 758 397 sustentemus,
778 360 866 400 quod
885 360 1000 390 eodem
1012 366 1090 390 tem—

113 415 194 446 pore
216 404 318 444 inquit
340 401 493 433 Christus
507 402 601 441 [Luc.
614 402 667 440 22,
680 402 746 440 31.]
757 413 764 432 z
776 401 943 441 Expetivit
956 412 1017 432 vos
1031 402 1090 433 Sa-

112 454 220 483 tanas,
243 451 278 476 ut
301 446 459 475 cribraret
483 454 543 475 vos
568 455 607 475 ac
632 445 824 485 dissipa1·et;
848 444 914 474 Sed
943 454 1006 485 ego
1029 455 1089 485 pro

113 495 145 519 te
159 488 262 525 oravi,
274 497 316 518 ne
329 486 458 517 deficiat
470 486 554 517 fides
566 493 630 517 tua.
659 486 711 517 Te
734 497 752 516 o
762 496 821 523 ro,
845 487 884 516 Fi
894 486 923 516 li
946 487 976 517 D
987 488 1034 524 ei,
1043 488 1089 527 3ὃ)

114 531 204 561 lesu
228 529 412 566 Christe,
444 529 600 560 crucifixe
623 539 683 570 pro
708 529 803 560 nobis
829 535 861 559 et
884 530 1090 566 resuscitate,

113 574 269 604 miserere
287 572 401 609 nostri,
419 577 451 602 et
459 571 581 612 Spiritu
601 577 718 602 sancto
739 578 795 602 tuo
815 581 928 602 veram
937 570 1044 603 lucem
1058 572 1090 602 in

113 615 270 646 cordibus
293 615 417 645 nostris
435 615 580 645 accende
604 620 635 645 et
659 624 745 656 auge
769 620 800 644 et
823 624 902 655 rege
925 624 1034 645 mores
1059 622 1086 644 et

111 658 219 688 studia
245 662 370 688 nostra.

522 784 679 823 [xxiia]

283 869 343 900 DE
366 868 614 900 LIBERTATE
639 868 915 899 cums‘riANA.

198 954 235 985 Si
258 954 331 995 quis
344 953 531 993 Principum
555 955 586 984 in
598 953 772 995 Babylone
791 954 938 983 audisset
951 952 1090 983 ludaeos

111 999 143 1028 in
167 996 265 1027 exilio
291 995 442 1037 gloriari,
466 997 527 1026 sibi
555 997 706 1027 divinitus
730 995 913 1026 libertatem
936 996 1090 1025 donatam

112 1049 204 1076 esse,
235 1039 372 1069 dixisset
400 1039 572 1069 amentiam
596 1049 671 1069 esse
690 1038 773 1068 haec
795 1038 997 1078 praedicare.
1042 1037 1089 1067 Ita

112 1092 199 1112 nunc
222 1081 362 1111 derideri
385 1091 447 1110 nos
471 1091 491 1111 a
513 1082 591 1112 viris
616 1080 758 1121 politicis
777 1082 932 1117 arbitror,
957 1090 1031 1110 cum
1055 1080 1087 1109 in

111 1124 163 1154 his
186 1123 383 1154 tristissimis
400 1124 501 1153 ruinis
524 1133 701 1163 regnorum
726 1124 817 1163 (cum
841 1123 962 1153 crescit
986 1123 1090 1152 servi-

111 1172 164 1197 tus
187 1166 320 1206 ubique,
345 1175 484 1206 cumque
502 1165 603 1196 multa
621 1165 721 1196 millia
743 1167 870 1205 piorum
883 1164 1048 1195 hominum
1072 1174 1091 1194 a

113 1208 230 1239 Turcis
260 1209 435 1248 quotannis
466 1218 571 1249 paene
595 1209 636 1238 ob
661 1207 778 1238 oculos
808 1214 942 1237 nostros
972 1207 1091 1237 abduci

112 1251 276 1287 videmus,
311 1260 450 1290 cumque
480 1251 604 1290 passim
635 1250 773 1281 saevitia
801 1250 833 1279 in
863 1250 936 1289 pios
972 1250 1088 1279 iniusta

111 1295 297 1332 exercetur)
331 1291 438 1322 adhuc
468 1292 629 1322 libertatis
660 1293 857 1322 mentionem
886 1290 1025 1321 facimus
1059 1297 1089 1321 et

109 1334 295 1365 libertatem
318 1339 465 1364 nostram
492 1333 638 1375 gloriose
659 1335 900 1375 praedicamus.
947 1333 1090 1364 Primum

110 1378 207 1418 igitur
229 1376 294 1407 hoc
317 1375 531 1415 praefandum
554 1383 616 1409 est,
641 1387 703 1407 nos
716 1386 847 1417 quoque
861 1375 973 1406 dolere
988 1377 1089 1406 vicem

110 1418 282 1450 Ecclesiae
295 1418 370 1455 Dei,
394 1429 478 1459 quae
500 1417 551 1449 his
576 1420 686 1449 saevis
711 1425 742 1448 et
765 1420 947 1459 tyrannicis
966 1426 1090 1458 tempo-

111 1462 202 1492 ribus
231 1467 263 1491 et
289 1461 322 1491 in
344 1460 408 1491 hac
433 1459 627 1491 confusione
651 1461 840 1502 Regnorum
864 1461 986 1501 passim
1009 1461 1090 1490 dura

111 1504 268 1534 servitute
291 1504 458 1543 premitur.

198 1545 238 1576 Et
271 1552 307 1576 ut
340 1547 480 1576 maxime
514 1545 681 1576 foveretur
716 1546 861 1586 imperiis
896 1545 1090 1582 mitioribus,

113 1596 220 1619 tamen
247 1586 401 1618 Ecclesia
437 1598 567 1628 semper
597 1599 617 1619 a
645 1587 789 1618 Diabolo
821 1588 1028 1618 excruciatur
1058 1593 1090 1618 et

111 1629 217 1662 adhuc
245 1636 349 1661 morte
379 1637 412 1660 et
442 1630 552 1661 multis
587 1629 826 1661 calamitatibus
863 1631 894 1661 in
928 1629 991 1660 hac
1024 1631 1089 1660 vita

112 1679 248 1704 onerata
276 1678 337 1702 est.
383 1673 418 1703 In
449 1675 577 1713 quantis
607 1672 774 1704 doloribus
806 1674 955 1703 vixerunt
983 1672 1089 1703 Adam

111 1722 141 1746 et
156 1715 259 1752 Heva,
285 1725 358 1745 cum
380 1716 531 1745 viderunt
557 1726 655 1746 neces
678 1722 710 1746 et
724 1714 854 1746 scelera
872 1722 1089 1756 posterorum,

110 1758 238 1788 etiamsi
260 1757 405 1787 nondum
428 1764 519 1788 erant
532 1757 636 1798 Regia
659 1758 793 1798 imperia
817 1764 872 1789 aut
884 1759 1087 1799 tyrannides.

111 1800 252 1841 Semper
273 1800 461 1840 ingentibus
484 1801 621 1830 miseriis
642 1810 803 1841 oppressa
823 1799 892 1837 fuit,
917 1806 1010 1831 estet
1029 1801 1088 1831 erit

111 1848 187 1873 ante
210 1843 484 1873 resurrectionem
507 1842 659 1873 Ecclesia
684 1842 754 1873 Dei.

198 1884 284 1919 Quid
309 1885 406 1925 igitur
440 1895 598 1916 vocamus
622 1885 844 1916 Libertatem?
887 1886 971 1916 Num
993 1886 1089 1915 inane

116 1926 309 1958 vocabulum
340 1934 408 1964 est,
443 1934 478 1957 ut
508 1934 582 1958 sunt
612 1929 799 1958 Stoicorum
827 1927 1000 1958 Paradoxa
1030 1938 1090 1959 seu

114 1970 271 2010 ineptiae,
307 1971 360 2009 qui
392 1970 502 2000 dicunt
531 1969 622 2000 solos
654 1971 819 2009 sapientes
843 1969 966 2001 liberos
990 1971 1090 2001 esse?

113 2012 229 2053 Longe
241 2010 307 2042 alia
319 2018 370 2042 est
383 2013 531 2043 doctrina
544 2011 714 2053 Evangelii
728 2013 767 2043 de
779 2012 958 2048 Libertate,
973 2013 1013 2043 de
1026 2023 1088 2054 qua

113 2053 267 2085 Christus
274 2052 429 2094 loquitur,
445 2065 517 2085 cum
530 2055 573 2086 ait
588 2055 799 2094 [loh.8,36.]:
815 2055 850 2086 Si
864 2065 926 2086 vos
940 2054 1040 2086 Filius
1053 2054 1089 2085 li-

113 2097 288 2134 beraverit,
313 2107 391 2127 vere
413 2096 506 2128 liberi
531 2098 632 2128 eritis.
667 2097 768 2135 Vere,
780 2099 892 2139 inquit,
905 2096 1010 2135 liberi,
1023 2108 1089 2129 non

113 2139 200 2170 inani
223 2138 318 2170 titulo
342 2146 397 2170 aut
415 2141 529 2171 umbra
552 2139 724 2177 libertatis,
748 2141 807 2171 sed
825 2151 860 2171 re
877 2141 958 2180 ipsa,
982 2139 1088 2172 deleto

112 2188 269 2222 peccato,
302 2181 434 2222 placata
459 2183 507 2213 ira
530 2182 613 2220 Dei,
647 2181 769 2214 abolita
794 2189 916 2221 morte,
951 2182 1088 2215 sublatis

114 2224 265 2255 omnibus
290 2223 528 2256 calamitatibus
551 2224 718 2258 humanis.
753 2226 864 2257 donati
887 2232 1021 2258 aeterna
1044 2228 1089 2258 iu-

113 2267 213 2304 stitia,
237 2265 322 2304 luce,
344 2267 423 2305 vita,
447 2266 564 2309 gloria.

199 2308 436 2349 Complectitur
449 2309 600 2341 Christus
613 2312 772 2352 integram
785 2310 978 2349 libertatem,
992 2323 1088 2353 quam

114 2353 186 2392 ipse
221 2350 329 2382 attulit
359 2358 390 2383 et
416 2354 542 2393 peperit
572 2364 632 2384 sua
660 2359 765 2384 morte
796 2353 966 2385 Ecclesiae
997 2365 1087 2386 suae.

113 2394 209 2425 Nunc
233 2394 362 2434 quidem
386 2395 416 2425 in
441 2395 503 2426 hac
525 2396 592 2427 vita
615 2396 788 2427 inchoatur
810 2395 866 2427 illa
890 2408 969 2428 vera
992 2397 1088 2428 liber-

115 2444 182 2473 tas,
211 2436 270 2466 sed
293 2437 325 2466 in
348 2439 593 2469 resurrectione
617 2440 677 2469 erit
699 2440 840 2480 integra,
875 2451 948 2471 cum
972 2439 1088 2471 deletis

116 2573 160 2602 38)
181 2574 223 2598 Dei
241 2574 321 2599 abest
337 2581 357 2599 a
376 2575 448 2605 Coi-p.
468 2576 490 2598 2.
513 2578 532 2599 4.

595 142 615 173 1.
642 142 740 173 LOCI
763 140 1036 173 THEOLOGICI:
1060 141 1102 172 D.
1126 139 1285 171 TERTIA
1308 138 1461 170 EORUM
1485 137 1642 169 AETAS.

2032 138 2113 170 1038

1136 232 1287 262 omnibus
1320 229 1414 262 malis
1448 230 1603 261 Ecclesia
1631 228 1758 261 fruettu·
1791 236 1925 260 aeterna
1960 236 1991 261 et
2025 230 2111 262 dulci

1135 274 1374 304 consuetudine
1396 273 1459 303 Dei
1490 279 1523 304 et
1546 271 1730 304 Salvatoris
1754 273 1859 302 nostri
1882 272 1954 303 Iesu
1978 271 2110 304 Christi.

1134 316 1169 346 ln
1192 315 1278 346 illam
1303 321 1471 346 aeternam
1490 322 1521 346 et
1544 316 1705 355 integram
1729 314 1913 345 libertatem
1936 321 2043 346 mente
2066 317 2110 346 in-

1135 365 1294 395 tueamur,
1317 359 1446 398 quoties
1469 368 1588 388 nomen
1611 357 1774 387 libertatis
1787 358 1946 394 audimus,
1971 363 2003 388 et
2014 357 2110 389 simul

1135 401 1316 441 cogitemus
1340 411 1410 431 eam
1434 401 1466 430 in
1488 400 1552 430 hac
1575 400 1642 430 vita
1664 399 1823 430 inchoari.
1858 400 1923 431 Sed
1943 410 2110 431 removea-

1134 453 1205 473 mus
1230 443 1357 473 somnia
1382 443 1422 473 de
1446 441 1584 472 Politica
1602 441 1755 472 libertate
1779 452 1963 482 corporum,
1988 443 2028 472 de
2052 442 2110 473 lm-

1134 486 1246 526 periis,
1270 491 1304 515 ut
1319 485 1428 516 ludaei
1447 485 1557 515 adhuc
1580 483 1763 514 libertatem
1787 491 1817 514 et
1842 486 2110 516 instaurationem

1134 528 1226 568 regni
1247 528 1280 557 in
1304 526 1493 557 Palaestina
1519 533 1653 566 sperant
1707 525 1793 556 Nihil
1816 526 1898 557 haec
1921 528 2045 557 somnia
2069 527 2109 557 ad

1134 569 1219 600 hanc
1243 570 1424 600 doctrinam
1447 569 1621 610 pertinent,
1646 579 1742 609 quam
1767 569 1806 599 de
1829 568 1979 600 libertate
1991 579 2109 610 propo-

1134 613 1180 643 nit
1202 610 1429 653 Evangelium.

1219 653 1291 684 Etsi
1314 654 1411 694 igitur
1429 652 1582 684 Ecclesia
1604 663 1669 683 non
1693 651 1798 684 solum
1821 655 1862 684 ab
1887 655 2029 695 imperiis
2054 665 2109 695 op-

1134 707 1252 737 pressa
1276 702 1327 726 est
1349 697 1508 726 servitute
1531 697 1562 726 in
1586 695 1650 726 hac
1672 696 1750 733 vita,
1774 697 1833 726 sed
1857 696 1951 726 etiam
1972 698 2109 738 ingenti-

1137 742 1197 770 bus
1227 738 1467 769 calamitatibus
1497 737 1568 768 aliis
1601 743 1788 775 exercetur,
1823 745 1930 769 tamen
1961 739 2108 770 doctrina

1136 783 1176 812 de
1205 779 1357 811 libertate
1387 780 1648 811 consolationem
1678 781 1710 810 in
1739 779 1790 811 his
1818 781 1898 821 ipsis
1928 780 2022 812 malis
2056 781 2108 811 fir-

1134 824 1312 855 missimam
1334 825 1498 864 proponit.
1528 821 1731 864 Affliguntur
1754 823 1925 861 Hercules,
1949 823 2108 860 Priamus,

1135 868 1377 907 Agamemnon,
1407 865 1619 902 Palamedes,
1644 864 1743 903 Cato,
1767 865 1903 903 Cicero,
1932 865 2053 897 Brutus
2077 872 2108 897 et

1134 909 1187 939 alii
1211 907 1465 939 innumerabiles
1494 910 1685 950 ignorantes
1709 908 1833 945 Delum
1862 908 1929 939 Sed
1959 918 2108 939 succum-

1136 953 1214 982 bunt
1243 951 1312 981 suis
1335 952 1515 988 aerumnis,
1550 961 1611 982 nec
1633 950 1755 981 habent
1778 951 1884 982 Deum
1909 951 2107 991 mitigantem

1135 999 1271 1024 eventus
1295 999 1349 1023 aut
1374 993 1620 1024 confirmantem
1644 994 1782 1031 animos,
1807 994 1865 1024 sed
1886 995 2108 1034 opprimuntur

1134 1043 1266 1067 aeterna
1291 1036 1521 1076 desperatione
1545 1042 1577 1067 et
1602 1037 1743 1067 aeternis
1770 1037 1913 1067 tenebris
1938 1037 1978 1067 de
1999 1038 2107 1077 provi-

1134 1079 1241 1109 dentia
1271 1084 1301 1107 et
1325 1079 1365 1108 de
1388 1079 1508 1109 iustitia
1531 1079 1604 1109 Dei.
1650 1079 1691 1109 At
1716 1078 1847 1119 loseph,
1872 1078 1991 1115 David,
2015 1079 2107 1110 Iona-

1134 1121 1225 1157 thas,
1253 1120 1430 1157 Ezechias,
1458 1121 1626 1159 Ieremias,
1650 1121 1816 1161 Baptista,
1844 1120 1983 1157 Paulus,
2013 1122 2108 1152 etiam

1135 1174 1207 1194 cum
1238 1162 1446 1203 affliguntur.
1482 1170 1588 1194 tamen
1621 1170 1756 1195 cernunt
1785 1163 1849 1194 Dei
1878 1165 2108 1203 praesentiam,

1134 1207 1188 1246 qui
1213 1205 1381 1235 confirmat
1405 1206 1532 1236 animos
1557 1212 1588 1236 et
1607 1216 1706 1246 saepe
1729 1207 1853 1247 mitigat
1865 1207 1944 1246 ipsis
1961 1212 2108 1243 eventus,

1135 1255 1165 1278 et
1190 1258 1262 1278 cum
1295 1248 1534 1287 opprimuntur,
1565 1254 1675 1279 tamen
1708 1248 1806 1288 paulo
1835 1254 1910 1288 post
1939 1247 2109 1279 Ecclesiae

1134 1296 1272 1331 prosunt
1302 1290 1418 1320 homin
1448 1300 1593 1331 agones,
1627 1296 1659 1321 et
1681 1291 1713 1321 hi
1737 1292 1843 1322 sciunt
1868 1301 1904 1321 se
1927 1297 2002 1332 post
2024 1290 2109 1322 hanc

1134 1334 1233 1363 vitam
1256 1333 1288 1362 in
1312 1335 1556 1363 resurrectione
1578 1332 1747 1364 habituros
1774 1339 1938 1364 aeternam
1961 1333 2107 1375 gloriam.

1134 1376 1180 1405 lta
1204 1374 1323 1405 habent
1351 1376 1380 1405 in
1404 1374 1467 1406 hac
1497 1376 1562 1406 vita
1590 1375 1775 1407 inchoatam
1800 1375 2002 1413 libertatem,
2035 1377 2110 1418 quia

1134 1429 1153 1448 a
1170 1417 1244 1447 Deo
1269 1418 1390 1457 recepti
1414 1424 1499 1454 sunt,
1520 1424 1678 1458 reguntur
1700 1420 1741 1449 ab
1766 1428 1816 1455 eo,
1841 1417 2056 1450 defenduntur
2078 1425 2109 1449 et

1134 1460 1340 1495 adiuvantur,
1364 1466 1395 1489 et
1420 1461 1526 1490 sciunt
1548 1467 1624 1501 post
1646 1460 1732 1491 hanc
1758 1462 1855 1491 vitam
1880 1471 1917 1492 se
1940 1460 2109 1492 habituros

1134 1512 1210 1532 esse
1243 1503 1406 1543 integram
1439 1501 1634 1534 libertatem.
1691 1503 1757 1534 lam
1792 1504 1916 1544 cogita,
1955 1510 2108 1544 quantum

1134 1545 1255 1575 bonum
1273 1545 1325 1582 sit,
1351 1552 1471 1585 quanta
1496 1544 1630 1576 libertas
1655 1547 1751 1576 etiam
1769 1547 1801 1576 in
1820 1547 1934 1577 mediis
1947 1547 2109 1577 aerumnis

1135 1594 1165 1617 et
1189 1587 1294 1617 media
1318 1593 1423 1617 morte
1449 1588 1555 1619 Deum
1580 1587 1704 1619 habere
1727 1589 1912 1629 propitium,
1937 1588 2109 1629 opitulato-

1133 1640 1212 1667 rem,
1236 1631 1488 1670 gubernatorem
1513 1637 1544 1661 et
1566 1637 1794 1671 protectorem,

1220 1672 1309 1703 Haec
1344 1674 1460 1703 concio
1496 1674 1536 1703 de
1569 1673 1721 1704 libertate
1756 1685 1809 1704 res
1845 1684 1953 1711 veras,
1987 1681 2109 1711 certas,

1134 1725 1218 1756 quae
1251 1714 1373 1745 habent
1408 1716 1570 1746 evidentia
1603 1717 1789 1747 testimonia
1817 1718 1848 1747 in
1877 1716 2045 1755 Ecclesia,
2079 1723 2110 1747 et

1134 1768 1216 1799 quas
1239 1757 1404 1794 Ecclesia,
1428 1768 1491 1799 ego
1515 1764 1545 1789 et
1570 1765 1615 1796 tu,
1639 1765 1671 1789 et
1694 1769 1808 1790 omnes
1827 1759 1869 1800 pii
1889 1760 2109 1799 experiuntur,

1133 1801 1304 1841 proponit,
1338 1811 1402 1830 non
1431 1801 1525 1831 affert
1555 1802 1662 1832 inania
1692 1803 1818 1832 somnia
1841 1802 2031 1833 Iudaeorum
2055 1811 2109 1833 aut

1134 1844 1319 1874 Stoicorum
1343 1848 1397 1873 aut
1410 1843 1701 1885 Anabaptistarum
1725 1850 1781 1875 aut
1799 1844 1944 1882 Struthii,
1968 1845 2021 1886 qui
2043 1843 2109 1886 ple-

1134 1887 1206 1916 bem
1228 1885 1371 1916 liberare
1393 1887 1522 1917 tributis
1545 1886 1689 1917 volebat.

1219 1927 1389 1958 Distribuo
1414 1934 1522 1959 autem
1547 1930 1665 1960 usitate
1693 1930 1834 1960 docendi
1864 1939 1985 1961 caussa
2014 1928 2108 1961 liber-

1135 1978 1233 2001 tatem
1254 1970 1488 2011 Evangelicam
1512 1972 1544 2002 in
1568 1978 1706 2012 quatuor
1729 1974 1864 2013 gradus·

1219 2012 1348 2043 Primus
1373 2020 1437 2044 est:
1467 2013 1509 2044 Ut
1532 2025 1658 2045 summa
1680 2014 1766 2045 mala
1785 2021 1860 2046 sunt
1882 2020 2054 2056 peccatum
2077 2022 2109 2046 et

1133 2058 1179 2086 ira
1193 2055 1266 2093 Dei,
1285 2056 1330 2086 ita
1350 2065 1489 2087 necesse
1503 2063 1553 2087 est
1570 2058 1708 2097 primum
1728 2058 1788 2088 dici
1807 2059 1848 2089 de
1866 2057 1930 2088 hoc
1950 2059 2056 2100 gradu
2065 2060 2108 2096 39)

1134 2099 1298 2140 quomodo
1322 2099 1363 2128 ab
1386 2098 1438 2129 his
1461 2099 1556 2130 malis
1579 2099 1763 2130 liberemur.
1805 2100 1864 2131 Est
1884 2110 1962 2141 ergo
1985 2101 2108 2141 primus

1134 2142 1255 2183 gradus
1286 2139 1466 2179 libertatis,
1501 2143 1589 2183 quod
1619 2143 1722 2183 gratis
1752 2148 1884 2184 propter
1908 2141 2023 2173 Filium
2046 2143 2109 2174 Dei

1134 2186 1295 2215 donantur
1317 2185 1413 2215 nobis
1437 2186 1588 2216 remissio
1611 2191 1840 2225 peccatorum,
1874 2184 2107 2224 reconciliatio,

1132 2226 1315 2257 iustificatio
1344 2236 1404 2257 seu
1432 2228 1599 2268 imputatio
1629 2228 1769 2259 iustitiae
1795 2234 1827 2259 et
1852 2229 2037 2269 acceptatio
2066 2229 2107 2259 ad

1133 2270 1232 2300 vitam
1250 2274 1417 2299 aeternam
1441 2276 1471 2300 et
1496 2269 1681 2301 haereditas
1705 2272 1794 2302 vitae
1815 2276 1979 2302 aeternae.

1219 2312 1309 2342 Haec
1332 2317 1381 2342 est
1405 2311 1552 2350 libertaS,
1578 2314 1664 2354 quod
1690 2319 1825 2354 propter
1847 2313 2013 2344 Christum
2036 2324 2108 2355 gra-

1134 2356 1174 2385 tis
1198 2354 1280 2385 haec
1303 2360 1394 2385 tanta
1417 2356 1503 2385 bona
1528 2361 1619 2386 certo
1643 2356 1814 2386 donantur.
1846 2355 1925 2386 Vult
1942 2366 2002 2386 nos
2014 2356 2107 2387 Deus

1134 2404 1223 2429 certo
1248 2403 1394 2427 statuere
1418 2404 1448 2427 et
1473 2398 1608 2428 credere
1631 2408 1693 2428 nos
1716 2409 1734 2429 a
1762 2404 1854 2429 entes
1876 2399 2106 2439 poenitentiam

1135 2441 1232 2480 recipi
1256 2440 1288 2470 in
1312 2440 1462 2480 gratiam,
1486 2440 1631 2471 exaudiri
1656 2447 1687 2471 et
1710 2450 1747 2471 sa
1762 2441 1833 2471 vari
1846 2446 1980 2482 propter
1992 2439 2106 2471 Filium

1133 2577 1178 2607 59)
1198 2576 1244 2600 diei
1263 2576 1294 2600 de
1313 2576 1360 2601 hoe
1378 2576 1478 2607 gradu]
1499 2577 1571 2603 Editt.
1593 2578 1616 2600 1.
1637 2578 1659 2603 3,
1679 2578 1710 2602 de
1729 2578 1777 2603 hoc
1794 2578 1875 2607 gradu
1894 2578 1949 2606 dici,
