<?xml version="1.0" encoding="UTF-8"?>
<!DOCTYPE html PUBLIC "-//W3C//DTD XHTML 1.0 Transitional//EN"
    "http://www.w3.org/TR/xhtml1/DTD/xhtml1-transitional.dtd">
<html xmlns="http://www.w3.org/1999/xhtml" xml:lang="en" lang="en">
 <head>
  <title>
</title>
<meta http-equiv="Content-Type" content="text/html;charset=utf-8" />
  <meta name='ocr-system' content='tesseract 3.04.00' />
  <meta name='ocr-capabilities' content='ocr_page ocr_carea ocr_par ocr_line ocrx_word'/>
</head>
<body>
  <div class='ocr_page' id='page_1' title='image "./operaquaesupersu21melauoft/operaquaesupersu21melauoft_0139.png"; bbox 0 0 2358 2933; ppageno 0'>
   <div class='ocr_carea' id='block_1_1' title="bbox 123 117 2125 156">
    <p class='ocr_par' dir='ltr' id='par_1_1' title="bbox 123 117 2125 156">
     <span class='ocr_line' id='line_1_1' title="bbox 123 117 2125 156; baseline -0.003 -1"><span class='ocrx_word' id='word_1_1' title='bbox 123 122 185 156; x_wconf 81' lang='lat'><strong>249</strong></span> <span class='ocrx_word' id='word_1_2' title='bbox 557 120 579 150; x_wconf 92' lang='lat' dir='ltr'><strong>l.</strong></span> <span class='ocrx_word' id='word_1_3' title='bbox 602 119 705 151; x_wconf 88' lang='lat' dir='ltr'>LOCI</span> <span class='ocrx_word' id='word_1_4' title='bbox 726 117 1002 150; x_wconf 85' lang='lat' dir='ltr'><strong>THEOLOGICI:</strong></span> <span class='ocrx_word' id='word_1_5' title='bbox 1027 118 1063 149; x_wconf 77' lang='lat' dir='ltr'><strong>C.</strong></span> <span class='ocrx_word' id='word_1_6' title='bbox 1088 118 1298 150; x_wconf 86' lang='lat' dir='ltr'><strong>SECUNDA</strong></span> <span class='ocrx_word' id='word_1_7' title='bbox 1322 118 1478 149; x_wconf 86' lang='lat' dir='ltr'><strong>EORUM</strong></span> <span class='ocrx_word' id='word_1_8' title='bbox 1502 118 1658 149; x_wconf 88' lang='lat' dir='ltr'><strong>AETAS.</strong></span> <span class='ocrx_word' id='word_1_9' title='bbox 2060 117 2125 149; x_wconf 76' lang='lat'><strong>250</strong></span> 
     </span>
    </p>
   </div>
   <div class='ocr_carea' id='block_1_2' title="bbox 118 210 2125 507">
    <p class='ocr_par' dir='ltr' id='par_1_2' title="bbox 118 210 2125 507">
     <span class='ocr_line' id='line_1_2' title="bbox 272 210 2123 253; baseline -0.004 -7"><span class='ocrx_word' id='word_1_10' title='bbox 272 215 303 244; x_wconf 88' lang='lat' dir='ltr'><strong>ln</strong></span> <span class='ocrx_word' id='word_1_11' title='bbox 327 216 394 244; x_wconf 76' lang='lat' dir='ltr'><strong>loco</strong></span> <span class='ocrx_word' id='word_1_12' title='bbox 417 215 457 245; x_wconf 82' lang='lat' dir='ltr'><strong>{le</strong></span> <span class='ocrx_word' id='word_1_13' title='bbox 479 215 634 253; x_wconf 69' lang='lat' dir='ltr'><strong>baptismo</strong></span> <span class='ocrx_word' id='word_1_14' title='bbox 657 213 742 246; x_wconf 79' lang='lat' dir='ltr'><strong>haec,</strong></span> <span class='ocrx_word' id='word_1_15' title='bbox 768 222 844 251; x_wconf 87' lang='lat' dir='ltr'><strong>quae</strong></span> <span class='ocrx_word' id='word_1_16' title='bbox 867 212 903 240; x_wconf 88' lang='lat' dir='ltr'><strong>ab</strong></span> <span class='ocrx_word' id='word_1_17' title='bbox 916 212 1126 250; x_wconf 83' lang='lat' dir='ltr'><strong>Anabaptistis</strong></span> <span class='ocrx_word' id='word_1_18' title='bbox 1152 213 1404 241; x_wconf 78' lang='lat' dir='ltr'>contradicuntur:</span> <span class='ocrx_word' id='word_1_19' title='bbox 1432 212 1643 240; x_wconf 63' lang='lat' dir='ltr'><strong>„Sacramenta</strong></span> <span class='ocrx_word' id='word_1_20' title='bbox 1666 212 1733 240; x_wconf 85' lang='lat' dir='ltr'><strong>sine</strong></span> <span class='ocrx_word' id='word_1_21' title='bbox 1758 210 1816 239; x_wconf 92' lang='lat' dir='ltr'><strong>fide</strong></span> <span class='ocrx_word' id='word_1_22' title='bbox 1840 220 1897 238; x_wconf 92' lang='lat' dir='ltr'><strong>non</strong></span> <span class='ocrx_word' id='word_1_23' title='bbox 1922 214 2057 248; x_wconf 82' lang='lat' dir='ltr'><strong>prosunt,</strong></span> <span class='ocrx_word' id='word_1_24' title='bbox 2083 211 2123 238; x_wconf 91' lang='lat' dir='ltr'><strong>in-</strong></span> 
     </span>
     <span class='ocr_line' id='line_1_3' title="bbox 121 252 2125 295; baseline -0.004 -6"><span class='ocrx_word' id='word_1_25' title='bbox 121 261 217 289; x_wconf 83' lang='lat' dir='ltr'><strong>santes</strong></span> <span class='ocrx_word' id='word_1_26' title='bbox 241 269 298 287; x_wconf 86' lang='lat' dir='ltr'><strong>non</strong></span> <span class='ocrx_word' id='word_1_27' title='bbox 323 257 492 295; x_wconf 80' lang='lat' dir='ltr'><strong>intelligunt</strong></span> <span class='ocrx_word' id='word_1_28' title='bbox 515 257 646 289; x_wconf 75' lang='lat' dir='ltr'><strong>verbum,</strong></span> <span class='ocrx_word' id='word_1_29' title='bbox 668 266 737 294; x_wconf 78' lang='lat' dir='ltr'><strong>ergo</strong></span> <span class='ocrx_word' id='word_1_30' title='bbox 762 256 849 284; x_wconf 89' lang='lat' dir='ltr'><strong>etiam</strong></span> <span class='ocrx_word' id='word_1_31' title='bbox 874 265 930 282; x_wconf 91' lang='lat' dir='ltr'><strong>non</strong></span> <span class='ocrx_word' id='word_1_32' title='bbox 957 254 1109 284; x_wconf 84' lang='lat' dir='ltr'><strong>credunt.··</strong></span> <span class='ocrx_word' id='word_1_33' title='bbox 1136 255 1181 282; x_wconf 85' lang='lat' dir='ltr'><strong>sic</strong></span> <span class='ocrx_word' id='word_1_34' title='bbox 1205 254 1330 283; x_wconf 83' lang='lat' dir='ltr'><strong>rcfellit:</strong></span> <span class='ocrx_word' id='word_1_35' title='bbox 1367 254 1463 283; x_wconf 74' lang='lat' dir='ltr'><strong>--Huic</strong></span> <span class='ocrx_word' id='word_1_36' title='bbox 1487 258 1660 292; x_wconf 73' lang='lat' dir='ltr'><strong>argumento</strong></span> <span class='ocrx_word' id='word_1_37' title='bbox 1691 254 1814 291; x_wconf 86' lang='lat' dir='ltr'><strong>primum</strong></span> <span class='ocrx_word' id='word_1_38' title='bbox 1840 252 2051 290; x_wconf 90' lang='lat' dir='ltr'><strong>opponendum</strong></span> <span class='ocrx_word' id='word_1_39' title='bbox 2076 257 2125 281; x_wconf 84' lang='lat' dir='ltr'><strong>est</strong></span> 
     </span>
     <span class='ocr_line' id='line_1_4' title="bbox 121 294 2124 340; baseline -0.004 -8"><span class='ocrx_word' id='word_1_40' title='bbox 121 301 288 340; x_wconf 85' lang='lat' dir='ltr'><strong>exemplum</strong></span> <span class='ocrx_word' id='word_1_41' title='bbox 313 300 455 329; x_wconf 83' lang='lat' dir='ltr'><strong>infantum</strong></span> <span class='ocrx_word' id='word_1_42' title='bbox 480 299 730 331; x_wconf 81' lang='lat' dir='ltr'><strong>circumcisorum,</strong></span> <span class='ocrx_word' id='word_1_43' title='bbox 766 298 816 335; x_wconf 88' lang='lat' dir='ltr'><strong>qui</strong></span> <span class='ocrx_word' id='word_1_44' title='bbox 841 298 929 325; x_wconf 87' lang='lat' dir='ltr'><strong>etiam</strong></span> <span class='ocrx_word' id='word_1_45' title='bbox 954 307 1010 324; x_wconf 90' lang='lat' dir='ltr'><strong>non</strong></span> <span class='ocrx_word' id='word_1_46' title='bbox 1037 296 1242 334; x_wconf 75' lang='lat' dir='ltr'>intelligebant</span> <span class='ocrx_word' id='word_1_47' title='bbox 1267 298 1403 327; x_wconf 79' lang='lat' dir='ltr'><strong>verbum.</strong></span> <span class='ocrx_word' id='word_1_48' title='bbox 1440 300 1469 325; x_wconf 90' lang='lat' dir='ltr'><strong>et</strong></span> <span class='ocrx_word' id='word_1_49' title='bbox 1493 300 1590 325; x_wconf 85' lang='lat' dir='ltr'><strong>tamen</strong></span> <span class='ocrx_word' id='word_1_50' title='bbox 1616 296 1735 324; x_wconf 82' lang='lat' dir='ltr'><strong>valebat</strong></span> <span class='ocrx_word' id='word_1_51' title='bbox 1758 299 1886 334; x_wconf 77' lang='lat' dir='ltr'><strong>pactum,</strong></span> <span class='ocrx_word' id='word_1_52' title='bbox 1912 298 1941 323; x_wconf 87' lang='lat' dir='ltr'><strong>et</strong></span> <span class='ocrx_word' id='word_1_53' title='bbox 1965 294 2124 333; x_wconf 76' lang='lat' dir='ltr'><strong>placebant</strong></span> 
     </span>
     <span class='ocr_line' id='line_1_5' title="bbox 121 337 2123 384; baseline -0.005 -10"><span class='ocrx_word' id='word_1_54' title='bbox 121 346 180 384; x_wconf 89' lang='lat' dir='ltr'><strong>ipsi</strong></span> <span class='ocrx_word' id='word_1_55' title='bbox 202 344 269 373; x_wconf 89' lang='lat' dir='ltr'><strong>Deo</strong></span> <span class='ocrx_word' id='word_1_56' title='bbox 293 346 414 381; x_wconf 88' lang='lat' dir='ltr'><strong>propter</strong></span> <span class='ocrx_word' id='word_1_57' title='bbox 436 345 564 380; x_wconf 91' lang='lat' dir='ltr'><strong>pactum.</strong></span> <span class='ocrx_word' id='word_1_58' title='bbox 611 340 771 369; x_wconf 87' lang='lat' dir='ltr'><strong>Praeterea</strong></span> <span class='ocrx_word' id='word_1_59' title='bbox 793 339 911 367; x_wconf 86' lang='lat' dir='ltr'><strong>etiamsi</strong></span> <span class='ocrx_word' id='word_1_60' title='bbox 936 349 992 367; x_wconf 91' lang='lat' dir='ltr'><strong>non</strong></span> <span class='ocrx_word' id='word_1_61' title='bbox 1018 338 1186 376; x_wconf 78' lang='lat' dir='ltr'><strong>intelligunt</strong></span> <span class='ocrx_word' id='word_1_62' title='bbox 1209 340 1342 369; x_wconf 81' lang='lat' dir='ltr'><strong>verbum.</strong></span> <span class='ocrx_word' id='word_1_63' title='bbox 1367 343 1465 367; x_wconf 84' lang='lat' dir='ltr'><strong>tamen</strong></span> <span class='ocrx_word' id='word_1_64' title='bbox 1491 349 1528 368; x_wconf 85' lang='lat' dir='ltr'><strong>ex</strong></span> <span class='ocrx_word' id='word_1_65' title='bbox 1551 339 1707 376; x_wconf 85' lang='lat' dir='ltr'><strong>superiore</strong></span> <span class='ocrx_word' id='word_1_66' title='bbox 1731 338 1936 377; x_wconf 71' lang='lat' dir='ltr'>propositione</span> <span class='ocrx_word' id='word_1_67' title='bbox 1967 337 2051 365; x_wconf 85' lang='lat' dir='ltr'><strong>fateri</strong></span> <span class='ocrx_word' id='word_1_68' title='bbox 2076 347 2123 365; x_wconf 86' lang='lat' dir='ltr'><strong>ne-</strong></span> 
     </span>
     <span class='ocr_line' id='line_1_6' title="bbox 120 380 2122 423; baseline -0.005 -7"><span class='ocrx_word' id='word_1_69' title='bbox 120 397 208 416; x_wconf 82' lang='lat' dir='ltr'><strong>cesse</strong></span> <span class='ocrx_word' id='word_1_70' title='bbox 233 390 290 419; x_wconf 81' lang='lat' dir='ltr'><strong>est,</strong></span> <span class='ocrx_word' id='word_1_71' title='bbox 327 385 407 423; x_wconf 90' lang='lat' dir='ltr'><strong>quod</strong></span> <span class='ocrx_word' id='word_1_72' title='bbox 431 384 517 412; x_wconf 84' lang='lat' dir='ltr'><strong>Deus</strong></span> <span class='ocrx_word' id='word_1_73' title='bbox 541 385 581 412; x_wconf 87' lang='lat' dir='ltr'><strong>sit</strong></span> <span class='ocrx_word' id='word_1_74' title='bbox 605 385 632 411; x_wconf 91' lang='lat' dir='ltr'><strong>in</strong></span> <span class='ocrx_word' id='word_1_75' title='bbox 657 383 703 411; x_wconf 87' lang='lat' dir='ltr'><strong>eis</strong></span> <span class='ocrx_word' id='word_1_76' title='bbox 727 382 842 410; x_wconf 87' lang='lat' dir='ltr'><strong>efficax.</strong></span> <span class='ocrx_word' id='word_1_77' title='bbox 888 380 965 409; x_wconf 82' lang='lat' dir='ltr'><strong>Nam</strong></span> <span class='ocrx_word' id='word_1_78' title='bbox 994 391 1084 418; x_wconf 92' lang='lat' dir='ltr'><strong>quum</strong></span> <span class='ocrx_word' id='word_1_79' title='bbox 1108 385 1219 409; x_wconf 86' lang='lat' dir='ltr'><strong>certum</strong></span> <span class='ocrx_word' id='word_1_80' title='bbox 1244 382 1285 410; x_wconf 87' lang='lat' dir='ltr'><strong>sit</strong></span> <span class='ocrx_word' id='word_1_81' title='bbox 1309 381 1437 410; x_wconf 88' lang='lat' dir='ltr'><strong>salutem</strong></span> <span class='ocrx_word' id='word_1_82' title='bbox 1463 385 1492 409; x_wconf 83' lang='lat' dir='ltr'><strong>et</strong></span> <span class='ocrx_word' id='word_1_83' title='bbox 1515 391 1639 417; x_wconf 70' lang='lat' dir='ltr'><strong>regnum</strong></span> <span class='ocrx_word' id='word_1_84' title='bbox 1664 380 1722 408; x_wconf 86' lang='lat' dir='ltr'><strong>Dei</strong></span> <span class='ocrx_word' id='word_1_85' title='bbox 1747 381 1784 409; x_wconf 88' lang='lat' dir='ltr'><strong>ad</strong></span> <span class='ocrx_word' id='word_1_86' title='bbox 1810 380 1939 408; x_wconf 82' lang='lat' dir='ltr'><strong>infantes</strong></span> <span class='ocrx_word' id='word_1_87' title='bbox 1963 380 2122 417; x_wconf 85' lang='lat' dir='ltr'><strong>pertinere,</strong></span> 
     </span>
     <span class='ocr_line' id='line_1_7' title="bbox 118 420 2123 461; baseline -0.004 -3"><span class='ocrx_word' id='word_1_88' title='bbox 118 433 228 458; x_wconf 87' lang='lat' dir='ltr'><strong>certum</strong></span> <span class='ocrx_word' id='word_1_89' title='bbox 253 432 301 457; x_wconf 87' lang='lat' dir='ltr'><strong>est</strong></span> <span class='ocrx_word' id='word_1_90' title='bbox 325 428 413 456; x_wconf 86' lang='lat' dir='ltr'><strong>etiam</strong></span> <span class='ocrx_word' id='word_1_91' title='bbox 436 426 535 455; x_wconf 87' lang='lat' dir='ltr'><strong>Deum</strong></span> <span class='ocrx_word' id='word_1_92' title='bbox 560 427 587 454; x_wconf 90' lang='lat' dir='ltr'><strong>in</strong></span> <span class='ocrx_word' id='word_1_93' title='bbox 612 426 657 454; x_wconf 90' lang='lat' dir='ltr'><strong>eis</strong></span> <span class='ocrx_word' id='word_1_94' title='bbox 678 424 831 453; x_wconf 85' lang='lat' dir='ltr'><strong>efficacem</strong></span> <span class='ocrx_word' id='word_1_95' title='bbox 855 433 927 452; x_wconf 88' lang='lat' dir='ltr'><strong>esse</strong></span> <span class='ocrx_word' id='word_1_96' title='bbox 952 424 1033 451; x_wconf 80' lang='lat' dir='ltr'><strong>iuxta</strong></span> <span class='ocrx_word' id='word_1_97' title='bbox 1056 423 1145 451; x_wconf 89' lang='lat' dir='ltr'><strong>illud:</strong></span> <span class='ocrx_word' id='word_1_98' title='bbox 1169 423 1236 451; x_wconf 83' lang='lat' dir='ltr'><strong>Nisi</strong></span> <span class='ocrx_word' id='word_1_99' title='bbox 1262 425 1330 461; x_wconf 82' lang='lat' dir='ltr'><strong>quis</strong></span> <span class='ocrx_word' id='word_1_100' title='bbox 1354 427 1475 452; x_wconf 87' lang='lat' dir='ltr'><strong>renatus</strong></span> <span class='ocrx_word' id='word_1_101' title='bbox 1500 423 1587 451; x_wconf 87' lang='lat' dir='ltr'><strong>fuerit</strong></span> <span class='ocrx_word' id='word_1_102' title='bbox 1611 433 1647 451; x_wconf 85' lang='lat' dir='ltr'><strong>ex</strong></span> <span class='ocrx_word' id='word_1_103' title='bbox 1671 433 1748 460; x_wconf 86' lang='lat' dir='ltr'><strong>aqua</strong></span> <span class='ocrx_word' id='word_1_104' title='bbox 1772 427 1801 451; x_wconf 89' lang='lat' dir='ltr'><strong>et</strong></span> <span class='ocrx_word' id='word_1_105' title='bbox 1824 423 1940 460; x_wconf 89' lang='lat' dir='ltr'><strong>spiritu.</strong></span> <span class='ocrx_word' id='word_1_106' title='bbox 1984 420 2050 449; x_wconf 82' lang='lat' dir='ltr'><strong>Nec</strong></span> <span class='ocrx_word' id='word_1_107' title='bbox 2074 432 2123 449; x_wconf 90' lang='lat' dir='ltr'><strong>no-</strong></span> 
     </span>
     <span class='ocr_line' id='line_1_8' title="bbox 118 463 2123 507; baseline -0.004 -7"><span class='ocrx_word' id='word_1_108' title='bbox 118 475 210 500; x_wconf 89' lang='lat' dir='ltr'><strong>strum</strong></span> <span class='ocrx_word' id='word_1_109' title='bbox 234 475 283 500; x_wconf 89' lang='lat' dir='ltr'><strong>est</strong></span> <span class='ocrx_word' id='word_1_110' title='bbox 306 471 447 503; x_wconf 81' lang='lat' dir='ltr'><strong>serutari,</strong></span> <span class='ocrx_word' id='word_1_111' title='bbox 473 468 621 507; x_wconf 85' lang='lat' dir='ltr'><strong>quomodo</strong></span> <span class='ocrx_word' id='word_1_112' title='bbox 646 467 732 495; x_wconf 90' lang='lat' dir='ltr'><strong>Deus</strong></span> <span class='ocrx_word' id='word_1_113' title='bbox 757 467 785 494; x_wconf 91' lang='lat' dir='ltr'><strong>in</strong></span> <span class='ocrx_word' id='word_1_114' title='bbox 810 467 856 494; x_wconf 88' lang='lat' dir='ltr'><strong>eis</strong></span> <span class='ocrx_word' id='word_1_115' title='bbox 876 470 961 504; x_wconf 73' lang='lat' dir='ltr'><strong>agat:</strong></span> <span class='ocrx_word' id='word_1_116' title='bbox 986 466 1060 494; x_wconf 94' lang='lat' dir='ltr'><strong>illud</strong></span> <span class='ocrx_word' id='word_1_117' title='bbox 1084 476 1139 494; x_wconf 91' lang='lat' dir='ltr'><strong>nos</strong></span> <span class='ocrx_word' id='word_1_118' title='bbox 1164 469 1266 494; x_wconf 86' lang='lat' dir='ltr'><strong>tenere</strong></span> <span class='ocrx_word' id='word_1_119' title='bbox 1290 466 1366 495; x_wconf 89' lang='lat' dir='ltr'><strong>satis</strong></span> <span class='ocrx_word' id='word_1_120' title='bbox 1391 470 1449 495; x_wconf 90' lang='lat' dir='ltr'><strong>est.</strong></span> <span class='ocrx_word' id='word_1_121' title='bbox 1470 466 1551 504; x_wconf 88' lang='lat' dir='ltr'><strong>quod</strong></span> <span class='ocrx_word' id='word_1_122' title='bbox 1570 469 1683 494; x_wconf 88' lang='lat' dir='ltr'><strong>certum</strong></span> <span class='ocrx_word' id='word_1_123' title='bbox 1706 468 1754 493; x_wconf 87' lang='lat' dir='ltr'><strong>est</strong></span> <span class='ocrx_word' id='word_1_124' title='bbox 1778 464 1907 493; x_wconf 89' lang='lat' dir='ltr'><strong>salutem</strong></span> <span class='ocrx_word' id='word_1_125' title='bbox 1932 464 1969 492; x_wconf 88' lang='lat' dir='ltr'><strong>ad</strong></span> <span class='ocrx_word' id='word_1_126' title='bbox 1993 463 2123 492; x_wconf 86' lang='lat' dir='ltr'><strong>infantes</strong></span> 
     </span>
    </p>
   </div>
   <div class='ocr_carea' id='block_1_3' title="bbox 117 508 1090 552">
    <p class='ocr_par' dir='ltr' id='par_1_3' title="bbox 117 508 1090 552">
     <span class='ocr_line' id='line_1_9' title="bbox 117 508 1090 552; baseline -0.007 -9"><span class='ocrx_word' id='word_1_127' title='bbox 117 515 274 552; x_wconf 83' lang='lat' dir='ltr'><strong>pertinere,</strong></span> <span class='ocrx_word' id='word_1_128' title='bbox 300 512 379 542; x_wconf 89' lang='lat' dir='ltr'><strong>unde</strong></span> <span class='ocrx_word' id='word_1_129' title='bbox 402 513 539 550; x_wconf 79' lang='lat' dir='ltr'><strong>sequitur</strong></span> <span class='ocrx_word' id='word_1_130' title='bbox 561 511 660 539; x_wconf 87' lang='lat' dir='ltr'><strong>Deum</strong></span> <span class='ocrx_word' id='word_1_131' title='bbox 686 510 713 537; x_wconf 90' lang='lat' dir='ltr'><strong>in</strong></span> <span class='ocrx_word' id='word_1_132' title='bbox 739 510 784 537; x_wconf 82' lang='lat' dir='ltr'><strong>eis</strong></span> <span class='ocrx_word' id='word_1_133' title='bbox 809 508 960 537; x_wconf 88' lang='lat' dir='ltr'><strong>efficacem</strong></span> <span class='ocrx_word' id='word_1_134' title='bbox 986 518 1090 537; x_wconf 76' lang='lat' dir='ltr'><strong>esse.·=</strong></span> 
     </span>
    </p>
   </div>
   <div class='ocr_carea' id='block_1_4' title="bbox 113 581 2125 835">
    <p class='ocr_par' dir='ltr' id='par_1_4' title="bbox 113 581 2125 835">
     <span class='ocr_line' id='line_1_10' title="bbox 267 581 2123 621; baseline -0.005 -3"><span class='ocrx_word' id='word_1_135' title='bbox 267 589 382 618; x_wconf 89' lang='lat' dir='ltr'><strong>Locum</strong></span> <span class='ocrx_word' id='word_1_136' title='bbox 401 589 441 619; x_wconf 83' lang='lat' dir='ltr'><strong>de</strong></span> <span class='ocrx_word' id='word_1_137' title='bbox 463 596 561 618; x_wconf 80' lang='lat' dir='ltr'><strong>coena</strong></span> <span class='ocrx_word' id='word_1_138' title='bbox 584 588 714 617; x_wconf 66' lang='lat' dir='ltr'><strong>Domini</strong></span> <span class='ocrx_word' id='word_1_139' title='bbox 734 586 863 614; x_wconf 80' lang='lat' dir='ltr'><strong>breviter</strong></span> <span class='ocrx_word' id='word_1_140' title='bbox 885 589 1031 617; x_wconf 81' lang='lat' dir='ltr'><strong>tractans,</strong></span> <span class='ocrx_word' id='word_1_141' title='bbox 1057 585 1273 621; x_wconf 72' lang='lat' dir='ltr'><strong>rationemque.</strong></span> <span class='ocrx_word' id='word_1_142' title='bbox 1309 594 1368 621; x_wconf 89' lang='lat' dir='ltr'><strong>qua</strong></span> <span class='ocrx_word' id='word_1_143' title='bbox 1391 582 1533 611; x_wconf 85' lang='lat' dir='ltr'><strong>Christus</strong></span> <span class='ocrx_word' id='word_1_144' title='bbox 1558 584 1625 621; x_wconf 88' lang='lat' dir='ltr'><strong>pani</strong></span> <span class='ocrx_word' id='word_1_145' title='bbox 1650 586 1680 611; x_wconf 87' lang='lat' dir='ltr'><strong>et</strong></span> <span class='ocrx_word' id='word_1_146' title='bbox 1704 583 1771 610; x_wconf 68' lang='lat' dir='ltr'><strong>vino</strong></span> <span class='ocrx_word' id='word_1_147' title='bbox 1796 582 1886 616; x_wconf 87' lang='lat' dir='ltr'><strong>adsit,</strong></span> <span class='ocrx_word' id='word_1_148' title='bbox 1911 581 2041 610; x_wconf 86' lang='lat' dir='ltr'><strong>consilio</strong></span> <span class='ocrx_word' id='word_1_149' title='bbox 2066 591 2123 610; x_wconf 86' lang='lat' dir='ltr'><strong>non</strong></span> 
     </span>
     <span class='ocr_line' id='line_1_11' title="bbox 116 625 2123 671; baseline -0.004 -10"><span class='ocrx_word' id='word_1_150' title='bbox 116 632 317 671; x_wconf 66' lang='lat' dir='ltr'><strong>explicaus‚*)</strong></span> <span class='ocrx_word' id='word_1_151' title='bbox 342 631 417 659; x_wconf 86' lang='lat' dir='ltr'><strong>hanc</strong></span> <span class='ocrx_word' id='word_1_152' title='bbox 437 630 575 668; x_wconf 79' lang='lat' dir='ltr'>proponit</span> <span class='ocrx_word' id='word_1_153' title='bbox 594 629 792 657; x_wconf 86' lang='lat' dir='ltr'><strong>sententiam:</strong></span> <span class='ocrx_word' id='word_1_154' title='bbox 819 626 982 664; x_wconf 77' lang='lat' dir='ltr'><strong>„Christus</strong></span> <span class='ocrx_word' id='word_1_155' title='bbox 1002 630 1140 660; x_wconf 73' lang='lat' dir='ltr'><strong>testatur,</strong></span> <span class='ocrx_word' id='word_1_156' title='bbox 1165 626 1203 655; x_wconf 88' lang='lat' dir='ltr'><strong>ad</strong></span> <span class='ocrx_word' id='word_1_157' title='bbox 1222 636 1278 655; x_wconf 89' lang='lat' dir='ltr'><strong>uos</strong></span> <span class='ocrx_word' id='word_1_158' title='bbox 1299 627 1447 664; x_wconf 87' lang='lat' dir='ltr'><strong>pertinere</strong></span> <span class='ocrx_word' id='word_1_159' title='bbox 1468 625 1645 654; x_wconf 88' lang='lat' dir='ltr'><strong>beneficium</strong></span> <span class='ocrx_word' id='word_1_160' title='bbox 1670 634 1767 653; x_wconf 77' lang='lat' dir='ltr'><strong>suum.</strong></span> <span class='ocrx_word' id='word_1_161' title='bbox 1793 635 1882 662; x_wconf 93' lang='lat' dir='ltr'><strong>quum</strong></span> <span class='ocrx_word' id='word_1_162' title='bbox 1907 625 1995 653; x_wconf 88' lang='lat' dir='ltr'><strong>nobis</strong></span> <span class='ocrx_word' id='word_1_163' title='bbox 2020 625 2123 662; x_wconf 88' lang='lat' dir='ltr'><strong>imper-</strong></span> 
     </span>
     <span class='ocr_line' id='line_1_12' title="bbox 115 665 2124 711; baseline -0.004 -8"><span class='ocrx_word' id='word_1_164' title='bbox 115 676 150 704; x_wconf 90' lang='lat' dir='ltr'><strong>tit</strong></span> <span class='ocrx_word' id='word_1_165' title='bbox 173 684 261 703; x_wconf 89' lang='lat' dir='ltr'><strong>suum</strong></span> <span class='ocrx_word' id='word_1_166' title='bbox 286 682 406 711; x_wconf 81' lang='lat' dir='ltr'><strong>corpus,</strong></span> <span class='ocrx_word' id='word_1_167' title='bbox 431 676 461 701; x_wconf 91' lang='lat' dir='ltr'><strong>et</strong></span> <span class='ocrx_word' id='word_1_168' title='bbox 485 682 540 700; x_wconf 91' lang='lat' dir='ltr'><strong>nos</strong></span> <span class='ocrx_word' id='word_1_169' title='bbox 566 671 625 699; x_wconf 89' lang='lat' dir='ltr'><strong>sibi</strong></span> <span class='ocrx_word' id='word_1_170' title='bbox 648 670 783 708; x_wconf 84' lang='lat' dir='ltr'><strong>adiungit</strong></span> <span class='ocrx_word' id='word_1_171' title='bbox 805 674 945 708; x_wconf 83' lang='lat' dir='ltr'><strong>tanquam</strong></span> <span class='ocrx_word' id='word_1_172' title='bbox 968 670 1109 702; x_wconf 88' lang='lat' dir='ltr'><strong>membra,</strong></span> <span class='ocrx_word' id='word_1_173' title='bbox 1135 679 1193 707; x_wconf 91' lang='lat' dir='ltr'><strong>qua</strong></span> <span class='ocrx_word' id='word_1_174' title='bbox 1217 679 1273 696; x_wconf 90' lang='lat' dir='ltr'><strong>non</strong></span> <span class='ocrx_word' id='word_1_175' title='bbox 1298 672 1400 707; x_wconf 89' lang='lat' dir='ltr'><strong>potest</strong></span> <span class='ocrx_word' id='word_1_176' title='bbox 1423 668 1481 696; x_wconf 89' lang='lat' dir='ltr'><strong>alia</strong></span> <span class='ocrx_word' id='word_1_177' title='bbox 1505 668 1673 696; x_wconf 88' lang='lat' dir='ltr'><strong>coniunctio</strong></span> <span class='ocrx_word' id='word_1_178' title='bbox 1698 668 1820 705; x_wconf 81' lang='lat' dir='ltr'><strong>cogitari</strong></span> <span class='ocrx_word' id='word_1_179' title='bbox 1845 668 1971 705; x_wconf 85' lang='lat' dir='ltr'><strong>propior.</strong></span> <span class='ocrx_word' id='word_1_180' title='bbox 2020 665 2124 695; x_wconf 84' lang='lat' dir='ltr'><strong>Testa-</strong></span> 
     </span>
     <span class='ocr_line' id='line_1_13' title="bbox 115 709 2035 751; baseline -0.004 -6"><span class='ocrx_word' id='word_1_181' title='bbox 115 721 160 746; x_wconf 89' lang='lat' dir='ltr'><strong>tur</strong></span> <span class='ocrx_word' id='word_1_182' title='bbox 185 717 256 745; x_wconf 89' lang='lat' dir='ltr'><strong>item</strong></span> <span class='ocrx_word' id='word_1_183' title='bbox 280 726 316 744; x_wconf 88' lang='lat' dir='ltr'><strong>se</strong></span> <span class='ocrx_word' id='word_1_184' title='bbox 339 716 367 743; x_wconf 90' lang='lat' dir='ltr'><strong>in</strong></span> <span class='ocrx_word' id='word_1_185' title='bbox 393 714 480 743; x_wconf 87' lang='lat' dir='ltr'><strong>nobis</strong></span> <span class='ocrx_word' id='word_1_186' title='bbox 504 714 657 742; x_wconf 87' lang='lat' dir='ltr'><strong>efficacem</strong></span> <span class='ocrx_word' id='word_1_187' title='bbox 682 713 754 747; x_wconf 73' lang='lat' dir='ltr'><strong>fore,</strong></span> <span class='ocrx_word' id='word_1_188' title='bbox 780 714 850 751; x_wconf 90' lang='lat' dir='ltr'><strong>quia</strong></span> <span class='ocrx_word' id='word_1_189' title='bbox 873 713 940 751; x_wconf 88' lang='lat' dir='ltr'><strong>ipse</strong></span> <span class='ocrx_word' id='word_1_190' title='bbox 965 716 1013 741; x_wconf 92' lang='lat' dir='ltr'><strong>est</strong></span> <span class='ocrx_word' id='word_1_191' title='bbox 1037 713 1106 746; x_wconf 67' lang='lat' dir='ltr'><strong>vita,</strong></span> <span class='ocrx_word' id='word_1_192' title='bbox 1132 712 1182 740; x_wconf 86' lang='lat' dir='ltr'><strong>dat.</strong></span> <span class='ocrx_word' id='word_1_193' title='bbox 1206 712 1394 749; x_wconf 75' lang='lat' dir='ltr'><strong>sanguinem,</strong></span> <span class='ocrx_word' id='word_1_194' title='bbox 1419 715 1451 740; x_wconf 92' lang='lat' dir='ltr'><strong>ut</strong></span> <span class='ocrx_word' id='word_1_195' title='bbox 1474 714 1604 739; x_wconf 80' lang='lat' dir='ltr'><strong>testetur</strong></span> <span class='ocrx_word' id='word_1_196' title='bbox 1628 720 1663 738; x_wconf 88' lang='lat' dir='ltr'><strong>se</strong></span> <span class='ocrx_word' id='word_1_197' title='bbox 1688 720 1742 738; x_wconf 88' lang='lat' dir='ltr'><strong>nos</strong></span> <span class='ocrx_word' id='word_1_198' title='bbox 1767 709 1899 738; x_wconf 83' lang='lat' dir='ltr'><strong>abluere.</strong></span> <span class='ocrx_word' id='word_1_199' title='bbox 1930 727 1970 730; x_wconf 87' lang='lat'><strong>—</strong></span> <span class='ocrx_word' id='word_1_200' title='bbox 1995 727 2035 730; x_wconf 89' lang='lat'><strong>—</strong></span> 
     </span>
     <span class='ocr_line' id='line_1_14' title="bbox 115 750 2123 797; baseline -0.004 -10"><span class='ocrx_word' id='word_1_201' title='bbox 115 769 172 797; x_wconf 90' lang='lat' dir='ltr'><strong>que</strong></span> <span class='ocrx_word' id='word_1_202' title='bbox 201 758 280 787; x_wconf 87' lang='lat' dir='ltr'><strong>datis</strong></span> <span class='ocrx_word' id='word_1_203' title='bbox 311 757 359 785; x_wconf 90' lang='lat' dir='ltr'><strong>his</strong></span> <span class='ocrx_word' id='word_1_204' title='bbox 389 757 480 785; x_wconf 87' lang='lat' dir='ltr'><strong>rebus</strong></span> <span class='ocrx_word' id='word_1_205' title='bbox 513 766 590 794; x_wconf 88' lang='lat' dir='ltr'><strong>pane</strong></span> <span class='ocrx_word' id='word_1_206' title='bbox 620 759 650 784; x_wconf 90' lang='lat' dir='ltr'><strong>et</strong></span> <span class='ocrx_word' id='word_1_207' title='bbox 673 756 741 784; x_wconf 80' lang='lat' dir='ltr'><strong>vino</strong></span> <span class='ocrx_word' id='word_1_208' title='bbox 767 756 794 783; x_wconf 92' lang='lat' dir='ltr'><strong>in</strong></span> <span class='ocrx_word' id='word_1_209' title='bbox 819 754 923 784; x_wconf 86' lang='lat' dir='ltr'><strong>Coena</strong></span> <span class='ocrx_word' id='word_1_210' title='bbox 944 754 1066 782; x_wconf 86' lang='lat' dir='ltr'><strong>Domini</strong></span> <span class='ocrx_word' id='word_1_211' title='bbox 1092 754 1270 783; x_wconf 79' lang='lat' dir='ltr'><strong>exhibentur</strong></span> <span class='ocrx_word' id='word_1_212' title='bbox 1293 754 1381 782; x_wconf 87' lang='lat' dir='ltr'><strong>nobis</strong></span> <span class='ocrx_word' id='word_1_213' title='bbox 1407 763 1516 792; x_wconf 91' lang='lat' dir='ltr'><strong>corpus</strong></span> <span class='ocrx_word' id='word_1_214' title='bbox 1543 757 1572 781; x_wconf 85' lang='lat' dir='ltr'><strong>et</strong></span> <span class='ocrx_word' id='word_1_215' title='bbox 1596 753 1721 790; x_wconf 77' lang='lat' dir='ltr'><strong>sanguis</strong></span> <span class='ocrx_word' id='word_1_216' title='bbox 1746 750 1870 781; x_wconf 75' lang='lat' dir='ltr'><strong>Christi.</strong></span> <span class='ocrx_word' id='word_1_217' title='bbox 1916 750 1956 780; x_wconf 84' lang='lat' dir='ltr'><strong>Et</strong></span> <span class='ocrx_word' id='word_1_218' title='bbox 1979 750 2123 780; x_wconf 86' lang='lat' dir='ltr'><strong>Christus</strong></span> 
     </span>
     <span class='ocr_line' id='line_1_15' title="bbox 113 793 2125 835; baseline -0.003 -6"><span class='ocrx_word' id='word_1_219' title='bbox 113 811 183 829; x_wconf 87' lang='lat' dir='ltr'><strong>vere</strong></span> <span class='ocrx_word' id='word_1_220' title='bbox 215 800 304 828; x_wconf 88' lang='lat' dir='ltr'><strong>adest</strong></span> <span class='ocrx_word' id='word_1_221' title='bbox 327 799 520 828; x_wconf 80' lang='lat' dir='ltr'><strong>Sacramento</strong></span> <span class='ocrx_word' id='word_1_222' title='bbox 552 808 625 831; x_wconf 77' lang='lat' dir='ltr'><strong>suo,</strong></span> <span class='ocrx_word' id='word_1_223' title='bbox 658 801 688 826; x_wconf 91' lang='lat' dir='ltr'><strong>et</strong></span> <span class='ocrx_word' id='word_1_224' title='bbox 716 798 822 826; x_wconf 83' lang='lat' dir='ltr'><strong>efficax</strong></span> <span class='ocrx_word' id='word_1_225' title='bbox 850 801 898 826; x_wconf 83' lang='lat' dir='ltr'><strong>est</strong></span> <span class='ocrx_word' id='word_1_226' title='bbox 921 798 949 825; x_wconf 88' lang='lat' dir='ltr'><strong>in</strong></span> <span class='ocrx_word' id='word_1_227' title='bbox 975 797 1077 828; x_wconf 82' lang='lat' dir='ltr'><strong>nobis,</strong></span> <span class='ocrx_word' id='word_1_228' title='bbox 1112 798 1190 826; x_wconf 92' lang='lat' dir='ltr'><strong>sicut</strong></span> <span class='ocrx_word' id='word_1_229' title='bbox 1212 796 1345 825; x_wconf 83' lang='lat' dir='ltr'><strong>Hilarius</strong></span> <span class='ocrx_word' id='word_1_230' title='bbox 1370 797 1482 835; x_wconf 89' lang='lat' dir='ltr'><strong>inquit:</strong></span> <span class='ocrx_word' id='word_1_231' title='bbox 1531 797 1615 832; x_wconf 72' lang='lat' dir='ltr'><strong>Quae</strong></span> <span class='ocrx_word' id='word_1_232' title='bbox 1639 798 1739 824; x_wconf 86' lang='lat' dir='ltr'><strong>sumta</strong></span> <span class='ocrx_word' id='word_1_233' title='bbox 1762 799 1792 824; x_wconf 91' lang='lat' dir='ltr'><strong>et</strong></span> <span class='ocrx_word' id='word_1_234' title='bbox 1815 794 1924 823; x_wconf 87' lang='lat' dir='ltr'><strong>hausta</strong></span> <span class='ocrx_word' id='word_1_235' title='bbox 1947 793 2068 827; x_wconf 86' lang='lat' dir='ltr'><strong>faciunt,</strong></span> <span class='ocrx_word' id='word_1_236' title='bbox 2093 797 2125 822; x_wconf 89' lang='lat' dir='ltr'><strong>ut</strong></span> 
     </span>
    </p>
   </div>
   <div class='ocr_carea' id='block_1_5' title="bbox 113 839 866 872">
    <p class='ocr_par' dir='ltr' id='par_1_5' title="bbox 113 839 866 872">
     <span class='ocr_line' id='line_1_16' title="bbox 113 839 866 872; baseline -0.005 0"><span class='ocrx_word' id='word_1_237' title='bbox 113 842 256 872; x_wconf 89' lang='lat' dir='ltr'><strong>Christus</strong></span> <span class='ocrx_word' id='word_1_238' title='bbox 281 842 323 871; x_wconf 86' lang='lat' dir='ltr'><strong>Sit</strong></span> <span class='ocrx_word' id='word_1_239' title='bbox 346 843 374 870; x_wconf 85' lang='lat' dir='ltr'><strong>in</strong></span> <span class='ocrx_word' id='word_1_240' title='bbox 398 841 496 871; x_wconf 82' lang='lat' dir='ltr'><strong>nobis.</strong></span> <span class='ocrx_word' id='word_1_241' title='bbox 522 844 552 869; x_wconf 86' lang='lat' dir='ltr'><strong>et</strong></span> <span class='ocrx_word' id='word_1_242' title='bbox 577 850 633 869; x_wconf 85' lang='lat' dir='ltr'><strong>nos</strong></span> <span class='ocrx_word' id='word_1_243' title='bbox 658 841 685 868; x_wconf 92' lang='lat' dir='ltr'><strong>in</strong></span> <span class='ocrx_word' id='word_1_244' title='bbox 711 839 866 869; x_wconf 52' lang='lat' dir='ltr'><strong>Christom</strong></span> 
     </span>
    </p>
   </div>
   <div class='ocr_carea' id='block_1_6' title="bbox 2070 707 2124 737">
    <p class='ocr_par' dir='ltr' id='par_1_6' title="bbox 2070 707 2124 737">
     <span class='ocr_line' id='line_1_17' title="bbox 2070 707 2124 737; baseline 0.037 -2"><span class='ocrx_word' id='word_1_245' title='bbox 2070 707 2124 737; x_wconf 86' lang='lat' dir='ltr'><strong>lta—</strong></span> 
     </span>
    </p>
   </div>
   <div class='ocr_carea' id='block_1_7' title="bbox 113 913 2123 1039">
    <p class='ocr_par' dir='ltr' id='par_1_7' title="bbox 113 913 2123 1039">
     <span class='ocr_line' id='line_1_18' title="bbox 264 913 2123 955; baseline -0.003 -9"><span class='ocrx_word' id='word_1_246' title='bbox 264 917 295 946; x_wconf 91' lang='lat' dir='ltr'><strong>In</strong></span> <span class='ocrx_word' id='word_1_247' title='bbox 318 917 386 946; x_wconf 86' lang='lat' dir='ltr'><strong>loco</strong></span> <span class='ocrx_word' id='word_1_248' title='bbox 410 917 540 954; x_wconf 81' lang='lat' dir='ltr'><strong>denique</strong></span> <span class='ocrx_word' id='word_1_249' title='bbox 564 918 604 946; x_wconf 80' lang='lat' dir='ltr'><strong>(le</strong></span> <span class='ocrx_word' id='word_1_250' title='bbox 626 925 725 955; x_wconf 72' lang='lat' dir='ltr'><strong>reqno</strong></span> <span class='ocrx_word' id='word_1_251' title='bbox 751 917 872 947; x_wconf 77' lang='lat' dir='ltr'><strong>Chre&#39;stc&#39;</strong></span> <span class='ocrx_word' id='word_1_252' title='bbox 893 916 1158 954; x_wconf 81' lang='lat' dir='ltr'><strong>Anabaptistarum</strong></span> <span class='ocrx_word' id='word_1_253' title='bbox 1183 915 1349 944; x_wconf 88' lang='lat' dir='ltr'><strong>chiliastica</strong></span> <span class='ocrx_word' id='word_1_254' title='bbox 1374 914 1568 943; x_wconf 87' lang='lat' dir='ltr'><strong>deliramenta</strong></span> <span class='ocrx_word' id='word_1_255' title='bbox 1592 915 1639 942; x_wconf 90' lang='lat' dir='ltr'><strong>sic</strong></span> <span class='ocrx_word' id='word_1_256' title='bbox 1662 913 1787 942; x_wconf 84' lang='lat' dir='ltr'><strong>refellit:</strong></span> <span class='ocrx_word' id='word_1_257' title='bbox 1837 913 1914 942; x_wconf 54' lang='lat' dir='ltr'><strong>„Est</strong></span> <span class='ocrx_word' id='word_1_258' title='bbox 1937 913 2123 942; x_wconf 86' lang='lat' dir='ltr'><strong>execrandus</strong></span> 
     </span>
     <span class='ocr_line' id='line_1_19' title="bbox 113 955 2123 996; baseline -0.003 -6"><span class='ocrx_word' id='word_1_259' title='bbox 113 965 143 990; x_wconf 90' lang='lat' dir='ltr'><strong>et</strong></span> <span class='ocrx_word' id='word_1_260' title='bbox 174 960 357 990; x_wconf 89' lang='lat' dir='ltr'><strong>damnandus</strong></span> <span class='ocrx_word' id='word_1_261' title='bbox 390 970 469 988; x_wconf 88' lang='lat' dir='ltr'><strong>error</strong></span> <span class='ocrx_word' id='word_1_262' title='bbox 500 959 550 987; x_wconf 91' lang='lat' dir='ltr'><strong>ille</strong></span> <span class='ocrx_word' id='word_1_263' title='bbox 574 958 714 987; x_wconf 84' lang='lat' dir='ltr'><strong>Iudaicus</strong></span> <span class='ocrx_word' id='word_1_264' title='bbox 737 959 1017 996; x_wconf 85' lang='lat' dir='ltr'><strong>Anabaptistarum.</strong></span> <span class='ocrx_word' id='word_1_265' title='bbox 1051 959 1100 996; x_wconf 89' lang='lat' dir='ltr'><strong>qui</strong></span> <span class='ocrx_word' id='word_1_266' title='bbox 1126 959 1237 996; x_wconf 77' lang='lat' dir='ltr'><strong>lingunt</strong></span> <span class='ocrx_word' id='word_1_267' title='bbox 1259 957 1431 986; x_wconf 82' lang='lat' dir='ltr'><strong>Ecclesiam</strong></span> <span class='ocrx_word' id='word_1_268' title='bbox 1456 960 1523 985; x_wconf 87' lang='lat' dir='ltr'><strong>ante</strong></span> <span class='ocrx_word' id='word_1_269' title='bbox 1555 957 1749 985; x_wconf 88' lang='lat' dir='ltr'><strong>novissimam</strong></span> <span class='ocrx_word' id='word_1_270' title='bbox 1774 956 1852 984; x_wconf 89' lang='lat' dir='ltr'><strong>diem</strong></span> <span class='ocrx_word' id='word_1_271' title='bbox 1876 955 2011 994; x_wconf 86' lang='lat' dir='ltr'><strong>politiam</strong></span> <span class='ocrx_word' id='word_1_272' title='bbox 2035 965 2123 993; x_wconf 88' lang='lat' dir='ltr'><strong>quan-</strong></span> 
     </span>
     <span class='ocr_line' id='line_1_20' title="bbox 113 999 2100 1039; baseline -0.003 -7"><span class='ocrx_word' id='word_1_273' title='bbox 113 1004 180 1032; x_wconf 86' lang='lat' dir='ltr'><strong>dam</strong></span> <span class='ocrx_word' id='word_1_274' title='bbox 203 1003 380 1032; x_wconf 80' lang='lat' dir='ltr'><strong>mundanam</strong></span> <span class='ocrx_word' id='word_1_275' title='bbox 405 1002 533 1030; x_wconf 88' lang='lat' dir='ltr'><strong>futuram</strong></span> <span class='ocrx_word' id='word_1_276' title='bbox 557 1011 638 1031; x_wconf 77' lang='lat' dir='ltr'><strong>esse,</strong></span> <span class='ocrx_word' id='word_1_277' title='bbox 662 1001 690 1029; x_wconf 92' lang='lat' dir='ltr'><strong>in</strong></span> <span class='ocrx_word' id='word_1_278' title='bbox 715 1010 772 1038; x_wconf 85' lang='lat' dir='ltr'><strong>qua</strong></span> <span class='ocrx_word' id='word_1_279' title='bbox 797 1004 922 1038; x_wconf 83' lang='lat' dir='ltr'><strong>regnent</strong></span> <span class='ocrx_word' id='word_1_280' title='bbox 945 1002 995 1039; x_wconf 86' lang='lat' dir='ltr'><strong>pii,</strong></span> <span class='ocrx_word' id='word_1_281' title='bbox 1022 1004 1052 1029; x_wconf 90' lang='lat' dir='ltr'><strong>et</strong></span> <span class='ocrx_word' id='word_1_282' title='bbox 1075 1001 1164 1029; x_wconf 90' lang='lat' dir='ltr'><strong>armis</strong></span> <span class='ocrx_word' id='word_1_283' title='bbox 1189 1000 1310 1029; x_wconf 86' lang='lat' dir='ltr'><strong>deleant</strong></span> <span class='ocrx_word' id='word_1_284' title='bbox 1334 1010 1439 1028; x_wconf 89' lang='lat' dir='ltr'><strong>omnes</strong></span> <span class='ocrx_word' id='word_1_285' title='bbox 1465 999 1574 1037; x_wconf 87' lang='lat' dir='ltr'><strong>impios</strong></span> <span class='ocrx_word' id='word_1_286' title='bbox 1599 1003 1629 1027; x_wconf 88' lang='lat' dir='ltr'><strong>et</strong></span> <span class='ocrx_word' id='word_1_287' title='bbox 1653 1003 1800 1037; x_wconf 84' lang='lat' dir='ltr'><strong>occupent</strong></span> <span class='ocrx_word' id='word_1_288' title='bbox 1825 999 1921 1026; x_wconf 88' lang='lat' dir='ltr'><strong>omnia</strong></span> <span class='ocrx_word' id='word_1_289' title='bbox 1946 999 2100 1036; x_wconf 63' lang='lat' dir='ltr'><strong>imperiaf-</strong></span> 
     </span>
    </p>
   </div>
   <div class='ocr_carea' id='block_1_8' title="bbox 105 1073 2123 1755">
    <p class='ocr_par' dir='ltr' id='par_1_8' title="bbox 105 1073 2123 1755">
     <span class='ocr_line' id='line_1_21' title="bbox 262 1073 2121 1113; baseline -0.003 -6"><span class='ocrx_word' id='word_1_290' title='bbox 262 1077 310 1107; x_wconf 94' lang='lat' dir='ltr'><strong>De</strong></span> <span class='ocrx_word' id='word_1_291' title='bbox 340 1077 492 1106; x_wconf 87' lang='lat' dir='ltr'><strong>doctrinae</strong></span> <span class='ocrx_word' id='word_1_292' title='bbox 522 1077 756 1106; x_wconf 79' lang='lat' dir='ltr'><strong>mutationibus,</strong></span> <span class='ocrx_word' id='word_1_293' title='bbox 790 1086 865 1113; x_wconf 87' lang='lat' dir='ltr'><strong>quas</strong></span> <span class='ocrx_word' id='word_1_294' title='bbox 897 1079 1000 1105; x_wconf 86' lang='lat' dir='ltr'><strong>auctor</strong></span> <span class='ocrx_word' id='word_1_295' title='bbox 1030 1077 1057 1104; x_wconf 93' lang='lat' dir='ltr'><strong>in</strong></span> <span class='ocrx_word' id='word_1_296' title='bbox 1090 1076 1176 1104; x_wconf 90' lang='lat' dir='ltr'><strong>hisce</strong></span> <span class='ocrx_word' id='word_1_297' title='bbox 1199 1075 1294 1104; x_wconf 88' lang='lat' dir='ltr'><strong>Locis</strong></span> <span class='ocrx_word' id='word_1_298' title='bbox 1327 1075 1480 1104; x_wconf 87' lang='lat' dir='ltr'><strong>secundae</strong></span> <span class='ocrx_word' id='word_1_299' title='bbox 1505 1075 1614 1104; x_wconf 88' lang='lat' dir='ltr'><strong>aetatis</strong></span> <span class='ocrx_word' id='word_1_300' title='bbox 1640 1075 1726 1109; x_wconf 80' lang='lat' dir='ltr'><strong>fecit,</strong></span> <span class='ocrx_word' id='word_1_301' title='bbox 1759 1074 1835 1103; x_wconf 91' lang='lat' dir='ltr'><strong>conf.</strong></span> <span class='ocrx_word' id='word_1_302' title='bbox 1862 1074 1978 1103; x_wconf 83' lang='lat' dir='ltr'><strong>Galle</strong></span> <span class='ocrx_word' id='word_1_303' title='bbox 2003 1073 2023 1102; x_wconf 96' lang='lat' dir='ltr'><strong>l.</strong></span> <span class='ocrx_word' id='word_1_304' title='bbox 2048 1073 2068 1101; x_wconf 93' lang='lat' dir='ltr'><strong>l.</strong></span> <span class='ocrx_word' id='word_1_305' title='bbox 2092 1083 2121 1112; x_wconf 92' lang='lat' dir='ltr'><strong>p.</strong></span> 
     </span>
     <span class='ocr_line' id='line_1_22' title="bbox 114 1114 2122 1159; baseline -0.002 -10"><span class='ocrx_word' id='word_1_306' title='bbox 114 1123 172 1152; x_wconf 75' lang='lat'><strong>‘297</strong></span> <span class='ocrx_word' id='word_1_307' title='bbox 206 1130 274 1159; x_wconf 90' lang='lat' dir='ltr'><strong>sqq.</strong></span> <span class='ocrx_word' id='word_1_308' title='bbox 300 1138 340 1141; x_wconf 76' lang='lat'>—</span> <span class='ocrx_word' id='word_1_309' title='bbox 387 1119 468 1154; x_wconf 83' lang='lat' dir='ltr'><strong>Quid</strong></span> <span class='ocrx_word' id='word_1_310' title='bbox 491 1119 666 1148; x_wconf 88' lang='lat' dir='ltr'><strong>Melanthon</strong></span> <span class='ocrx_word' id='word_1_311' title='bbox 699 1119 766 1156; x_wconf 87' lang='lat' dir='ltr'><strong>ipse</strong></span> <span class='ocrx_word' id='word_1_312' title='bbox 798 1118 835 1146; x_wconf 83' lang='lat' dir='ltr'><strong>de</strong></span> <span class='ocrx_word' id='word_1_313' title='bbox 859 1118 907 1147; x_wconf 89' lang='lat' dir='ltr'><strong>his</strong></span> <span class='ocrx_word' id='word_1_314' title='bbox 932 1119 1026 1147; x_wconf 89' lang='lat' dir='ltr'><strong>Locis</strong></span> <span class='ocrx_word' id='word_1_315' title='bbox 1052 1119 1164 1147; x_wconf 89' lang='lat' dir='ltr'><strong>iudicet</strong></span> <span class='ocrx_word' id='word_1_316' title='bbox 1188 1118 1343 1151; x_wconf 77' lang='lat' dir='ltr'><strong>referatve,</strong></span> <span class='ocrx_word' id='word_1_317' title='bbox 1369 1128 1554 1156; x_wconf 75' lang='lat' dir='ltr'><strong>cognoscere</strong></span> <span class='ocrx_word' id='word_1_318' title='bbox 1578 1118 1650 1146; x_wconf 88' lang='lat' dir='ltr'><strong>licet</strong></span> <span class='ocrx_word' id='word_1_319' title='bbox 1674 1128 1711 1146; x_wconf 83' lang='lat' dir='ltr'><strong>ex</strong></span> <span class='ocrx_word' id='word_1_320' title='bbox 1735 1118 1802 1146; x_wconf 87' lang='lat' dir='ltr'><strong>eius</strong></span> <span class='ocrx_word' id='word_1_321' title='bbox 1826 1117 1978 1156; x_wconf 89' lang='lat' dir='ltr'><strong>Epistolis</strong></span> <span class='ocrx_word' id='word_1_322' title='bbox 2003 1116 2041 1145; x_wconf 87' lang='lat' dir='ltr'><strong>ad</strong></span> <span class='ocrx_word' id='word_1_323' title='bbox 2066 1114 2122 1145; x_wconf 78' lang='lat' dir='ltr'><strong>Ca-</strong></span> 
     </span>
     <span class='ocr_line' id='line_1_23' title="bbox 112 1159 2123 1200; baseline -0.003 -7"><span class='ocrx_word' id='word_1_324' title='bbox 112 1165 268 1193; x_wconf 86' lang='lat' dir='ltr'><strong>merarium</strong></span> <span class='ocrx_word' id='word_1_325' title='bbox 300 1163 328 1191; x_wconf 94' lang='lat' dir='ltr'><strong>d.</strong></span> <span class='ocrx_word' id='word_1_326' title='bbox 360 1164 387 1191; x_wconf 76' lang='grc'>2.</span> <span class='ocrx_word' id='word_1_327' title='bbox 414 1162 499 1200; x_wconf 84' lang='lat' dir='ltr'><strong>Sept.</strong></span> <span class='ocrx_word' id='word_1_328' title='bbox 535 1164 644 1195; x_wconf 72' lang='lat'><strong>1535..</strong></span> <span class='ocrx_word' id='word_1_329' title='bbox 681 1159 786 1199; x_wconf 86' lang='lat' dir='ltr'><strong>(Corp.</strong></span> <span class='ocrx_word' id='word_1_330' title='bbox 811 1160 880 1189; x_wconf 84' lang='lat' dir='ltr'><strong>Res.</strong></span> <span class='ocrx_word' id='word_1_331' title='bbox 906 1159 940 1189; x_wconf 87' lang='lat' dir='ltr'><strong>ll.</strong></span> <span class='ocrx_word' id='word_1_332' title='bbox 966 1171 994 1199; x_wconf 88' lang='lat' dir='ltr'><strong>p.</strong></span> <span class='ocrx_word' id='word_1_333' title='bbox 1023 1163 1081 1191; x_wconf 68' lang='lat'><strong>935</strong></span> <span class='ocrx_word' id='word_1_334' title='bbox 1108 1164 1170 1199; x_wconf 86' lang='lat' dir='ltr'><strong>sq.)</strong></span> <span class='ocrx_word' id='word_1_335' title='bbox 1199 1164 1228 1190; x_wconf 88' lang='lat' dir='ltr'><strong>et</strong></span> <span class='ocrx_word' id='word_1_336' title='bbox 1251 1161 1280 1189; x_wconf 84' lang='lat' dir='ltr'><strong>d.</strong></span> <span class='ocrx_word' id='word_1_337' title='bbox 1307 1162 1356 1189; x_wconf 65' lang='lat'><strong>24.</strong></span> <span class='ocrx_word' id='word_1_338' title='bbox 1381 1160 1477 1190; x_wconf 87' lang='lat' dir='ltr'><strong>Decb.</strong></span> <span class='ocrx_word' id='word_1_339' title='bbox 1503 1161 1602 1189; x_wconf 88' lang='lat' dir='ltr'><strong>eiusd.</strong></span> <span class='ocrx_word' id='word_1_340' title='bbox 1628 1161 1697 1189; x_wconf 91' lang='lat' dir='ltr'><strong>anni</strong></span> <span class='ocrx_word' id='word_1_341' title='bbox 1723 1161 1809 1197; x_wconf 80' lang='lat' dir='ltr'><strong>(ibid.</strong></span> <span class='ocrx_word' id='word_1_342' title='bbox 1835 1171 1864 1198; x_wconf 84' lang='lat' dir='ltr'><strong>p.</strong></span> <span class='ocrx_word' id='word_1_343' title='bbox 1893 1161 1969 1189; x_wconf 72' lang='grc'>1027</span> <span class='ocrx_word' id='word_1_344' title='bbox 1996 1164 2069 1198; x_wconf 76' lang='lat' dir='ltr'><strong>sq.)‚</strong></span> <span class='ocrx_word' id='word_1_345' title='bbox 2095 1159 2123 1187; x_wconf 88' lang='lat' dir='ltr'><strong>in</strong></span> 
     </span>
     <span class='ocr_line' id='line_1_24' title="bbox 112 1202 2121 1245; baseline -0.002 -10"><span class='ocrx_word' id='word_1_346' title='bbox 112 1217 171 1245; x_wconf 91' lang='lat' dir='ltr'><strong>qua</strong></span> <span class='ocrx_word' id='word_1_347' title='bbox 194 1206 270 1235; x_wconf 89' lang='lat' dir='ltr'><strong>haec</strong></span> <span class='ocrx_word' id='word_1_348' title='bbox 294 1205 412 1234; x_wconf 79' lang='lat' dir='ltr'><strong>scribit:</strong></span> <span class='ocrx_word' id='word_1_349' title='bbox 440 1204 489 1233; x_wconf 54' lang='lat' dir='ltr'><strong>„In</strong></span> <span class='ocrx_word' id='word_1_350' title='bbox 513 1207 590 1235; x_wconf 73' lang='lat' dir='ltr'><strong>locis</strong></span> <span class='ocrx_word' id='word_1_351' title='bbox 614 1205 691 1232; x_wconf 88' lang='lat' dir='ltr'><strong>meis</strong></span> <span class='ocrx_word' id='word_1_352' title='bbox 715 1204 803 1232; x_wconf 83' lang='lat' dir='ltr'><strong>etiam</strong></span> <span class='ocrx_word' id='word_1_353' title='bbox 828 1204 926 1232; x_wconf 80' lang='lat' dir='ltr'><strong>sicubi</strong></span> <span class='ocrx_word' id='word_1_354' title='bbox 950 1204 1054 1232; x_wconf 74' lang='lat' dir='ltr'><strong>videor</strong></span> <span class='ocrx_word' id='word_1_355' title='bbox 1077 1203 1187 1233; x_wconf 87' lang='lat' dir='ltr'><strong>babere</strong></span> <span class='ocrx_word' id='word_1_356' title='bbox 1212 1202 1347 1243; x_wconf 71' lang='grc' dir='ltr'><strong>δευτέρας</strong></span> <span class='ocrx_word' id='word_1_357' title='bbox 1371 1202 1548 1244; x_wconf 65' lang='grc' dir='ltr'><em>Φροντίδας,</em></span> <span class='ocrx_word' id='word_1_358' title='bbox 1569 1203 1656 1231; x_wconf 84' lang='lat' dir='ltr'><strong>vides</strong></span> <span class='ocrx_word' id='word_1_359' title='bbox 1688 1214 1735 1231; x_wconf 91' lang='lat' dir='ltr'><strong>me</strong></span> <span class='ocrx_word' id='word_1_360' title='bbox 1768 1203 1824 1231; x_wconf 92' lang='lat' dir='ltr'><strong>hoc</strong></span> <span class='ocrx_word' id='word_1_361' title='bbox 1848 1213 1949 1241; x_wconf 77' lang='lat' dir='ltr'><strong>agere,</strong></span> <span class='ocrx_word' id='word_1_362' title='bbox 1975 1206 2007 1232; x_wconf 90' lang='lat' dir='ltr'><strong>ut</strong></span> <span class='ocrx_word' id='word_1_363' title='bbox 2030 1204 2121 1232; x_wconf 84' lang='lat' dir='ltr'><strong>rebus</strong></span> 
     </span>
     <span class='ocr_line' id='line_1_25' title="bbox 111 1243 2123 1286; baseline -0.001 -9"><span class='ocrx_word' id='word_1_364' title='bbox 111 1249 250 1278; x_wconf 77' lang='lat' dir='ltr'><strong>obscuris</strong></span> <span class='ocrx_word' id='word_1_365' title='bbox 275 1251 305 1277; x_wconf 91' lang='lat' dir='ltr'><strong>et</strong></span> <span class='ocrx_word' id='word_1_366' title='bbox 329 1247 472 1276; x_wconf 83' lang='lat' dir='ltr'><strong>intricatis</strong></span> <span class='ocrx_word' id='word_1_367' title='bbox 496 1247 611 1285; x_wconf 86' lang='lat' dir='ltr'><strong>aliquid</strong></span> <span class='ocrx_word' id='word_1_368' title='bbox 634 1246 741 1275; x_wconf 83' lang='lat' dir='ltr'><strong>addam</strong></span> <span class='ocrx_word' id='word_1_369' title='bbox 765 1246 855 1274; x_wconf 89' lang='lat' dir='ltr'><strong>lucis.</strong></span> <span class='ocrx_word' id='word_1_370' title='bbox 901 1245 976 1274; x_wconf 75' lang='lat' dir='ltr'><strong>Nam</strong></span> <span class='ocrx_word' id='word_1_371' title='bbox 1006 1250 1037 1275; x_wconf 88' lang='lat' dir='ltr'><strong>tu</strong></span> <span class='ocrx_word' id='word_1_372' title='bbox 1067 1257 1103 1275; x_wconf 87' lang='lat' dir='ltr'><strong>ne</strong></span> <span class='ocrx_word' id='word_1_373' title='bbox 1127 1246 1235 1275; x_wconf 85' lang='lat' dir='ltr'><strong>malles</strong></span> <span class='ocrx_word' id='word_1_374' title='bbox 1260 1246 1387 1275; x_wconf 86' lang='lat' dir='ltr'><strong>obsecro</strong></span> <span class='ocrx_word' id='word_1_375' title='bbox 1412 1257 1459 1274; x_wconf 92' lang='lat' dir='ltr'><strong>me</strong></span> <span class='ocrx_word' id='word_1_376' title='bbox 1483 1255 1592 1284; x_wconf 80' lang='lat' dir='ltr'><strong>augere</strong></span> <span class='ocrx_word' id='word_1_377' title='bbox 1616 1245 1669 1280; x_wconf 76' lang='grc' dir='ltr'><strong>τὰς</strong></span> <span class='ocrx_word' id='word_1_378' title='bbox 1693 1245 1892 1285; x_wconf 77' lang='grc' dir='ltr'><em>ιὶκυρολογίας,</em></span> <span class='ocrx_word' id='word_1_379' title='bbox 1913 1243 2014 1286; x_wconf 72' lang='grc' dir='ltr'><em>ὥσπερ</em></span> <span class='ocrx_word' id='word_1_380' title='bbox 2037 1251 2123 1276; x_wconf 81' lang='grc' dir='ltr'><em>στωϊ-</em></span> 
     </span>
     <span class='ocr_line' id='line_1_26' title="bbox 110 1287 2123 1327; baseline -0.002 -6"><span class='ocrx_word' id='word_1_381' title='bbox 110 1291 161 1321; x_wconf 77' lang='grc' dir='ltr'><strong>κόν</strong></span> <span class='ocrx_word' id='word_1_382' title='bbox 179 1303 243 1320; x_wconf 73' lang='grc' dir='ltr'><strong>τινα</strong></span> <span class='ocrx_word' id='word_1_383' title='bbox 266 1287 283 1327; x_wconf 63' lang='grc' dir='ltr'>ἢ</span> <span class='ocrx_word' id='word_1_384' title='bbox 305 1291 541 1326; x_wconf 47' lang='lat' dir='ltr'><strong>mammeam</strong></span> <span class='ocrx_word' id='word_1_385' title='bbox 573 1300 639 1317; x_wconf 86' lang='lat' dir='ltr'><strong>cum</strong></span> <span class='ocrx_word' id='word_1_386' title='bbox 672 1299 805 1317; x_wconf 85' lang='lat' dir='ltr'><strong>summas</strong></span> <span class='ocrx_word' id='word_1_387' title='bbox 837 1299 931 1317; x_wconf 85' lang='lat' dir='ltr'><strong>rerum</strong></span> <span class='ocrx_word' id='word_1_388' title='bbox 963 1289 1068 1317; x_wconf 74' lang='lat' dir='ltr'><strong>videas</strong></span> <span class='ocrx_word' id='word_1_389' title='bbox 1100 1299 1147 1317; x_wconf 91' lang='lat' dir='ltr'><strong>me</strong></span> <span class='ocrx_word' id='word_1_390' title='bbox 1178 1290 1315 1317; x_wconf 89' lang='lat' dir='ltr'><strong>retinere.</strong></span> <span class='ocrx_word' id='word_1_391' title='bbox 1369 1289 1479 1326; x_wconf 69' lang='lat' dir='ltr'><strong>Neque</strong></span> <span class='ocrx_word' id='word_1_392' title='bbox 1507 1292 1605 1317; x_wconf 88' lang='lat' dir='ltr'><strong>tamen</strong></span> <span class='ocrx_word' id='word_1_393' title='bbox 1635 1288 1723 1317; x_wconf 83' lang='lat' dir='ltr'><strong>valde</strong></span> <span class='ocrx_word' id='word_1_394' title='bbox 1747 1298 1866 1322; x_wconf 80' lang='lat' dir='ltr'><strong>recuso.</strong></span> <span class='ocrx_word' id='word_1_395' title='bbox 1899 1289 1986 1317; x_wconf 85' lang='lat' dir='ltr'><strong>etiam</strong></span> <span class='ocrx_word' id='word_1_396' title='bbox 2011 1289 2039 1316; x_wconf 90' lang='lat' dir='ltr'><strong>si</strong></span> <span class='ocrx_word' id='word_1_397' title='bbox 2064 1298 2123 1326; x_wconf 84' lang='lat' dir='ltr'><strong>qua</strong></span> 
     </span>
     <span class='ocr_line' id='line_1_27' title="bbox 110 1330 2123 1371; baseline -0.002 -9"><span class='ocrx_word' id='word_1_398' title='bbox 110 1333 200 1371; x_wconf 84' lang='lat' dir='ltr'><strong>plaga</strong></span> <span class='ocrx_word' id='word_1_399' title='bbox 222 1332 294 1362; x_wconf 88' lang='lat' dir='ltr'><strong>mihi</strong></span> <span class='ocrx_word' id='word_1_400' title='bbox 318 1332 491 1370; x_wconf 85' lang='lat' dir='ltr'><strong>accipienda</strong></span> <span class='ocrx_word' id='word_1_401' title='bbox 515 1332 676 1370; x_wconf 88' lang='lat' dir='ltr'><strong>aliquando</strong></span> <span class='ocrx_word' id='word_1_402' title='bbox 706 1332 776 1365; x_wconf 84' lang='lat' dir='ltr'><strong>erit,</strong></span> <span class='ocrx_word' id='word_1_403' title='bbox 806 1331 903 1360; x_wconf 87' lang='lat' dir='ltr'><strong>habeo</strong></span> <span class='ocrx_word' id='word_1_404' title='bbox 932 1332 1009 1360; x_wconf 90' lang='lat' dir='ltr'><strong>enim</strong></span> <span class='ocrx_word' id='word_1_405' title='bbox 1034 1332 1177 1360; x_wconf 86' lang='lat' dir='ltr'><strong>rationem</strong></span> <span class='ocrx_word' id='word_1_406' title='bbox 1201 1332 1259 1360; x_wconf 90' lang='lat' dir='ltr'><strong>mei</strong></span> <span class='ocrx_word' id='word_1_407' title='bbox 1284 1331 1454 1361; x_wconf 80' lang='lat' dir='ltr'><strong>consilii.·-:</strong></span> <span class='ocrx_word' id='word_1_408' title='bbox 1478 1335 1633 1369; x_wconf 89' lang='lat' dir='ltr'><strong>praeterea</strong></span> <span class='ocrx_word' id='word_1_409' title='bbox 1657 1341 1693 1360; x_wconf 81' lang='lat' dir='ltr'><strong>ex</strong></span> <span class='ocrx_word' id='word_1_410' title='bbox 1716 1330 1814 1369; x_wconf 81' lang='lat' dir='ltr'><strong>Epist.</strong></span> <span class='ocrx_word' id='word_1_411' title='bbox 1839 1331 1877 1359; x_wconf 85' lang='lat' dir='ltr'><strong>ad</strong></span> <span class='ocrx_word' id='word_1_412' title='bbox 1901 1331 2028 1359; x_wconf 85' lang='lat' dir='ltr'><strong>eundem</strong></span> <span class='ocrx_word' id='word_1_413' title='bbox 2054 1331 2123 1359; x_wconf 87' lang='lat' dir='ltr'><strong>data</strong></span> 
     </span>
     <span class='ocr_line' id='line_1_28' title="bbox 108 1372 2120 1413; baseline -0.001 -9"><span class='ocrx_word' id='word_1_414' title='bbox 108 1375 217 1404; x_wconf 86' lang='lat' dir='ltr'><strong>Martio</strong></span> <span class='ocrx_word' id='word_1_415' title='bbox 245 1377 336 1404; x_wconf 79' lang='lat'><strong>1544.</strong></span> <span class='ocrx_word' id='word_1_416' title='bbox 383 1373 488 1413; x_wconf 74' lang='lat' dir='ltr'><strong>(Corp.</strong></span> <span class='ocrx_word' id='word_1_417' title='bbox 513 1374 553 1403; x_wconf 93' lang='lat' dir='ltr'><strong>V.</strong></span> <span class='ocrx_word' id='word_1_418' title='bbox 578 1385 607 1413; x_wconf 88' lang='lat' dir='ltr'><strong>p.</strong></span> <span class='ocrx_word' id='word_1_419' title='bbox 634 1376 735 1411; x_wconf 53' lang='lat'>332),</span> <span class='ocrx_word' id='word_1_420' title='bbox 768 1375 837 1402; x_wconf 88' lang='lat' dir='ltr'><strong>item</strong></span> <span class='ocrx_word' id='word_1_421' title='bbox 868 1384 905 1403; x_wconf 84' lang='lat' dir='ltr'><strong>ex</strong></span> <span class='ocrx_word' id='word_1_422' title='bbox 927 1374 1027 1412; x_wconf 88' lang='lat' dir='ltr'><strong>Epist.</strong></span> <span class='ocrx_word' id='word_1_423' title='bbox 1052 1375 1090 1402; x_wconf 85' lang='lat' dir='ltr'><strong>ad</strong></span> <span class='ocrx_word' id='word_1_424' title='bbox 1113 1374 1217 1403; x_wconf 92' lang='lat' dir='ltr'><strong>Vitum</strong></span> <span class='ocrx_word' id='word_1_425' title='bbox 1243 1373 1435 1403; x_wconf 89' lang='lat' dir='ltr'><strong>Theodorum</strong></span> <span class='ocrx_word' id='word_1_426' title='bbox 1460 1374 1488 1402; x_wconf 92' lang='lat' dir='ltr'><strong>d.</strong></span> <span class='ocrx_word' id='word_1_427' title='bbox 1515 1375 1563 1402; x_wconf 70' lang='lat'><strong>22.</strong></span> <span class='ocrx_word' id='word_1_428' title='bbox 1590 1373 1652 1402; x_wconf 90' lang='lat' dir='ltr'><strong>Iun.</strong></span> <span class='ocrx_word' id='word_1_429' title='bbox 1681 1376 1771 1403; x_wconf 78' lang='grc'>1537.</span> <span class='ocrx_word' id='word_1_430' title='bbox 1798 1373 1904 1412; x_wconf 76' lang='lat' dir='ltr'><strong>(Coi-p.</strong></span> <span class='ocrx_word' id='word_1_431' title='bbox 1930 1372 1979 1401; x_wconf 84' lang='lat' dir='ltr'><strong>III.</strong></span> <span class='ocrx_word' id='word_1_432' title='bbox 2003 1383 2033 1413; x_wconf 88' lang='lat' dir='ltr'><strong>p.</strong></span> <span class='ocrx_word' id='word_1_433' title='bbox 2061 1374 2120 1401; x_wconf 58' lang='lat'><strong>353</strong></span> 
     </span>
     <span class='ocr_line' id='line_1_29' title="bbox 109 1415 2120 1456; baseline 0 -10"><span class='ocrx_word' id='word_1_434' title='bbox 109 1421 184 1456; x_wconf 87' lang='lat' dir='ltr'><strong>sq.)‚</strong></span> <span class='ocrx_word' id='word_1_435' title='bbox 209 1427 246 1446; x_wconf 83' lang='lat' dir='ltr'><strong>ex</strong></span> <span class='ocrx_word' id='word_1_436' title='bbox 268 1417 369 1456; x_wconf 89' lang='lat' dir='ltr'><strong>Epist.</strong></span> <span class='ocrx_word' id='word_1_437' title='bbox 393 1418 431 1446; x_wconf 87' lang='lat' dir='ltr'><strong>ad</strong></span> <span class='ocrx_word' id='word_1_438' title='bbox 443 1416 598 1446; x_wconf 90' lang='lat' dir='ltr'><strong>Brentium</strong></span> <span class='ocrx_word' id='word_1_439' title='bbox 622 1417 651 1446; x_wconf 92' lang='lat' dir='ltr'><strong>d.</strong></span> <span class='ocrx_word' id='word_1_440' title='bbox 665 1417 726 1445; x_wconf 87' lang='lat' dir='ltr'><strong>fere</strong></span> <span class='ocrx_word' id='word_1_441' title='bbox 744 1420 790 1446; x_wconf 87' lang='lat'><strong>15.</strong></span> <span class='ocrx_word' id='word_1_442' title='bbox 805 1417 890 1455; x_wconf 86' lang='lat' dir='ltr'><strong>Sept.</strong></span> <span class='ocrx_word' id='word_1_443' title='bbox 909 1419 999 1446; x_wconf 61' lang='lat'><strong>1535.</strong></span> <span class='ocrx_word' id='word_1_444' title='bbox 1024 1415 1129 1455; x_wconf 87' lang='lat' dir='ltr'><strong>(Corp.</strong></span> <span class='ocrx_word' id='word_1_445' title='bbox 1145 1415 1237 1455; x_wconf 90' lang='lat' dir='ltr'><strong>111.p.</strong></span> <span class='ocrx_word' id='word_1_446' title='bbox 1255 1420 1342 1454; x_wconf 65' lang='grc'>586.)</span> <span class='ocrx_word' id='word_1_447' title='bbox 1366 1417 1514 1454; x_wconf 68' lang='lat' dir='ltr'><strong>aliisquez</strong></span> <span class='ocrx_word' id='word_1_448' title='bbox 1539 1418 1626 1445; x_wconf 87' lang='lat' dir='ltr'><strong>etiam</strong></span> <span class='ocrx_word' id='word_1_449' title='bbox 1652 1427 1689 1445; x_wconf 86' lang='lat' dir='ltr'><strong>ex</strong></span> <span class='ocrx_word' id='word_1_450' title='bbox 1712 1417 1894 1456; x_wconf 81' lang='lat' dir='ltr'><strong>praefatione</strong></span> <span class='ocrx_word' id='word_1_451' title='bbox 1918 1417 1998 1456; x_wconf 92' lang='lat' dir='ltr'><strong>Opp.</strong></span> <span class='ocrx_word' id='word_1_452' title='bbox 2023 1417 2120 1447; x_wconf 86' lang='lat' dir='ltr'><strong>Basil.</strong></span> 
     </span>
     <span class='ocr_line' id='line_1_30' title="bbox 111 1457 2121 1498; baseline 0 -9"><span class='ocrx_word' id='word_1_453' title='bbox 111 1462 203 1489; x_wconf 82' lang='lat'><strong>1541.</strong></span> <span class='ocrx_word' id='word_1_454' title='bbox 236 1459 321 1488; x_wconf 87' lang='lat' dir='ltr'><strong>Tom.</strong></span> <span class='ocrx_word' id='word_1_455' title='bbox 352 1457 372 1487; x_wconf 85' lang='grc'><strong>1.</strong></span> <span class='ocrx_word' id='word_1_456' title='bbox 404 1460 534 1498; x_wconf 84' lang='lat' dir='ltr'><strong>praefixa</strong></span> <span class='ocrx_word' id='word_1_457' title='bbox 563 1458 668 1498; x_wconf 83' lang='lat' dir='ltr'><strong>(Corp.</strong></span> <span class='ocrx_word' id='word_1_458' title='bbox 701 1458 753 1488; x_wconf 85' lang='lat' dir='ltr'><strong>IV.</strong></span> <span class='ocrx_word' id='word_1_459' title='bbox 784 1470 813 1498; x_wconf 88' lang='lat' dir='ltr'><strong>p.</strong></span> <span class='ocrx_word' id='word_1_460' title='bbox 849 1462 907 1489; x_wconf 89' lang='grc'><strong>715</strong></span> <span class='ocrx_word' id='word_1_461' title='bbox 938 1462 1031 1497; x_wconf 79' lang='lat' dir='ltr'><strong>sqq.),</strong></span> <span class='ocrx_word' id='word_1_462' title='bbox 1065 1461 1091 1488; x_wconf 91' lang='lat' dir='ltr'><strong>in</strong></span> <span class='ocrx_word' id='word_1_463' title='bbox 1117 1470 1176 1497; x_wconf 90' lang='lat' dir='ltr'><strong>qua</strong></span> <span class='ocrx_word' id='word_1_464' title='bbox 1200 1460 1233 1497; x_wconf 82' lang='lat' dir='ltr'><strong>(l.</strong></span> <span class='ocrx_word' id='word_1_465' title='bbox 1258 1460 1278 1488; x_wconf 95' lang='lat' dir='ltr'><strong>l.</strong></span> <span class='ocrx_word' id='word_1_466' title='bbox 1305 1470 1333 1498; x_wconf 92' lang='lat' dir='ltr'><strong>p.</strong></span> <span class='ocrx_word' id='word_1_467' title='bbox 1362 1462 1448 1497; x_wconf 59' lang='lat'><strong>713.)</strong></span> <span class='ocrx_word' id='word_1_468' title='bbox 1473 1460 1548 1488; x_wconf 88' lang='lat' dir='ltr'><strong>haec</strong></span> <span class='ocrx_word' id='word_1_469' title='bbox 1571 1460 1727 1498; x_wconf 76' lang='lat' dir='ltr'><strong>leguntur:</strong></span> <span class='ocrx_word' id='word_1_470' title='bbox 1776 1459 1915 1498; x_wconf 54' lang='lat' dir='ltr'><strong>„Collegi</strong></span> <span class='ocrx_word' id='word_1_471' title='bbox 1939 1471 1996 1489; x_wconf 89' lang='lat' dir='ltr'><strong>non</strong></span> <span class='ocrx_word' id='word_1_472' title='bbox 2021 1461 2121 1490; x_wconf 89' lang='lat' dir='ltr'><strong>solum</strong></span> 
     </span>
     <span class='ocr_line' id='line_1_31' title="bbox 108 1501 2120 1541; baseline 0.001 -11"><span class='ocrx_word' id='word_1_473' title='bbox 108 1512 215 1539; x_wconf 80' lang='lat' dir='ltr'><strong>magna</strong></span> <span class='ocrx_word' id='word_1_474' title='bbox 244 1501 423 1536; x_wconf 78' lang='lat' dir='ltr'><strong>sedulitate,</strong></span> <span class='ocrx_word' id='word_1_475' title='bbox 454 1503 509 1530; x_wconf 89' lang='lat' dir='ltr'><strong>sed</strong></span> <span class='ocrx_word' id='word_1_476' title='bbox 541 1503 629 1531; x_wconf 88' lang='lat' dir='ltr'><strong>etiam</strong></span> <span class='ocrx_word' id='word_1_477' title='bbox 662 1512 730 1531; x_wconf 89' lang='lat' dir='ltr'><strong>cura</strong></span> <span class='ocrx_word' id='word_1_478' title='bbox 761 1506 790 1531; x_wconf 90' lang='lat' dir='ltr'><strong>ct</strong></span> <span class='ocrx_word' id='word_1_479' title='bbox 822 1502 878 1530; x_wconf 85' lang='lat' dir='ltr'><strong>fide</strong></span> <span class='ocrx_word' id='word_1_480' title='bbox 908 1512 1003 1530; x_wconf 87' lang='lat' dir='ltr'><strong>rerum</strong></span> <span class='ocrx_word' id='word_1_481' title='bbox 1028 1512 1178 1535; x_wconf 77' lang='lat' dir='ltr'><strong>summas,</strong></span> <span class='ocrx_word' id='word_1_482' title='bbox 1211 1512 1287 1540; x_wconf 87' lang='lat' dir='ltr'><strong>quas</strong></span> <span class='ocrx_word' id='word_1_483' title='bbox 1312 1502 1422 1531; x_wconf 89' lang='lat' dir='ltr'><strong>inclusi</strong></span> <span class='ocrx_word' id='word_1_484' title='bbox 1448 1502 1496 1531; x_wconf 83' lang='lat' dir='ltr'><strong>his</strong></span> <span class='ocrx_word' id='word_1_485' title='bbox 1521 1502 1654 1533; x_wconf 82' lang='lat' dir='ltr'><strong>libellis.</strong></span> <span class='ocrx_word' id='word_1_486' title='bbox 1684 1504 1711 1531; x_wconf 90' lang='lat' dir='ltr'><strong>in</strong></span> <span class='ocrx_word' id='word_1_487' title='bbox 1737 1504 1848 1541; x_wconf 90' lang='lat' dir='ltr'><strong>quibus</strong></span> <span class='ocrx_word' id='word_1_488' title='bbox 1872 1503 1944 1532; x_wconf 91' lang='lat' dir='ltr'><strong>mihi</strong></span> <span class='ocrx_word' id='word_1_489' title='bbox 1968 1514 2025 1532; x_wconf 89' lang='lat' dir='ltr'><strong>non</strong></span> <span class='ocrx_word' id='word_1_490' title='bbox 2050 1504 2120 1532; x_wconf 84' lang='lat' dir='ltr'><strong>volo</strong></span> 
     </span>
     <span class='ocr_line' id='line_1_32' title="bbox 108 1544 2117 1584; baseline 0.001 -12"><span class='ocrx_word' id='word_1_491' title='bbox 108 1545 236 1582; x_wconf 80' lang='lat' dir='ltr'><strong>ignosci,</strong></span> <span class='ocrx_word' id='word_1_492' title='bbox 261 1544 287 1572; x_wconf 92' lang='lat' dir='ltr'><strong>si</strong></span> <span class='ocrx_word' id='word_1_493' title='bbox 308 1544 379 1581; x_wconf 87' lang='lat' dir='ltr'><strong>quid</strong></span> <span class='ocrx_word' id='word_1_494' title='bbox 399 1545 479 1572; x_wconf 85' lang='lat' dir='ltr'><strong>inest</strong></span> <span class='ocrx_word' id='word_1_495' title='bbox 497 1546 615 1573; x_wconf 90' lang='lat' dir='ltr'><strong>erroris.</strong></span> <span class='ocrx_word' id='word_1_496' title='bbox 658 1544 744 1573; x_wconf 81' lang='lat' dir='ltr'><strong>Usus</strong></span> <span class='ocrx_word' id='word_1_497' title='bbox 764 1548 861 1573; x_wconf 84' lang='lat' dir='ltr'><strong>autem</strong></span> <span class='ocrx_word' id='word_1_498' title='bbox 880 1555 947 1573; x_wconf 88' lang='lat' dir='ltr'><strong>sum</strong></span> <span class='ocrx_word' id='word_1_499' title='bbox 972 1545 1131 1573; x_wconf 85' lang='lat' dir='ltr'><strong>dialectico</strong></span> <span class='ocrx_word' id='word_1_500' title='bbox 1150 1545 1280 1583; x_wconf 89' lang='lat' dir='ltr'><strong>quodam</strong></span> <span class='ocrx_word' id='word_1_501' title='bbox 1302 1545 1351 1573; x_wconf 89' lang='lat' dir='ltr'><strong>filo</strong></span> <span class='ocrx_word' id='word_1_502' title='bbox 1376 1546 1405 1574; x_wconf 92' lang='lat' dir='ltr'><strong>in</strong></span> <span class='ocrx_word' id='word_1_503' title='bbox 1425 1545 1615 1584; x_wconf 84' lang='lat' dir='ltr'><strong>explicandis</strong></span> <span class='ocrx_word' id='word_1_504' title='bbox 1633 1546 1836 1583; x_wconf 80' lang='lat' dir='ltr'><strong>dogmatibus,</strong></span> <span class='ocrx_word' id='word_1_505' title='bbox 1862 1556 1918 1574; x_wconf 90' lang='lat' dir='ltr'><strong>non</strong></span> <span class='ocrx_word' id='word_1_506' title='bbox 1938 1556 1973 1574; x_wconf 87' lang='lat' dir='ltr'><strong>eo</strong></span> <span class='ocrx_word' id='word_1_507' title='bbox 1994 1550 2117 1580; x_wconf 89' lang='lat' dir='ltr'><strong>tantum,</strong></span> 
     </span>
     <span class='ocr_line' id='line_1_33' title="bbox 107 1586 2118 1627; baseline 0.001 -12"><span class='ocrx_word' id='word_1_508' title='bbox 107 1587 189 1624; x_wconf 88' lang='lat' dir='ltr'><strong>quod</strong></span> <span class='ocrx_word' id='word_1_509' title='bbox 218 1586 292 1615; x_wconf 84' lang='lat' dir='ltr'><strong>haec</strong></span> <span class='ocrx_word' id='word_1_510' title='bbox 317 1586 410 1614; x_wconf 76' lang='lat' dir='ltr'><strong>soi-ma</strong></span> <span class='ocrx_word' id='word_1_511' title='bbox 440 1587 605 1624; x_wconf 79' lang='lat' dir='ltr'><strong>expeditior</strong></span> <span class='ocrx_word' id='word_1_512' title='bbox 629 1590 677 1615; x_wconf 90' lang='lat' dir='ltr'><strong>est</strong></span> <span class='ocrx_word' id='word_1_513' title='bbox 700 1591 730 1615; x_wconf 89' lang='lat' dir='ltr'><strong>et</strong></span> <span class='ocrx_word' id='word_1_514' title='bbox 754 1586 872 1615; x_wconf 86' lang='lat' dir='ltr'><strong>facilius</strong></span> <span class='ocrx_word' id='word_1_515' title='bbox 897 1597 945 1615; x_wconf 88' lang='lat' dir='ltr'><strong>res</strong></span> <span class='ocrx_word' id='word_1_516' title='bbox 971 1587 1207 1626; x_wconf 81' lang='lat' dir='ltr'><strong>comprehensae</strong></span> <span class='ocrx_word' id='word_1_517' title='bbox 1231 1588 1342 1616; x_wconf 89' lang='lat' dir='ltr'><strong>talibus</strong></span> <span class='ocrx_word' id='word_1_518' title='bbox 1366 1589 1456 1616; x_wconf 90' lang='lat' dir='ltr'><strong>metis</strong></span> <span class='ocrx_word' id='word_1_519' title='bbox 1481 1588 1694 1627; x_wconf 81' lang='lat' dir='ltr'><strong>intelliguntur,</strong></span> <span class='ocrx_word' id='word_1_520' title='bbox 1720 1589 1775 1617; x_wconf 87' lang='lat' dir='ltr'><strong>sed</strong></span> <span class='ocrx_word' id='word_1_521' title='bbox 1801 1590 1905 1623; x_wconf 76' lang='lat' dir='ltr'><strong>etiam,</strong></span> <span class='ocrx_word' id='word_1_522' title='bbox 1931 1589 2015 1627; x_wconf 84' lang='lat' dir='ltr'><strong>quia,</strong></span> <span class='ocrx_word' id='word_1_523' title='bbox 2041 1599 2118 1627; x_wconf 86' lang='lat' dir='ltr'><strong>quae</strong></span> 
     </span>
     <span class='ocr_line' id='line_1_34' title="bbox 106 1629 2118 1669; baseline 0.001 -12"><span class='ocrx_word' id='word_1_524' title='bbox 106 1630 224 1667; x_wconf 85' lang='lat' dir='ltr'><strong>proprie</strong></span> <span class='ocrx_word' id='word_1_525' title='bbox 253 1632 283 1657; x_wconf 88' lang='lat' dir='ltr'><strong>et</strong></span> <span class='ocrx_word' id='word_1_526' title='bbox 311 1630 471 1667; x_wconf 86' lang='lat' dir='ltr'><strong>perspicue</strong></span> <span class='ocrx_word' id='word_1_527' title='bbox 501 1629 652 1658; x_wconf 83' lang='lat' dir='ltr'><strong>dicuntur.</strong></span> <span class='ocrx_word' id='word_1_528' title='bbox 683 1629 925 1658; x_wconf 79' lang='lat' dir='ltr'><strong>moderatissime</strong></span> <span class='ocrx_word' id='word_1_529' title='bbox 957 1630 1103 1658; x_wconf 90' lang='lat' dir='ltr'><strong>dicuntur.</strong></span> <span class='ocrx_word' id='word_1_530' title='bbox 1161 1629 1325 1668; x_wconf 84' lang='lat' dir='ltr'><strong>Sperabam</strong></span> <span class='ocrx_word' id='word_1_531' title='bbox 1350 1635 1448 1659; x_wconf 89' lang='lat' dir='ltr'><strong>autem</strong></span> <span class='ocrx_word' id='word_1_532' title='bbox 1474 1631 1553 1664; x_wconf 74' lang='lat' dir='ltr'><strong>fore,</strong></span> <span class='ocrx_word' id='word_1_533' title='bbox 1585 1635 1617 1660; x_wconf 88' lang='lat' dir='ltr'><strong>ut</strong></span> <span class='ocrx_word' id='word_1_534' title='bbox 1640 1630 1800 1669; x_wconf 87' lang='lat' dir='ltr'><strong>aliquando</strong></span> <span class='ocrx_word' id='word_1_535' title='bbox 1825 1642 1919 1660; x_wconf 89' lang='lat' dir='ltr'><strong>rerum</strong></span> <span class='ocrx_word' id='word_1_536' title='bbox 1943 1632 2118 1669; x_wconf 86' lang='lat' dir='ltr'><strong>optimarum</strong></span> 
     </span>
     <span class='ocr_line' id='line_1_35' title="bbox 105 1671 2118 1712; baseline 0.001 -13"><span class='ocrx_word' id='word_1_537' title='bbox 105 1672 308 1710; x_wconf 88' lang='lat' dir='ltr'><strong>perspicuitas</strong></span> <span class='ocrx_word' id='word_1_538' title='bbox 340 1675 369 1699; x_wconf 87' lang='lat' dir='ltr'><strong>et</strong></span> <span class='ocrx_word' id='word_1_539' title='bbox 400 1671 550 1700; x_wconf 82' lang='lat' dir='ltr'><strong>evidentia</strong></span> <span class='ocrx_word' id='word_1_540' title='bbox 579 1674 628 1701; x_wconf 82' lang='grc' dir='ltr'><strong>καὶ</strong></span> <span class='ocrx_word' id='word_1_541' title='bbox 651 1674 777 1712; x_wconf 69' lang='grc' dir='ltr'><strong>ἐνέργεια</strong></span> <span class='ocrx_word' id='word_1_542' title='bbox 807 1676 836 1700; x_wconf 87' lang='lat' dir='ltr'><strong>et</strong></span> <span class='ocrx_word' id='word_1_543' title='bbox 860 1672 1023 1700; x_wconf 89' lang='lat' dir='ltr'><strong>moderatio</strong></span> <span class='ocrx_word' id='word_1_544' title='bbox 1048 1673 1159 1701; x_wconf 84' lang='lat' dir='ltr'><strong>aditum</strong></span> <span class='ocrx_word' id='word_1_545' title='bbox 1183 1673 1219 1701; x_wconf 89' lang='lat' dir='ltr'><strong>ad</strong></span> <span class='ocrx_word' id='word_1_546' title='bbox 1244 1683 1430 1702; x_wconf 82' lang='lat' dir='ltr'><strong>communem</strong></span> <span class='ocrx_word' id='word_1_547' title='bbox 1456 1674 1643 1702; x_wconf 85' lang='lat' dir='ltr'><strong>concordiam</strong></span> <span class='ocrx_word' id='word_1_548' title='bbox 1668 1674 1883 1712; x_wconf 84' lang='lat' dir='ltr'><strong>patefacerent.</strong></span> <span class='ocrx_word' id='word_1_549' title='bbox 1928 1673 2118 1703; x_wconf 86' lang='lat' dir='ltr'><strong>Durabiliora</strong></span> 
     </span>
     <span class='ocr_line' id='line_1_36' title="bbox 107 1714 2118 1755; baseline 0.001 -13"><span class='ocrx_word' id='word_1_550' title='bbox 107 1717 177 1742; x_wconf 86' lang='lat' dir='ltr'><strong>sunt</strong></span> <span class='ocrx_word' id='word_1_551' title='bbox 201 1718 231 1742; x_wconf 86' lang='lat' dir='ltr'><strong>et</strong></span> <span class='ocrx_word' id='word_1_552' title='bbox 255 1714 343 1742; x_wconf 85' lang='lat' dir='ltr'><strong>etiam</strong></span> <span class='ocrx_word' id='word_1_553' title='bbox 368 1714 508 1743; x_wconf 88' lang='lat' dir='ltr'><strong>certiora.</strong></span> <span class='ocrx_word' id='word_1_554' title='bbox 540 1724 617 1752; x_wconf 79' lang='lat' dir='ltr'><strong>quae</strong></span> <span class='ocrx_word' id='word_1_555' title='bbox 640 1715 757 1752; x_wconf 88' lang='lat' dir='ltr'><strong>proprie</strong></span> <span class='ocrx_word' id='word_1_556' title='bbox 783 1714 928 1747; x_wconf 76' lang='lat' dir='ltr'><strong>dicuntur,</strong></span> <span class='ocrx_word' id='word_1_557' title='bbox 953 1715 979 1742; x_wconf 89' lang='lat' dir='ltr'><strong>si</strong></span> <span class='ocrx_word' id='word_1_558' title='bbox 1004 1715 1093 1743; x_wconf 83' lang='lat' dir='ltr'><strong>modo</strong></span> <span class='ocrx_word' id='word_1_559' title='bbox 1118 1725 1187 1743; x_wconf 75' lang='lat' dir='ltr'><strong>vera</strong></span> <span class='ocrx_word' id='word_1_560' title='bbox 1211 1719 1292 1748; x_wconf 70' lang='lat' dir='ltr'><strong>sunt,</strong></span> <span class='ocrx_word' id='word_1_561' title='bbox 1319 1726 1407 1753; x_wconf 86' lang='lat' dir='ltr'><strong>quam</strong></span> <span class='ocrx_word' id='word_1_562' title='bbox 1431 1717 1570 1754; x_wconf 78' lang='lat' dir='ltr'><strong>ambigua</strong></span> <span class='ocrx_word' id='word_1_563' title='bbox 1595 1720 1624 1745; x_wconf 89' lang='lat' dir='ltr'><strong>et</strong></span> <span class='ocrx_word' id='word_1_564' title='bbox 1649 1717 1791 1745; x_wconf 88' lang='lat' dir='ltr'><strong>intricata.</strong></span> <span class='ocrx_word' id='word_1_565' title='bbox 1849 1715 2005 1745; x_wconf 84' lang='lat' dir='ltr'><strong>Prodesse</strong></span> <span class='ocrx_word' id='word_1_566' title='bbox 2030 1717 2118 1755; x_wconf 79' lang='lat' dir='ltr'><strong>igitur</strong></span> 
     </span>
    </p>
   </div>
   <div class='ocr_carea' id='block_1_9' title="bbox 105 1755 909 1794">
    <p class='ocr_par' dir='ltr' id='par_1_9' title="bbox 105 1755 909 1794">
     <span class='ocr_line' id='line_1_37' title="bbox 105 1755 909 1794; baseline 0.001 -10"><span class='ocrx_word' id='word_1_567' title='bbox 105 1760 226 1786; x_wconf 83' lang='lat' dir='ltr'><strong>nostros</strong></span> <span class='ocrx_word' id='word_1_568' title='bbox 252 1755 375 1785; x_wconf 88' lang='lat' dir='ltr'><strong>libellos</strong></span> <span class='ocrx_word' id='word_1_569' title='bbox 399 1757 516 1794; x_wconf 87' lang='lat' dir='ltr'><strong>proprie</strong></span> <span class='ocrx_word' id='word_1_570' title='bbox 540 1757 670 1794; x_wconf 86' lang='lat' dir='ltr'><strong>scriptos</strong></span> <span class='ocrx_word' id='word_1_571' title='bbox 695 1757 754 1794; x_wconf 91' lang='lat' dir='ltr'><strong>piis</strong></span> <span class='ocrx_word' id='word_1_572' title='bbox 779 1757 909 1785; x_wconf 57' lang='lat' dir='ltr'><strong>iudico.»</strong></span> 
     </span>
    </p>
   </div>
   <div class='ocr_carea' id='block_1_10' title="bbox 102 1832 2116 2173">
    <p class='ocr_par' dir='ltr' id='par_1_10' title="bbox 102 1832 2116 2173">
     <span class='ocr_line' id='line_1_38' title="bbox 254 1832 2116 1876; baseline 0.004 -15"><span class='ocrx_word' id='word_1_573' title='bbox 254 1832 320 1861; x_wconf 86' lang='lat' dir='ltr'><strong>Hae</strong></span> <span class='ocrx_word' id='word_1_574' title='bbox 343 1843 413 1861; x_wconf 81' lang='lat' dir='ltr'><strong>vero</strong></span> <span class='ocrx_word' id='word_1_575' title='bbox 438 1833 630 1865; x_wconf 75' lang='lat' dir='ltr'><strong>mutationes,</strong></span> <span class='ocrx_word' id='word_1_576' title='bbox 657 1833 791 1871; x_wconf 86' lang='lat' dir='ltr'><strong>inprimis</strong></span> <span class='ocrx_word' id='word_1_577' title='bbox 815 1833 852 1861; x_wconf 90' lang='lat' dir='ltr'><strong>de</strong></span> <span class='ocrx_word' id='word_1_578' title='bbox 877 1834 965 1862; x_wconf 90' lang='lat' dir='ltr'><strong>bouis</strong></span> <span class='ocrx_word' id='word_1_579' title='bbox 990 1834 1132 1871; x_wconf 88' lang='lat' dir='ltr'><strong>operibus</strong></span> <span class='ocrx_word' id='word_1_580' title='bbox 1157 1835 1326 1863; x_wconf 87' lang='lat' dir='ltr'><strong>sententiae</strong></span> <span class='ocrx_word' id='word_1_581' title='bbox 1350 1835 1471 1863; x_wconf 59' lang='grc' dir='ltr'><strong>1111011119Γ</strong></span> <span class='ocrx_word' id='word_1_582' title='bbox 1494 1836 1530 1864; x_wconf 87' lang='lat' dir='ltr'><strong>ab</strong></span> <span class='ocrx_word' id='word_1_583' title='bbox 1563 1837 1701 1865; x_wconf 90' lang='lat' dir='ltr'><strong>omnibus</strong></span> <span class='ocrx_word' id='word_1_584' title='bbox 1734 1841 1804 1866; x_wconf 87' lang='lat' dir='ltr'><strong>sunt</strong></span> <span class='ocrx_word' id='word_1_585' title='bbox 1828 1839 2055 1876; x_wconf 72' lang='lat' dir='ltr'><strong>comprobatae,</strong></span> <span class='ocrx_word' id='word_1_586' title='bbox 2086 1841 2116 1869; x_wconf 91' lang='lat' dir='ltr'><strong>id</strong></span> 
     </span>
     <span class='ocr_line' id='line_1_39' title="bbox 105 1873 2114 1917; baseline 0.003 -14"><span class='ocrx_word' id='word_1_587' title='bbox 105 1875 186 1913; x_wconf 91' lang='lat' dir='ltr'><strong>quod</strong></span> <span class='ocrx_word' id='word_1_588' title='bbox 209 1885 246 1903; x_wconf 84' lang='lat' dir='ltr'><strong>ex</strong></span> <span class='ocrx_word' id='word_1_589' title='bbox 270 1876 336 1903; x_wconf 88' lang='lat' dir='ltr'><strong>eius</strong></span> <span class='ocrx_word' id='word_1_590' title='bbox 361 1875 493 1913; x_wconf 87' lang='lat' dir='ltr'><strong>epistola</strong></span> <span class='ocrx_word' id='word_1_591' title='bbox 516 1875 552 1903; x_wconf 88' lang='lat' dir='ltr'><strong>ad</strong></span> <span class='ocrx_word' id='word_1_592' title='bbox 578 1873 779 1903; x_wconf 80' lang='lat' dir='ltr'><strong>Camerarium</strong></span> <span class='ocrx_word' id='word_1_593' title='bbox 803 1876 831 1904; x_wconf 90' lang='lat' dir='ltr'><strong>d.</strong></span> <span class='ocrx_word' id='word_1_594' title='bbox 859 1878 908 1905; x_wconf 76' lang='lat'><strong>30.</strong></span> <span class='ocrx_word' id='word_1_595' title='bbox 933 1874 995 1904; x_wconf 90' lang='lat' dir='ltr'><strong>lun.</strong></span> <span class='ocrx_word' id='word_1_596' title='bbox 1020 1878 1109 1905; x_wconf 70' lang='lat'><strong>15:313.</strong></span> <span class='ocrx_word' id='word_1_597' title='bbox 1135 1874 1239 1915; x_wconf 73' lang='lat' dir='ltr'><strong>(Corp.</strong></span> <span class='ocrx_word' id='word_1_598' title='bbox 1265 1875 1312 1906; x_wconf 90' lang='lat' dir='ltr'><strong>Ill.</strong></span> <span class='ocrx_word' id='word_1_599' title='bbox 1337 1887 1366 1915; x_wconf 84' lang='lat' dir='ltr'><strong>p.</strong></span> <span class='ocrx_word' id='word_1_600' title='bbox 1396 1880 1452 1906; x_wconf 63' lang='lat'><strong>193</strong></span> <span class='ocrx_word' id='word_1_601' title='bbox 1479 1881 1541 1916; x_wconf 82' lang='lat' dir='ltr'><strong>sq.)</strong></span> <span class='ocrx_word' id='word_1_602' title='bbox 1567 1878 1755 1917; x_wconf 81' lang='lat' dir='ltr'><strong>intelligitur:</strong></span> <span class='ocrx_word' id='word_1_603' title='bbox 1794 1880 1895 1909; x_wconf 74' lang='lat' dir='ltr'><strong>--Nihil</strong></span> <span class='ocrx_word' id='word_1_604' title='bbox 1919 1881 1990 1909; x_wconf 90' lang='lat' dir='ltr'><strong>mihi</strong></span> <span class='ocrx_word' id='word_1_605' title='bbox 2014 1883 2114 1910; x_wconf 87' lang='lat' dir='ltr'><strong>obiici-</strong></span> 
     </span>
     <span class='ocr_line' id='line_1_40' title="bbox 103 1917 2113 1960; baseline 0.004 -15"><span class='ocrx_word' id='word_1_606' title='bbox 103 1920 159 1950; x_wconf 71' lang='lat' dir='ltr'><strong>tur.</strong></span> <span class='ocrx_word' id='word_1_607' title='bbox 195 1918 252 1946; x_wconf 89' lang='lat' dir='ltr'><strong>nisi</strong></span> <span class='ocrx_word' id='word_1_608' title='bbox 278 1918 358 1955; x_wconf 90' lang='lat' dir='ltr'><strong>quod</strong></span> <span class='ocrx_word' id='word_1_609' title='bbox 382 1918 465 1945; x_wconf 90' lang='lat' dir='ltr'><strong>dicor</strong></span> <span class='ocrx_word' id='word_1_610' title='bbox 488 1917 662 1955; x_wconf 85' lang='lat' dir='ltr'><strong>plusculum</strong></span> <span class='ocrx_word' id='word_1_611' title='bbox 686 1917 808 1946; x_wconf 86' lang='lat' dir='ltr'><strong>laudare</strong></span> <span class='ocrx_word' id='word_1_612' title='bbox 832 1919 908 1946; x_wconf 89' lang='lat' dir='ltr'><strong>bona</strong></span> <span class='ocrx_word' id='word_1_613' title='bbox 935 1929 1034 1956; x_wconf 83' lang='lat' dir='ltr'><strong>opera.</strong></span> <span class='ocrx_word' id='word_1_614' title='bbox 1082 1918 1147 1947; x_wconf 89' lang='lat' dir='ltr'><strong>Hoc</strong></span> <span class='ocrx_word' id='word_1_615' title='bbox 1172 1929 1208 1947; x_wconf 87' lang='lat' dir='ltr'><strong>co</strong></span> <span class='ocrx_word' id='word_1_616' title='bbox 1234 1920 1278 1948; x_wconf 88' lang='lat' dir='ltr'><strong>fit.</strong></span> <span class='ocrx_word' id='word_1_617' title='bbox 1312 1920 1381 1948; x_wconf 90' lang='grc'>(111111</span> <span class='ocrx_word' id='word_1_618' title='bbox 1406 1920 1461 1948; x_wconf 85' lang='lat' dir='ltr'><strong>has</strong></span> <span class='ocrx_word' id='word_1_619' title='bbox 1486 1922 1708 1950; x_wconf 74' lang='lat' dir='ltr'><strong>controversias</strong></span> <span class='ocrx_word' id='word_1_620' title='bbox 1733 1923 1850 1960; x_wconf 86' lang='lat' dir='ltr'><strong>proprie</strong></span> <span class='ocrx_word' id='word_1_621' title='bbox 1875 1927 1904 1951; x_wconf 86' lang='lat' dir='ltr'><strong>et</strong></span> <span class='ocrx_word' id='word_1_622' title='bbox 1928 1923 2041 1953; x_wconf 85' lang='lat' dir='ltr'><strong>diserte</strong></span> <span class='ocrx_word' id='word_1_623' title='bbox 2066 1935 2113 1953; x_wconf 81' lang='lat' dir='ltr'><strong>ex-</strong></span> 
     </span>
     <span class='ocr_line' id='line_1_41' title="bbox 103 1959 2111 2000; baseline 0.004 -13"><span class='ocrx_word' id='word_1_624' title='bbox 103 1959 199 1998; x_wconf 82' lang='lat' dir='ltr'><strong>plico,</strong></span> <span class='ocrx_word' id='word_1_625' title='bbox 235 1964 264 1989; x_wconf 91' lang='lat' dir='ltr'><strong>et</strong></span> <span class='ocrx_word' id='word_1_626' title='bbox 298 1960 335 1988; x_wconf 85' lang='lat' dir='ltr'><strong>ad</strong></span> <span class='ocrx_word' id='word_1_627' title='bbox 366 1960 539 1989; x_wconf 87' lang='lat' dir='ltr'><strong>methodum</strong></span> <span class='ocrx_word' id='word_1_628' title='bbox 565 1970 682 1994; x_wconf 75' lang='lat' dir='ltr'><strong>revoco,</strong></span> <span class='ocrx_word' id='word_1_629' title='bbox 720 1961 865 1998; x_wconf 85' lang='lat' dir='ltr'><strong>quaedam</strong></span> <span class='ocrx_word' id='word_1_630' title='bbox 902 1962 1001 1989; x_wconf 90' lang='lat' dir='ltr'><strong>minus</strong></span> <span class='ocrx_word' id='word_1_631' title='bbox 1037 1961 1154 1989; x_wconf 89' lang='lat' dir='ltr'><strong>horride</strong></span> <span class='ocrx_word' id='word_1_632' title='bbox 1179 1962 1255 1991; x_wconf 89' lang='lat' dir='ltr'><strong>dico.</strong></span> <span class='ocrx_word' id='word_1_633' title='bbox 1292 1972 1380 2000; x_wconf 83' lang='lat' dir='ltr'><strong>quam</strong></span> <span class='ocrx_word' id='word_1_634' title='bbox 1405 1963 1474 2000; x_wconf 86' lang='lat' dir='ltr'><strong>ipsi.</strong></span> <span class='ocrx_word' id='word_1_635' title='bbox 1501 1973 1577 2000; x_wconf 86' lang='lat' dir='ltr'><strong>quae</strong></span> <span class='ocrx_word' id='word_1_636' title='bbox 1603 1968 1681 1993; x_wconf 83' lang='lat' dir='ltr'><strong>certe</strong></span> <span class='ocrx_word' id='word_1_637' title='bbox 1706 1968 1734 1993; x_wconf 88' lang='lat' dir='ltr'><strong>et</strong></span> <span class='ocrx_word' id='word_1_638' title='bbox 1758 1975 1826 1993; x_wconf 71' lang='lat' dir='ltr'><strong>vera</strong></span> <span class='ocrx_word' id='word_1_639' title='bbox 1851 1969 1879 1993; x_wconf 89' lang='lat' dir='ltr'><strong>et</strong></span> <span class='ocrx_word' id='word_1_640' title='bbox 1903 1965 1987 1994; x_wconf 84' lang='lat' dir='ltr'><strong>utilia</strong></span> <span class='ocrx_word' id='word_1_641' title='bbox 2010 1971 2111 1995; x_wconf 78' lang='lat' dir='ltr'><strong>sunt.--</strong></span> 
     </span>
     <span class='ocr_line' id='line_1_42' title="bbox 105 2002 2111 2046; baseline 0.003 -16"><span class='ocrx_word' id='word_1_642' title='bbox 105 2003 183 2038; x_wconf 78' lang='lat' dir='ltr'><strong>Quin</strong></span> <span class='ocrx_word' id='word_1_643' title='bbox 218 2013 235 2031; x_wconf 87' lang='lat' dir='ltr'><strong>a</strong></span> <span class='ocrx_word' id='word_1_644' title='bbox 269 2002 465 2040; x_wconf 69' lang='lat' dir='ltr'><strong>quibusdam,</strong></span> <span class='ocrx_word' id='word_1_645' title='bbox 501 2002 570 2031; x_wconf 90' lang='lat' dir='ltr'><strong>dum</strong></span> <span class='ocrx_word' id='word_1_646' title='bbox 594 2003 770 2031; x_wconf 79' lang='lat' dir='ltr'><strong>Melanthon</strong></span> <span class='ocrx_word' id='word_1_647' title='bbox 795 2013 820 2031; x_wconf 84' lang='lat' dir='ltr'><strong>a.</strong></span> <span class='ocrx_word' id='word_1_648' title='bbox 850 2005 940 2032; x_wconf 66' lang='lat'><strong>15:3⁴3.</strong></span> <span class='ocrx_word' id='word_1_649' title='bbox 975 2004 1001 2031; x_wconf 90' lang='lat' dir='ltr'><strong>in</strong></span> <span class='ocrx_word' id='word_1_650' title='bbox 1031 2004 1153 2041; x_wconf 85' lang='lat' dir='ltr'><strong>patriam</strong></span> <span class='ocrx_word' id='word_1_651' title='bbox 1179 2008 1208 2033; x_wconf 88' lang='lat' dir='ltr'><strong>et</strong></span> <span class='ocrx_word' id='word_1_652' title='bbox 1232 2004 1398 2042; x_wconf 65' lang='lat' dir='ltr'><strong>Tubingam</strong></span> <span class='ocrx_word' id='word_1_653' title='bbox 1423 2006 1578 2043; x_wconf 83' lang='lat' dir='ltr'><strong>profectus</strong></span> <span class='ocrx_word' id='word_1_654' title='bbox 1603 2010 1674 2036; x_wconf 88' lang='lat' dir='ltr'><strong>erat.</strong></span> <span class='ocrx_word' id='word_1_655' title='bbox 1699 2006 1817 2035; x_wconf 86' lang='lat' dir='ltr'><strong>litterae</strong></span> <span class='ocrx_word' id='word_1_656' title='bbox 1840 2008 2007 2046; x_wconf 83' lang='lat' dir='ltr'><strong>dissipatae</strong></span> <span class='ocrx_word' id='word_1_657' title='bbox 2032 2014 2111 2043; x_wconf 71' lang='lat' dir='ltr'><strong>sunt,</strong></span> 
     </span>
     <span class='ocr_line' id='line_1_43' title="bbox 104 2045 2111 2089; baseline 0.004 -17"><span class='ocrx_word' id='word_1_658' title='bbox 104 2054 172 2073; x_wconf 89' lang='lat' dir='ltr'><strong>eum</strong></span> <span class='ocrx_word' id='word_1_659' title='bbox 196 2046 236 2073; x_wconf 90' lang='lat' dir='ltr'><strong>ita</strong></span> <span class='ocrx_word' id='word_1_660' title='bbox 259 2045 450 2073; x_wconf 76' lang='lat' dir='ltr'><strong>discessisse</strong></span> <span class='ocrx_word' id='word_1_661' title='bbox 474 2045 683 2083; x_wconf 78' lang='lat' dir='ltr'><strong>Vittenberga.</strong></span> <span class='ocrx_word' id='word_1_662' title='bbox 708 2049 740 2074; x_wconf 89' lang='lat' dir='ltr'><strong>ut</strong></span> <span class='ocrx_word' id='word_1_663' title='bbox 764 2046 965 2074; x_wconf 85' lang='lat' dir='ltr'><strong>dissidentem</strong></span> <span class='ocrx_word' id='word_1_664' title='bbox 990 2056 1007 2074; x_wconf 87' lang='lat' dir='ltr'><strong>a</strong></span> <span class='ocrx_word' id='word_1_665' title='bbox 1030 2046 1165 2075; x_wconf 87' lang='lat' dir='ltr'><strong>Luthero</strong></span> <span class='ocrx_word' id='word_1_666' title='bbox 1189 2050 1219 2075; x_wconf 83' lang='lat' dir='ltr'><strong>et</strong></span> <span class='ocrx_word' id='word_1_667' title='bbox 1243 2047 1384 2085; x_wconf 75' lang='lat' dir='ltr'><strong>reliquis,</strong></span> <span class='ocrx_word' id='word_1_668' title='bbox 1417 2058 1514 2086; x_wconf 80' lang='lat' dir='ltr'><strong>neque</strong></span> <span class='ocrx_word' id='word_1_669' title='bbox 1540 2059 1727 2078; x_wconf 82' lang='lat' dir='ltr'><strong>reversurum</strong></span> <span class='ocrx_word' id='word_1_670' title='bbox 1753 2050 1833 2078; x_wconf 91' lang='lat' dir='ltr'><strong>illuc.</strong></span> <span class='ocrx_word' id='word_1_671' title='bbox 1880 2050 1942 2078; x_wconf 92' lang='lat' dir='ltr'><strong>Alii</strong></span> <span class='ocrx_word' id='word_1_672' title='bbox 1975 2053 2111 2089; x_wconf 82' lang='lat' dir='ltr'><strong>quamvis</strong></span> 
     </span>
     <span class='ocr_line' id='line_1_44' title="bbox 102 2087 2110 2128; baseline 0.003 -13"><span class='ocrx_word' id='word_1_673' title='bbox 102 2087 221 2121; x_wconf 57' lang='lat' dir='ltr'><strong>rediret.</strong></span> <span class='ocrx_word' id='word_1_674' title='bbox 247 2088 485 2116; x_wconf 85' lang='lat' dir='ltr'><strong>coniunctionem</strong></span> <span class='ocrx_word' id='word_1_675' title='bbox 512 2088 620 2115; x_wconf 87' lang='lat' dir='ltr'><strong>firmam</strong></span> <span class='ocrx_word' id='word_1_676' title='bbox 645 2098 701 2115; x_wconf 90' lang='lat' dir='ltr'><strong>non</strong></span> <span class='ocrx_word' id='word_1_677' title='bbox 727 2088 789 2116; x_wconf 88' lang='lat' dir='ltr'><strong>fore</strong></span> <span class='ocrx_word' id='word_1_678' title='bbox 813 2089 1041 2126; x_wconf 71' lang='lat' dir='ltr'><strong>augurabantur.</strong></span> <span class='ocrx_word' id='word_1_679' title='bbox 1067 2089 1147 2126; x_wconf 87' lang='lat' dir='ltr'><strong>quod</strong></span> <span class='ocrx_word' id='word_1_680' title='bbox 1172 2090 1260 2117; x_wconf 82' lang='lat' dir='ltr'><strong>nimis</strong></span> <span class='ocrx_word' id='word_1_681' title='bbox 1284 2090 1498 2128; x_wconf 83' lang='lat' dir='ltr'><strong>philosophica</strong></span> <span class='ocrx_word' id='word_1_682' title='bbox 1522 2095 1608 2121; x_wconf 85' lang='lat' dir='ltr'><strong>esset</strong></span> <span class='ocrx_word' id='word_1_683' title='bbox 1631 2093 1698 2121; x_wconf 91' lang='lat' dir='ltr'><strong>eius</strong></span> <span class='ocrx_word' id='word_1_684' title='bbox 1723 2093 1856 2121; x_wconf 81' lang='lat' dir='ltr'><strong>doctrina</strong></span> <span class='ocrx_word' id='word_1_685' title='bbox 1880 2093 1917 2121; x_wconf 91' lang='lat' dir='ltr'><strong>de</strong></span> <span class='ocrx_word' id='word_1_686' title='bbox 1941 2094 2110 2123; x_wconf 80' lang='lat' dir='ltr'><strong>actionibus</strong></span> 
     </span>
     <span class='ocr_line' id='line_1_45' title="bbox 103 2129 2111 2173; baseline 0.004 -16"><span class='ocrx_word' id='word_1_687' title='bbox 103 2130 221 2159; x_wconf 76' lang='lat' dir='ltr'><strong>virtutis</strong></span> <span class='ocrx_word' id='word_1_688' title='bbox 246 2133 275 2158; x_wconf 92' lang='lat' dir='ltr'><strong>et</strong></span> <span class='ocrx_word' id='word_1_689' title='bbox 299 2129 417 2158; x_wconf 84' lang='lat' dir='ltr'><strong>officiis.</strong></span> <span class='ocrx_word' id='word_1_690' title='bbox 464 2130 548 2158; x_wconf 90' lang='lat' dir='ltr'><strong>Haec</strong></span> <span class='ocrx_word' id='word_1_691' title='bbox 572 2130 789 2159; x_wconf 84' lang='lat' dir='ltr'><strong>ventilabantur</strong></span> <span class='ocrx_word' id='word_1_692' title='bbox 812 2132 849 2159; x_wconf 79' lang='lat' dir='ltr'><strong>ab</strong></span> <span class='ocrx_word' id='word_1_693' title='bbox 874 2132 1019 2169; x_wconf 88' lang='lat' dir='ltr'><strong>imperitis</strong></span> <span class='ocrx_word' id='word_1_694' title='bbox 1043 2132 1185 2160; x_wconf 90' lang='lat' dir='ltr'><strong>bonarum</strong></span> <span class='ocrx_word' id='word_1_695' title='bbox 1209 2133 1331 2167; x_wconf 74' lang='lat' dir='ltr'><strong>artium,</strong></span> <span class='ocrx_word' id='word_1_696' title='bbox 1368 2137 1397 2161; x_wconf 91' lang='lat' dir='ltr'><strong>et</strong></span> <span class='ocrx_word' id='word_1_697' title='bbox 1421 2134 1615 2172; x_wconf 85' lang='lat' dir='ltr'><strong>quibusdam.</strong></span> <span class='ocrx_word' id='word_1_698' title='bbox 1652 2136 1701 2173; x_wconf 90' lang='lat' dir='ltr'><strong>qui</strong></span> <span class='ocrx_word' id='word_1_699' title='bbox 1727 2136 1753 2163; x_wconf 90' lang='lat' dir='ltr'><strong>in</strong></span> <span class='ocrx_word' id='word_1_700' title='bbox 1778 2135 1844 2164; x_wconf 89' lang='lat' dir='ltr'><strong>sola</strong></span> <span class='ocrx_word' id='word_1_701' title='bbox 1869 2135 2060 2165; x_wconf 84' lang='lat' dir='ltr'><strong>vehementia</strong></span> <span class='ocrx_word' id='word_1_702' title='bbox 2082 2141 2111 2166; x_wconf 89' lang='lat' dir='ltr'><strong>ct</strong></span> 
     </span>
    </p>
   </div>
   <div class='ocr_carea' id='block_1_11' title="bbox 208 2290 2108 2597">
    <p class='ocr_par' dir='ltr' id='par_1_11' title="bbox 208 2290 2108 2597">
     <span class='ocr_line' id='line_1_46' title="bbox 208 2290 2107 2331; baseline 0.005 -15"><span class='ocrx_word' id='word_1_703' title='bbox 208 2290 231 2321; x_wconf 64' lang='lat'><strong>⁸)</strong></span> <span class='ocrx_word' id='word_1_704' title='bbox 257 2291 385 2316; x_wconf 83' lang='lat' dir='ltr'><strong>Eiusmodi</strong></span> <span class='ocrx_word' id='word_1_705' title='bbox 413 2290 606 2319; x_wconf 75' lang='lat' dir='ltr'><strong>explicationem</strong></span> <span class='ocrx_word' id='word_1_706' title='bbox 635 2292 738 2316; x_wconf 79' lang='lat' dir='ltr'><strong>consilio</strong></span> <span class='ocrx_word' id='word_1_707' title='bbox 769 2298 783 2316; x_wconf 85' lang='lat' dir='ltr'><strong>a</strong></span> <span class='ocrx_word' id='word_1_708' title='bbox 802 2293 963 2317; x_wconf 72' lang='lat' dir='ltr'><strong>Melanthone</strong></span> <span class='ocrx_word' id='word_1_709' title='bbox 983 2294 1104 2318; x_wconf 78' lang='lat' dir='ltr'><strong>omissam</strong></span> <span class='ocrx_word' id='word_1_710' title='bbox 1124 2300 1193 2318; x_wconf 72' lang='lat' dir='ltr'><strong>esse.</strong></span> <span class='ocrx_word' id='word_1_711' title='bbox 1224 2294 1308 2318; x_wconf 74' lang='lat' dir='ltr'><strong>elucet</strong></span> <span class='ocrx_word' id='word_1_712' title='bbox 1327 2300 1357 2318; x_wconf 85' lang='lat' dir='ltr'><strong>ex</strong></span> <span class='ocrx_word' id='word_1_713' title='bbox 1377 2295 1431 2319; x_wconf 85' lang='lat' dir='ltr'><strong>eius</strong></span> <span class='ocrx_word' id='word_1_714' title='bbox 1451 2296 1525 2325; x_wconf 76' lang='lat' dir='ltr'><strong>Epist.</strong></span> <span class='ocrx_word' id='word_1_715' title='bbox 1545 2296 1577 2319; x_wconf 83' lang='lat' dir='ltr'><strong>ad</strong></span> <span class='ocrx_word' id='word_1_716' title='bbox 1597 2297 1677 2321; x_wconf 68' lang='lat' dir='ltr'><strong>Yitum</strong></span> <span class='ocrx_word' id='word_1_717' title='bbox 1698 2298 1857 2323; x_wconf 84' lang='lat' dir='ltr'><strong>Theodorum</strong></span> <span class='ocrx_word' id='word_1_718' title='bbox 1878 2300 1918 2324; x_wconf 79' lang='grc'>23.</span> <span class='ocrx_word' id='word_1_719' title='bbox 1938 2302 2012 2331; x_wconf 76' lang='lat' dir='ltr'><strong>April.</strong></span> <span class='ocrx_word' id='word_1_720' title='bbox 2035 2304 2107 2328; x_wconf 52' lang='lat'><strong>153⁸.</strong></span> 
     </span>
     <span class='ocr_line' id='line_1_47' title="bbox 257 2324 2108 2363; baseline 0.009 -18"><span class='ocrx_word' id='word_1_721' title='bbox 257 2325 316 2350; x_wconf 75' lang='lat' dir='ltr'><strong>data</strong></span> <span class='ocrx_word' id='word_1_722' title='bbox 338 2326 422 2355; x_wconf 64' lang='lat' dir='ltr'><strong>(corp.</strong></span> <span class='ocrx_word' id='word_1_723' title='bbox 441 2324 495 2349; x_wconf 72' lang='lat' dir='ltr'><strong>Res.</strong></span> <span class='ocrx_word' id='word_1_724' title='bbox 515 2325 550 2349; x_wconf 87' lang='lat' dir='ltr'><strong>llI.</strong></span> <span class='ocrx_word' id='word_1_725' title='bbox 571 2331 593 2355; x_wconf 77' lang='lat' dir='ltr'><strong>p.</strong></span> <span class='ocrx_word' id='word_1_726' title='bbox 613 2326 661 2350; x_wconf 75' lang='lat'><strong>513</strong></span> <span class='ocrx_word' id='word_1_727' title='bbox 681 2326 756 2356; x_wconf 62' lang='lat' dir='ltr'><strong>sqq),</strong></span> <span class='ocrx_word' id='word_1_728' title='bbox 776 2326 818 2350; x_wconf 88' lang='lat' dir='ltr'><strong>ubi</strong></span> <span class='ocrx_word' id='word_1_729' title='bbox 837 2327 928 2351; x_wconf 77' lang='lat' dir='ltr'><strong>haecce</strong></span> <span class='ocrx_word' id='word_1_730' title='bbox 949 2328 1082 2357; x_wconf 68' lang='lat' dir='ltr'><strong>leguntur:</strong></span> <span class='ocrx_word' id='word_1_731' title='bbox 1102 2329 1219 2358; x_wconf 66' lang='lat' dir='ltr'><strong>..Egoque</strong></span> <span class='ocrx_word' id='word_1_732' title='bbox 1240 2334 1271 2352; x_wconf 89' lang='lat' dir='ltr'><strong>ne</strong></span> <span class='ocrx_word' id='word_1_733' title='bbox 1292 2329 1441 2358; x_wconf 70' lang='lat' dir='ltr'><strong>longissime</strong></span> <span class='ocrx_word' id='word_1_734' title='bbox 1461 2330 1609 2354; x_wconf 77' lang='lat' dir='ltr'><strong>recederem</strong></span> <span class='ocrx_word' id='word_1_735' title='bbox 1630 2337 1644 2354; x_wconf 81' lang='lat' dir='ltr'><strong>a</strong></span> <span class='ocrx_word' id='word_1_736' title='bbox 1664 2332 1799 2358; x_wconf 68' lang='lat' dir='ltr'><strong>veteribus.</strong></span> <span class='ocrx_word' id='word_1_737' title='bbox 1819 2334 1891 2363; x_wconf 74' lang='lat' dir='ltr'><strong>posui</strong></span> <span class='ocrx_word' id='word_1_738' title='bbox 1909 2335 1933 2359; x_wconf 93' lang='lat' dir='ltr'><strong>in</strong></span> <span class='ocrx_word' id='word_1_739' title='bbox 1953 2342 2000 2360; x_wconf 72' lang='lat' dir='ltr'><strong>usu</strong></span> <span class='ocrx_word' id='word_1_740' title='bbox 2020 2327 2108 2361; x_wconf 80' lang='lat' dir='ltr'><strong>Sacra-</strong></span> 
     </span>
     <span class='ocr_line' id='line_1_48' title="bbox 256 2359 2107 2395; baseline 0.006 -12"><span class='ocrx_word' id='word_1_741' title='bbox 256 2360 395 2384; x_wconf 78' lang='lat' dir='ltr'><strong>mentalem</strong></span> <span class='ocrx_word' id='word_1_742' title='bbox 416 2359 597 2388; x_wconf 74' lang='lat' dir='ltr'><strong>praesentiam.</strong></span> <span class='ocrx_word' id='word_1_743' title='bbox 617 2364 641 2383; x_wconf 79' lang='lat' dir='ltr'><strong>et</strong></span> <span class='ocrx_word' id='word_1_744' title='bbox 661 2359 719 2384; x_wconf 75' lang='lat' dir='ltr'><strong>(lixi,</strong></span> <span class='ocrx_word' id='word_1_745' title='bbox 739 2359 803 2384; x_wconf 79' lang='lat' dir='ltr'><strong>datis</strong></span> <span class='ocrx_word' id='word_1_746' title='bbox 824 2361 861 2384; x_wconf 67' lang='lat' dir='ltr'><strong>liis</strong></span> <span class='ocrx_word' id='word_1_747' title='bbox 881 2362 966 2387; x_wconf 71' lang='lat' dir='ltr'><strong>relius,</strong></span> <span class='ocrx_word' id='word_1_748' title='bbox 987 2362 1112 2386; x_wconf 67' lang='lat' dir='ltr'><strong>[hristum</strong></span> <span class='ocrx_word' id='word_1_749' title='bbox 1133 2368 1192 2386; x_wconf 60' lang='lat' dir='ltr'><strong>x&#39;cre</strong></span> <span class='ocrx_word' id='word_1_750' title='bbox 1212 2362 1313 2387; x_wconf 68' lang='lat' dir='ltr'><strong>adesse.</strong></span> <span class='ocrx_word' id='word_1_751' title='bbox 1341 2366 1366 2387; x_wconf 79' lang='lat' dir='ltr'><strong>et</strong></span> <span class='ocrx_word' id='word_1_752' title='bbox 1385 2363 1514 2387; x_wconf 81' lang='lat' dir='ltr'><strong>efficacem</strong></span> <span class='ocrx_word' id='word_1_753' title='bbox 1535 2370 1600 2388; x_wconf 67' lang='lat' dir='ltr'><strong>esse.</strong></span> <span class='ocrx_word' id='word_1_754' title='bbox 1637 2365 1662 2389; x_wconf 87' lang='lat' dir='ltr'><strong>ld</strong></span> <span class='ocrx_word' id='word_1_755' title='bbox 1682 2366 1795 2395; x_wconf 75' lang='lat' dir='ltr'><strong>profecto</strong></span> <span class='ocrx_word' id='word_1_756' title='bbox 1814 2368 1875 2391; x_wconf 73' lang='lat' dir='ltr'><strong>satis</strong></span> <span class='ocrx_word' id='word_1_757' title='bbox 1896 2372 1941 2393; x_wconf 76' lang='lat' dir='ltr'><strong>est.</strong></span> <span class='ocrx_word' id='word_1_758' title='bbox 1996 2370 2044 2394; x_wconf 83' lang='lat' dir='ltr'><strong>Nec</strong></span> <span class='ocrx_word' id='word_1_759' title='bbox 2063 2371 2107 2395; x_wconf 84' lang='lat' dir='ltr'><strong>ad-</strong></span> 
     </span>
     <span class='ocr_line' id='line_1_49' title="bbox 256 2393 2107 2429; baseline 0.006 -12"><span class='ocrx_word' id='word_1_760' title='bbox 256 2393 308 2418; x_wconf 85' lang='lat' dir='ltr'><strong>didi</strong></span> <span class='ocrx_word' id='word_1_761' title='bbox 326 2393 492 2418; x_wconf 70' lang='lat' dir='ltr'><strong>inclusionem</strong></span> <span class='ocrx_word' id='word_1_762' title='bbox 513 2397 554 2417; x_wconf 81' lang='lat' dir='ltr'><strong>aut</strong></span> <span class='ocrx_word' id='word_1_763' title='bbox 575 2394 776 2418; x_wconf 74' lang='lat' dir='ltr'><strong>coniunctionem</strong></span> <span class='ocrx_word' id='word_1_764' title='bbox 797 2395 882 2423; x_wconf 67' lang='lat' dir='ltr'><strong>talem,</strong></span> <span class='ocrx_word' id='word_1_765' title='bbox 902 2401 949 2425; x_wconf 76' lang='lat' dir='ltr'><strong>qua</strong></span> <span class='ocrx_word' id='word_1_766' title='bbox 970 2396 1120 2425; x_wconf 68' lang='lat' dir='ltr'><strong>affigeretur</strong></span> <span class='ocrx_word' id='word_1_767' title='bbox 1140 2396 1175 2428; x_wconf 69' lang='grc' dir='ltr'><strong>τῷ</strong></span> <span class='ocrx_word' id='word_1_768' title='bbox 1194 2394 1265 2427; x_wconf 60' lang='lat' dir='ltr'><strong>&amp;puy</strong></span> <span class='ocrx_word' id='word_1_769' title='bbox 1281 2396 1309 2418; x_wconf 67' lang='lat' dir='ltr'><strong>n}</strong></span> <span class='ocrx_word' id='word_1_770' title='bbox 1328 2396 1414 2428; x_wconf 70' lang='grc' dir='ltr'>σῶμα,</span> <span class='ocrx_word' id='word_1_771' title='bbox 1441 2400 1482 2422; x_wconf 81' lang='lat' dir='ltr'><strong>aul</strong></span> <span class='ocrx_word' id='word_1_772' title='bbox 1510 2398 1729 2425; x_wconf 78' lang='lat' dir='ltr'><strong>scrruminarctnr.</strong></span> <span class='ocrx_word' id='word_1_773' title='bbox 1749 2403 1790 2424; x_wconf 86' lang='lat' dir='ltr'><strong>aut</strong></span> <span class='ocrx_word' id='word_1_774' title='bbox 1811 2402 1968 2427; x_wconf 69' lang='lat' dir='ltr'><strong>misceretur.</strong></span> <span class='ocrx_word' id='word_1_775' title='bbox 2018 2405 2107 2429; x_wconf 80' lang='lat' dir='ltr'><strong>Sacra-</strong></span> 
     </span>
     <span class='ocr_line' id='line_1_50' title="bbox 257 2428 2105 2463; baseline 0.006 -12"><span class='ocrx_word' id='word_1_776' title='bbox 257 2430 343 2452; x_wconf 82' lang='lat' dir='ltr'><strong>menta</strong></span> <span class='ocrx_word' id='word_1_777' title='bbox 362 2430 433 2457; x_wconf 82' lang='lat' dir='ltr'><strong>pacta</strong></span> <span class='ocrx_word' id='word_1_778' title='bbox 453 2430 519 2452; x_wconf 60' lang='lat' dir='ltr'><strong>runt.</strong></span> <span class='ocrx_word' id='word_1_779' title='bbox 539 2430 565 2451; x_wconf 87' lang='lat' dir='ltr'><strong>ut</strong></span> <span class='ocrx_word' id='word_1_780' title='bbox 584 2428 661 2451; x_wconf 74' lang='lat' dir='ltr'><strong>rebus</strong></span> <span class='ocrx_word' id='word_1_781' title='bbox 682 2428 770 2452; x_wconf 78' lang='lat' dir='ltr'><strong>sumtis</strong></span> <span class='ocrx_word' id='word_1_782' title='bbox 791 2429 856 2452; x_wconf 71' lang='lat' dir='ltr'><strong>adsit</strong></span> <span class='ocrx_word' id='word_1_783' title='bbox 874 2429 950 2453; x_wconf 85' lang='lat' dir='ltr'><strong>alind.</strong></span> <span class='ocrx_word' id='word_1_784' title='bbox 971 2443 1001 2446; x_wconf 87' lang='lat'><strong>—</strong></span> <span class='ocrx_word' id='word_1_785' title='bbox 1022 2443 1053 2447; x_wconf 81' lang='lat'>—</span> <span class='ocrx_word' id='word_1_786' title='bbox 1092 2430 1154 2459; x_wconf 78' lang='lat' dir='ltr'><strong>Quid</strong></span> <span class='ocrx_word' id='word_1_787' title='bbox 1173 2431 1280 2460; x_wconf 73' lang='lat' dir='ltr'><strong>requiris</strong></span> <span class='ocrx_word' id='word_1_788' title='bbox 1299 2431 1426 2460; x_wconf 71' lang='lat' dir='ltr'><strong>amplius?</strong></span> <span class='ocrx_word' id='word_1_789' title='bbox 1446 2433 1471 2456; x_wconf 79' lang='lat' dir='ltr'><strong>Et</strong></span> <span class='ocrx_word' id='word_1_790' title='bbox 1493 2432 1540 2455; x_wconf 83' lang='grc'>1111(-</span> <span class='ocrx_word' id='word_1_791' title='bbox 1559 2432 1744 2457; x_wconf 64' lang='lat' dir='ltr'><strong>decurrendum</strong></span> <span class='ocrx_word' id='word_1_792' title='bbox 1765 2437 1803 2458; x_wconf 69' lang='lat' dir='ltr'><strong>cst</strong></span> <span class='ocrx_word' id='word_1_793' title='bbox 1820 2436 1930 2462; x_wconf 66' lang='lat' dir='ltr'><strong>landem.</strong></span> <span class='ocrx_word' id='word_1_794' title='bbox 1950 2437 1998 2461; x_wconf 82' lang='lat' dir='ltr'><strong>nisi</strong></span> <span class='ocrx_word' id='word_1_795' title='bbox 2016 2438 2105 2463; x_wconf 79' lang='lat' dir='ltr'><strong>defen-</strong></span> 
     </span>
     <span class='ocr_line' id='line_1_51' title="bbox 258 2461 2101 2502; baseline 0.007 -17"><span class='ocrx_word' id='word_1_796' title='bbox 258 2461 302 2485; x_wconf 84' lang='lat' dir='ltr'><strong>das</strong></span> <span class='ocrx_word' id='word_1_797' title='bbox 331 2462 401 2487; x_wconf 80' lang='lat' dir='ltr'><strong>illud,</strong></span> <span class='ocrx_word' id='word_1_798' title='bbox 430 2461 496 2491; x_wconf 82' lang='lat' dir='ltr'><strong>quod</strong></span> <span class='ocrx_word' id='word_1_799' title='bbox 526 2462 639 2485; x_wconf 86' lang='lat' dir='ltr'><strong>nonnulli</strong></span> <span class='ocrx_word' id='word_1_800' title='bbox 658 2462 706 2485; x_wconf 85' lang='lat' dir='ltr'><strong>iam</strong></span> <span class='ocrx_word' id='word_1_801' title='bbox 730 2462 822 2486; x_wconf 83' lang='lat' dir='ltr'><strong>dicunt.</strong></span> <span class='ocrx_word' id='word_1_802' title='bbox 843 2463 979 2492; x_wconf 79' lang='lat' dir='ltr'><strong>separatim</strong></span> <span class='ocrx_word' id='word_1_803' title='bbox 999 2464 1065 2488; x_wconf 83' lang='lat' dir='ltr'><strong>tradi</strong></span> <span class='ocrx_word' id='word_1_804' title='bbox 1084 2470 1173 2494; x_wconf 81' lang='lat' dir='ltr'><strong>corpus</strong></span> <span class='ocrx_word' id='word_1_805' title='bbox 1194 2468 1217 2489; x_wconf 82' lang='lat' dir='ltr'><strong>ct</strong></span> <span class='ocrx_word' id='word_1_806' title='bbox 1237 2465 1396 2493; x_wconf 72' lang='lat' dir='ltr'><strong>sanguinein.</strong></span> <span class='ocrx_word' id='word_1_807' title='bbox 1433 2465 1457 2490; x_wconf 82' lang='lat' dir='ltr'><strong>Id</strong></span> <span class='ocrx_word' id='word_1_808' title='bbox 1478 2472 1575 2496; x_wconf 71' lang='lat' dir='ltr'><strong>quoque</strong></span> <span class='ocrx_word' id='word_1_809' title='bbox 1596 2473 1689 2491; x_wconf 78' lang='lat' dir='ltr'><strong>novum</strong></span> <span class='ocrx_word' id='word_1_810' title='bbox 1709 2471 1756 2496; x_wconf 69' lang='lat' dir='ltr'><strong>est,</strong></span> <span class='ocrx_word' id='word_1_811' title='bbox 1776 2475 1805 2492; x_wconf 85' lang='lat' dir='ltr'><strong>ac</strong></span> <span class='ocrx_word' id='word_1_812' title='bbox 1823 2475 1854 2493; x_wconf 72' lang='lat' dir='ltr'><strong>ne</strong></span> <span class='ocrx_word' id='word_1_813' title='bbox 1875 2470 1980 2500; x_wconf 70' lang='lat' dir='ltr'><strong>Papistis</strong></span> <span class='ocrx_word' id='word_1_814' title='bbox 2000 2473 2101 2502; x_wconf 77' lang='lat' dir='ltr'><strong>quiden]</strong></span> 
     </span>
     <span class='ocr_line' id='line_1_52' title="bbox 257 2495 2102 2532; baseline 0.007 -14"><span class='ocrx_word' id='word_1_815' title='bbox 257 2495 415 2525; x_wconf 77' lang='lat' dir='ltr'><strong>placiturum.</strong></span> <span class='ocrx_word' id='word_1_816' title='bbox 445 2496 518 2519; x_wconf 81' lang='lat' dir='ltr'><strong>Error</strong></span> <span class='ocrx_word' id='word_1_817' title='bbox 537 2495 678 2519; x_wconf 68' lang='lat' dir='ltr'><strong>foecundus</strong></span> <span class='ocrx_word' id='word_1_818' title='bbox 699 2498 745 2521; x_wconf 70' lang='lat' dir='ltr'><strong>est.</strong></span> <span class='ocrx_word' id='word_1_819' title='bbox 764 2498 791 2520; x_wconf 82' lang='lat' dir='ltr'><strong>nt</strong></span> <span class='ocrx_word' id='word_1_820' title='bbox 810 2496 906 2521; x_wconf 78' lang='lat' dir='ltr'><strong>dicitnr,</strong></span> <span class='ocrx_word' id='word_1_821' title='bbox 927 2498 1018 2522; x_wconf 73' lang='lat' dir='ltr'><strong>mullas</strong></span> <span class='ocrx_word' id='word_1_822' title='bbox 1039 2500 1201 2528; x_wconf 66' lang='lat' dir='ltr'><strong>qum-stione&lt;</strong></span> <span class='ocrx_word' id='word_1_823' title='bbox 1221 2499 1285 2528; x_wconf 80' lang='lat' dir='ltr'><strong>parit</strong></span> <span class='ocrx_word' id='word_1_824' title='bbox 1304 2499 1345 2523; x_wconf 82' lang='lat' dir='ltr'><strong>illa</strong></span> <span class='ocrx_word' id='word_1_825' title='bbox 1365 2500 1466 2528; x_wconf 71' lang='lat' dir='ltr'><strong>phys-ica</strong></span> <span class='ocrx_word' id='word_1_826' title='bbox 1486 2500 1639 2525; x_wconf 80' lang='lat' dir='ltr'><strong>coniunctio:</strong></span> <span class='ocrx_word' id='word_1_827' title='bbox 1659 2503 1695 2526; x_wconf 72' lang='lat' dir='ltr'><strong>An</strong></span> <span class='ocrx_word' id='word_1_828' title='bbox 1714 2504 1859 2532; x_wconf 77' lang='lat' dir='ltr'><strong>separatim,</strong></span> <span class='ocrx_word' id='word_1_829' title='bbox 1879 2510 1910 2528; x_wconf 82' lang='lat' dir='ltr'><strong>an</strong></span> <span class='ocrx_word' id='word_1_830' title='bbox 1930 2506 1978 2529; x_wconf 86' lang='lat' dir='ltr'><strong>sint</strong></span> <span class='ocrx_word' id='word_1_831' title='bbox 1989 2506 2102 2531; x_wconf 74' lang='lat' dir='ltr'><strong>inclusae</strong></span> 
     </span>
     <span class='ocr_line' id='line_1_53' title="bbox 257 2530 2101 2568; baseline 0.007 -16"><span class='ocrx_word' id='word_1_832' title='bbox 257 2533 359 2558; x_wconf 83' lang='lat' dir='ltr'><strong>partes:</strong></span> <span class='ocrx_word' id='word_1_833' title='bbox 379 2530 479 2559; x_wconf 78' lang='lat' dir='ltr'><strong>quando</strong></span> <span class='ocrx_word' id='word_1_834' title='bbox 499 2530 594 2554; x_wconf 84' lang='lat' dir='ltr'><strong>adsint:</strong></span> <span class='ocrx_word' id='word_1_835' title='bbox 614 2536 645 2553; x_wconf 87' lang='lat' dir='ltr'><strong>an</strong></span> <span class='ocrx_word' id='word_1_836' title='bbox 659 2534 728 2554; x_wconf 77' lang='lat' dir='ltr'><strong>cxtra</strong></span> <span class='ocrx_word' id='word_1_837' title='bbox 749 2531 845 2554; x_wconf 73' lang='lat' dir='ltr'><strong>usum?</strong></span> <span class='ocrx_word' id='word_1_838' title='bbox 863 2531 956 2555; x_wconf 82' lang='lat' dir='ltr'><strong>Horum</strong></span> <span class='ocrx_word' id='word_1_839' title='bbox 975 2532 1035 2556; x_wconf 81' lang='lat' dir='ltr'><strong>niliil</strong></span> <span class='ocrx_word' id='word_1_840' title='bbox 1056 2533 1148 2562; x_wconf 71' lang='lat' dir='ltr'><strong>legitur</strong></span> <span class='ocrx_word' id='word_1_841' title='bbox 1166 2533 1232 2563; x_wconf 80' lang='lat' dir='ltr'><strong>apud</strong></span> <span class='ocrx_word' id='word_1_842' title='bbox 1253 2536 1360 2557; x_wconf 78' lang='lat' dir='ltr'><strong>veteres.</strong></span> <span class='ocrx_word' id='word_1_843' title='bbox 1397 2534 1447 2558; x_wconf 76' lang='lat' dir='ltr'><strong>Nec</strong></span> <span class='ocrx_word' id='word_1_844' title='bbox 1465 2539 1521 2563; x_wconf 74' lang='lat' dir='ltr'><strong>ego,</strong></span> <span class='ocrx_word' id='word_1_845' title='bbox 1540 2534 1573 2558; x_wconf 90' lang='lat' dir='ltr'><strong>mi</strong></span> <span class='ocrx_word' id='word_1_846' title='bbox 1592 2535 1655 2561; x_wconf 76' lang='lat' dir='ltr'><strong>vite.</strong></span> <span class='ocrx_word' id='word_1_847' title='bbox 1674 2536 1790 2560; x_wconf 68' lang='lat' dir='ltr'><strong>invehant</strong></span> <span class='ocrx_word' id='word_1_848' title='bbox 1810 2537 1855 2561; x_wconf 72' lang='lat' dir='ltr'><strong>lias</strong></span> <span class='ocrx_word' id='word_1_849' title='bbox 1875 2538 2058 2568; x_wconf 71' lang='lat' dir='ltr'><strong>disputationes</strong></span> <span class='ocrx_word' id='word_1_850' title='bbox 2078 2542 2101 2565; x_wconf 90' lang='lat' dir='ltr'><strong>in</strong></span> 
     </span>
     <span class='ocr_line' id='line_1_54' title="bbox 257 2562 1862 2597; baseline 0.005 -10"><span class='ocrx_word' id='word_1_851' title='bbox 257 2563 402 2592; x_wconf 71' lang='lat' dir='ltr'><strong>Ecclesiam,</strong></span> <span class='ocrx_word' id='word_1_852' title='bbox 422 2569 501 2593; x_wconf 77' lang='lat' dir='ltr'><strong>eoque</strong></span> <span class='ocrx_word' id='word_1_853' title='bbox 521 2566 572 2587; x_wconf 88' lang='lat' dir='ltr'><strong>tam</strong></span> <span class='ocrx_word' id='word_1_854' title='bbox 592 2569 666 2594; x_wconf 81' lang='lat' dir='ltr'><strong>parce</strong></span> <span class='ocrx_word' id='word_1_855' title='bbox 687 2564 735 2588; x_wconf 82' lang='lat' dir='ltr'><strong>dixi</strong></span> <span class='ocrx_word' id='word_1_856' title='bbox 755 2564 779 2588; x_wconf 92' lang='lat' dir='ltr'><strong>in</strong></span> <span class='ocrx_word' id='word_1_857' title='bbox 798 2562 889 2588; x_wconf 73' lang='lat' dir='ltr'><strong>Locis</strong></span> <span class='ocrx_word' id='word_1_858' title='bbox 908 2564 938 2588; x_wconf 83' lang='lat' dir='ltr'><strong>de</strong></span> <span class='ocrx_word' id='word_1_859' title='bbox 957 2566 1004 2589; x_wconf 87' lang='lat' dir='ltr'><strong>hoc</strong></span> <span class='ocrx_word' id='word_1_860' title='bbox 1023 2567 1132 2596; x_wconf 69' lang='lat' dir='ltr'><strong>negotio,</strong></span> <span class='ocrx_word' id='word_1_861' title='bbox 1152 2569 1177 2591; x_wconf 89' lang='lat' dir='ltr'><strong>ut</strong></span> <span class='ocrx_word' id='word_1_862' title='bbox 1197 2574 1211 2590; x_wconf 83' lang='lat' dir='ltr'><strong>a</strong></span> <span class='ocrx_word' id='word_1_863' title='bbox 1231 2567 1420 2597; x_wconf 75' lang='lat' dir='ltr'><strong>quaestionibus</strong></span> <span class='ocrx_word' id='word_1_864' title='bbox 1440 2568 1488 2592; x_wconf 71' lang='lat' dir='ltr'><strong>illis</strong></span> <span class='ocrx_word' id='word_1_865' title='bbox 1508 2569 1663 2593; x_wconf 74' lang='lat' dir='ltr'><strong>iuventutem</strong></span> <span class='ocrx_word' id='word_1_866' title='bbox 1683 2570 1862 2595; x_wconf 61' lang='lat' dir='ltr'><strong>alnlucerems·</strong></span> 
     </span>
    </p>
   </div>
  </div>
 </body>
</html>
