2358 2933
98 131 159 161 541

100 221 207 252 solum
225 221 360 261 privatis
383 218 537 260 periculis
567 219 657 250 affici
682 221 855 256 debemuS,
889 219 949 250 sed
972 219 1074 249 multo

98 264 204 304 magis
227 262 377 303 publicis.
423 262 499 292 Ideo
530 263 692 303 scriptura
720 262 880 302 praecipit
903 261 989 291 orari
1013 271 1074 301 pro

99 305 269 342 Ecclesia,
292 310 327 335 ut
348 303 506 334 liberetur
527 305 569 334 ab
593 305 767 344 impietate,
791 314 810 334 a
833 301 1019 339 scandalis,
1042 308 1075 333 ut

98 346 211 387 plures
235 346 389 377 obediant
403 345 585 387 Evangelio
599 352 631 376 et
642 346 822 376 salventur.
852 345 932 376 Item
946 345 974 374 l.
994 344 1074 375 Tim.

99 390 129 419 2.
144 391 207 425 [vs.
218 388 262 426 2]
276 388 365 418 iubet
387 388 463 427 peti,
477 394 512 418 ut
531 389 666 428 regibus
683 393 715 418 et
728 386 969 427 rebuspublicis
982 387 1075 417 Deus

100 430 260 460 concedat
283 439 409 469 pacem,
434 436 465 460 et
487 428 639 460 foelicem
659 440 700 459 ac
719 430 805 470 piam
824 429 1078 459 administratio-

98 482 175 502 nem
199 472 483 502 conservationem
502 471 696 511 disciplinae
715 478 745 501 et
765 472 926 502 bonorum
938 481 1076 501 morum.

99 514 177 543 ltem
209 514 297 544 iubet
323 515 386 554 peti
418 514 536 544 victum
570 519 602 543 et
635 519 768 543 caetera
802 514 888 543 bona
917 514 1078 553 corporis,

97 561 195 596 atque
217 555 301 585 haec
323 556 431 586 omnia
455 554 680 595 complectitur
702 554 877 585 Dominica
900 556 1016 585 oratio.

185 597 306 627 Pater
328 603 488 634 noster,
519 597 584 637 qui
615 606 657 626 es
680 597 717 626 in
746 596 888 627 coelis.
946 597 980 626 Id
1011 602 1077 627 est:

99 638 161 673 Qui
202 648 281 669 vere
320 639 398 669 ades
437 639 568 679 ubique,
587 640 631 675 29)
676 639 815 669 exaudis
860 644 892 669 et
937 639 1075 679 respicis

98 689 161 710 nos
184 686 245 710 etc.

185 722 207 751 1.
222 723 269 761 3⁰)
293 720 597 752 Sanctificetur
619 732 761 752 nomen
783 728 902 753 tuum.
948 722 983 752 Id
1006 728 1075 753 est:

97 761 220 801 Effice,
250 769 284 794 ut
306 773 384 794 vere
407 764 622 805 agnoscaris,
651 770 687 794 ut
716 766 848 797 vera31)
883 765 1074 801 doceantur,

97 815 157 845 per
180 815 264 846 quae
305 804 389 836 loria
412 812 467 836 tua
490 816 569 836 vere
591 806 735 845 patefiat,
758 812 793 836 ut
817 812 849 836 te
872 812 963 837 recte
984 808 1076 837 invo-

97 853 172 877 cent
195 854 226 877 et.
249 857 288 877 co
304 853 359 878 ant
386 848 546 879 homines.
592 848 640 878 Ita
668 849 773 888 prima
794 849 908 888 petitio
940 854 1012 879 orat
1034 849 1075 878 de

96 888 202 930 gloria
224 889 302 927 Dei,
330 889 395 920 hoc
418 896 485 927 est,
515 891 556 920 de
579 891 727 921 doctrina
750 896 782 920 et
803 889 976 921 Ecclesiae
998 901 1074 931 pro-

95 931 192 962 fectu.
237 931 366 962 Nomen
389 933 472 962 enim
499 932 662 972 significat
686 933 843 963 notitiam.

182 973 276 1013 IL32)
320 973 526 1005 Adveniat
560 984 728 1015 regnum
762 980 883 1005 tuum.

94 1017 190 1058 Rege
218 1025 282 1046 nos
306 1016 427 1055 Spiritu
456 1022 592 1054 sancto,
619 1023 653 1046 ut
677 1017 780 1047 verbo
803 1023 859 1047 tuo
890 1018 1075 1054 credamus,

94 1059 215 1090 inchoa
236 1058 270 1088 in
292 1059 390 1088 nobis
420 1068 558 1099 regnum
581 1065 686 1095 tuum,
715 1066 750 1089 ut
773 1058 890 1089 fiamus
913 1059 1074 1089 haeredes

95 1102 189 1143 regni
212 1100 268 1132 tui.
314 1100 475 1141 Loquitur
496 1101 595 1141 igitur
624 1101 772 1131 secunda
791 1101 904 1141 petitio
935 1101 976 1132 de
999 1101 1074 1131 effe-

96 1150 150 1176 ctu
172 1142 343 1184 Evangelii
367 1148 398 1173 et
421 1143 462 1172 de
484 1144 723 1184 gubernatione
745 1144 858 1174 nostri.

109 1213 112 1214 1
181 1185 234 1216 111.
280 1185 372 1216 Fiat
409 1183 606 1215 voluntas
641 1191 719 1215 tua.
777 1185 812 1215 Id
846 1191 911 1215 est:
945 1184 1016 1223 Da,
1039 1191 1074 1216 ut

97 1238 210 1260 omnes
224 1229 281 1258 tibi
302 1228 456 1258 obediant
474 1228 506 1257 in
526 1232 631 1262 terra3
656 1228 707 1264 da,
724 1232 759 1257 ut
771 1226 940 1263 Pastores,
964 1237 1075 1268 reges,

95 1271 318 1312 magistratus,
343 1270 509 1306 doctores,
534 1270 655 1299 subditi
671 1279 764 1300 suum
778 1267 922 1299 officium
941 1268 1075 1306 faciant,

97 1319 129 1344 et
141 1323 256 1344 omnes
273 1312 427 1343 obediant
442 1312 511 1348 tibi,
534 1321 574 1342 ac
586 1312 697 1342 vivant
716 1312 749 1341 in
766 1311 820 1342 tali
838 1312 924 1342 vitae
942 1321 1075 1352 genere,

96 1356 184 1397 quod
206 1355 263 1385 tibi
291 1353 440 1395 placeat3
476 1354 561 1384 sicut
588 1353 710 1395 Angeli
740 1355 773 1384 in
796 1353 891 1385 coelo
921 1355 1076 1384 obediunt

96 1404 129 1429 et
149 1397 281 1438 placent
302 1398 368 1427 tibi.
414 1396 461 1427 lta
482 1395 546 1426 hae
568 1402 635 1426 tres
663 1397 838 1436 petitiones
851 1395 1075 1436 complectun-

95 1447 150 1471 tur
172 1440 279 1470 omnia
302 1437 497 1479 spiritualia,
526 1437 659 1479 publica
688 1444 720 1469 et
748 1439 892 1479 privata,
927 1449 1012 1480 quae
1034 1439 1076 1469 ad

97 1481 234 1524 gloriam
256 1481 319 1512 Dei
343 1487 375 1511 et
397 1486 546 1511 nostram
569 1480 708 1511 salutem
730 1482 903 1521 pertinent.
947 1481 1077 1512 Deinde

97 1525 245 1566 sequitur
266 1524 378 1564 petitio
401 1533 510 1553 rerum
535 1521 761 1563 corporalium.

182 1565 250 1596 1111.
295 1565 352 1596 Da
375 1575 511 1606 panem
534 1566 827 1605 quotidianum.
872 1565 908 1595 Id
936 1571 1001 1603 est,
1030 1566 1076 1596 vi-

99 1615 203 1646 ctum,
242 1618 377 1648 pacem,
413 1606 653 1644 defensionem,
683 1617 877 1638 successum
910 1608 944 1638 in
977 1609 1075 1639 rebus

99 1651 269 1692 gerendis,
303 1649 482 1680 liberorum
515 1650 757 1688 educationem,
792 1650 933 1690 denique
968 1652 1075 1681 omnia

98 1694 186 1724 vitae
209 1692 391 1723 commoda.

186 1735 228 1765 V.
273 1734 443 1764 Dimitte
471 1734 590 1764 nobis
621 1734 759 1764 debita
782 1740 938 1764 nostra.
984 1734 1077 1765 Haec

98 1778 210 1817 petitio
233 1777 342 1813 docet,
367 1785 496 1816 semper
518 1776 551 1805 111
574 1776 662 1806 0111111
684 1777 875 1816 precatione
898 1776 995 1807 fidem
1018 1777 1076 1807 ad-

98 1819 274 1850 hibendam
297 1828 384 1855 esse,
409 1828 493 1858 quae
517 1818 628 1848 credat
652 1819 882 1849 remissionem
905 1824 936 1848 et
959 1828 1076 1859 appre-

98 1861 221 1893 hendat
243 1860 410 1891 Christum
433 1860 643 1890 mediatorem
667 1866 700 1891 et
726 1859 1021 1902 interpellatorem,
1042 1867 1077 1891 ut

100 1905 243 1936 sciamus
266 1913 328 1933 nos
352 1903 514 1933 accedere
537 1903 578 1932 ad
602 1902 733 1933 Patrem
755 1913 814 1944 per
836 1903 925 1934 hunc
947 1903 1077 1943 pontifi-

101 1957 173 1978 cem
196 1952 228 1976 et
245 1951 379 1986 propter
402 1955 476 1976 euin
500 1945 657 1975 exaudiri.
692 1944 817 1986 Estque
840 1947 975 1987 egregia
1000 1955 1077 1976 con-

99 1988 203 2020 fessio
230 1989 262 2018 in
285 1988 349 2019 hoc
371 1987 459 2024 loco,
483 1998 546 2028 qua
564 1987 882 2028 agnoscitEcclesia
905 1998 942 2018 se
954 1987 1077 2018 habere

100 2037 283 2072 peccatum.
328 2030 389 2061 Est
412 2035 443 2060 et
465 2029 659 2061 consolatio.
707 2029 789 2064 Quia
813 2032 897 2061 enim
926 2029 1076 2061 Christus

100 2074 191 2104 iubet
212 2078 326 2112 petere
349 2073 587 2109 remissionem,
609 2072 697 2103 haud
717 2073 813 2103 dubie
837 2083 908 2103 eam
931 2073 1076 2103 donabit.

101 2115 142 2146 Et
165 2115 295 2156 quidem
324 2115 465 2144 additum
489 2120 540 2144 est
571 2121 829 2145 sacramentum:
859 2115 977 2146 Sicut
1005 2125 1077 2145 nos

101 2158 352 2188 remittimus.
403 2156 477 2186 Non
508 2157 593 2187 enim
623 2157 740 2188 dicitur
767 2163 903 2198 propter
930 2163 1078 2188 nostram

103 2200 377 2230 condonationem
407 2199 542 2235 remitti,
572 2200 630 2229 sed
660 2206 773 2230 nostra
802 2200 999 2230 condonatio
1028 2206 1077 2230 est

103 2243 248 2284 signum,
272 2252 337 2281 quo
356 2241 510 2271 admoniti
534 2246 679 2272 statuere
702 2242 871 2280 debemus,
895 2248 925 2273 et
949 2243 1077 2273 nobisa

104 2284 177 2315 Deo
201 2283 340 2325 ignosci.

940 975 976 1005 ld
1005 980 1073 1005 est:

105 2412 151 2443 29)
171 2410 295 2435 Comma
314 2413 512 2443 transponunt
530 2411 603 2435 Editt.
623 2411 646 2435 7.
667 2411 706 2435 14.
726 2412 795 2434 unte
813 2411 906 2442 ubique

106 2445 198 2476 30)1.]
226 2446 262 2470 sic
286 2445 358 2470 Editt.
384 2446 406 2467 2.
431 2445 456 2468 4.
481 2445 568 2469 6-9,
588 2445 706 2469 11—14.
732 2446 758 2469 et
776 2445 849 2475 Opp.;
873 2446 898 2469 in
916 2445 990 2470 Editt.
1017 2447 1038 2470 l.
1057 2445 1080 2470 5.

107 2513 151 2542 31)
169 2478 301 2543 xs'leffit'm.
323 2514 359 2537 11.
379 2514 403 2537 et
423 2512 494 2542 cpp.:
514 2518 573 2536 vere

107 2546 152 2576 32)
170 2546 210 2577 IL]
229 2546 271 2570 Ed.
284 2547 322 2570 1.:
341 2547 356 2571 I.
388 2552 391 2555 '

542 128 565 158 1.
589 127 691 159 LOCI
713 126 990 158 THEOLOGICIt
1022 127 1059 159 C.
1083 126 1295 159 SECUNDA
1316 126 1473 158 EORUM
1496 126 1651 158 AETAS.

2033 125 2096 155 542

1206 219 1262 250 Vl.
1308 220 1363 249 Ne
1386 229 1461 249 nos
1486 219 1659 249 inducas
1684 219 1723 248 in
1745 217 2021 248 tentationem.
2062 216 2098 246 ld

1121 268 1189 292 est:
1217 262 1268 291 Ne
1298 262 1389 291 sinas
1419 271 1481 291 nos
1504 262 1613 291 induci
1642 261 1674 291 in
1705 260 1930 295 tentationem,
1959 257 2098 288 defende

1122 314 1183 334 nos
1208 310 1322 334 contra
1345 301 1478 333 Diaboli
1502 303 1648 339 insidias,
1671 312 1712 332 ne
1735 300 1960 341 pertrahamur
1982 300 2024 329 ad
2043 300 2098 328 1111-

1122 347 1288 386 pietatem,
1311 346 1353 375 ad
1375 350 1513 385 peccata
1536 351 1599 375 etc.

1209 387 1279 417 Vll.
1324 386 1473 417 Libera
1503 397 1575 416 nos
1606 396 1625 416 a
1653 385 1769 416 malo.
1814 385 1928 414 Petitio
1963 392 2098 423 genera-

1123 429 1165 459 lis
1189 435 1251 465 est,
1275 438 1361 469 quae
1383 430 1462 468 petit
1484 427 1711 458 liberationem
1727 438 1767 457 ex
1786 427 1936 457 omnibus
1953 423 2100 471 peccatis

1125 477 1156 502 et
1189 470 1428 501 calamitatibus
1456 471 1555 500 totius
1585 470 1679 500 vitae.
1724 469 1765 498 Et
1795 470 1827 498 in
1857 476 1982 498 summa
2009 468 2100 512 petit,

1123 519 1158 544 ut
1181 511 1358 542 liberemur
1380 521 1421 542 ex
1444 512 1584 542 miseriis
1609 518 1640 541 et
1664 512 1827 541 aerumnis
1850 507 2034 550 praesentis
2055 515 2101 535 Vl-

1123 560 1194 591 tae,
1217 560 1253 584 ut
1277 555 1416 584 donetur
1439 555 1535 584 nobis
1559 554 1626 583 vita
1649 559 1681 583 et
1704 553 1824 582 iustitia
1847 557 1994 581 aeterna.
2079 589 2086 596 ι

1210 596 1319 626 Docet
1342 597 1440 636 igitur
1462 596 1635 626 Dominica
1657 595 1820 635 precatio,
1851 602 1934 632 quae
1960 601 2015 622 res
2037 599 2103 629 spi-

1123 637 1258 668 rituales
1282 644 1314 667 et
1338 637 1530 677 corporales
1554 638 1717 678 petendae
1741 637 1805 666 sint
1823 636 1982 675 privatae,
2000 630 2104 676 publi-

1123 690 1193 717 cae,
1217 685 1411 720 praesentes
1436 686 1466 709 et
1490 678 1629 710 futurae.
1666 677 1813 719 Cumque
1837 676 1922 706 hanc
1945 677 2106 716 precatio·

1122 731 1196 752 nem
1220 722 1414 759 recitamus,
1441 722 1514 762 ipsa
1537 723 1727 763 magnitudo
1750 717 1972 765 pen‘cuicrum
1995 724 2028 751 et
2049 721 2109 751 be*

1121 763 1315 794 neficiorum
1329 765 1491 795 exuscitet
1507 774 1581 801 nos,
1605 772 1638 795 ut
1658 766 1744 796 serio
1763 777 1905 807 oremus,
1929 777 1959 800 et
1974 773 2113 813 semper

1121 804 1327 836 includamus
1351 807 1420 837 suis
1444 805 1526 836 10015
1550 816 1600 843 ea,
1625 818 1709 847 quae
1732 810 1764 839 in
1778 813 1964 850 praesentia
1978 821 2100 855 angunt

1122 849 1261 878 animos.
1307 847 1400 878 Haec
1429 855 1506 879 sunt
1538 850 1693 880 exercitia.
1728 850 1912 883 Christiana
1943 855 2031 886 utilia
2061 858 2103 887 ad

1122 889 1381 920 confirmandam
1404 890 1518 927 fidem3
1546 890 1634 922 hunc
1665 892 1786 923 cultum
1810 894 1902 925 Deus
1924 898 2102 938 praecipue

1121 932 1266 973 requirit.
1312 932 1424 973 ltaque
1448 933 1626 964 Zacharias
1652 935 1716 972 HQ,
1732 935 1795 973 104
1821 938 1990 976 aptissime
2013 949 2100 970 com-

1121 973 1239 1015 plexus
1263 980 1313 1004 est
1337 984 1496 1005 summam
1527 976 1761 1007 beneficiorum
1789 977 1913 1009 Christi
1943 986 1975 1010 et.
2003 991 2100 1012 veros

1122 1015 1248 1047 cultus:
1272 1016 1445 1047 Effundam
1469 1027 1568 1058 super
1591 1019 1721 1049 domum
1733 1019 1843 1050 David
1867 1022 2013 1061 spiritum
2027 1033 2101 1064 gra-

1121 1059 1185 1089 tiae
1209 1064 1239 1088 et
1261 1068 1405 1098 precum.
1451 1060 1591 1099 Spiritus
1617 1063 1742 1101 gratiae
1767 1068 1834 1099 est,
1859 1073 1923 1102 quo
1946 1066 2100 1104 agnosci-

1120 1110 1193 1131 mus
1215 1100 1322 1130 Deum
1345 1100 1509 1141 placatum
1532 1111 1608 1132 esse
1632 1109 1663 1132 et
1686 1113 1748 1133 nos
1772 1104 1917 1134 vicissim
1936 1104 2009 1136 Deo
2031 1105 2101 1146 pla-

1122 1152 1246 1173 cemus.
1292 1143 1339 1172 lta
1362 1144 1499 1182 primum
1528 1144 1724 1175 describitur
1754 1146 1859 1185 gratia
1890 1152 1921 1176 et
1945 1148 2100 1178 iustifica-

1121 1186 1177 1215 tio.
1224 1184 1353 1215 Deinde
1376 1186 1447 1215 veri
1471 1184 1579 1216 cultus
1605 1187 1854 1223 describuntur;
1877 1198 1952 1219 nam
1965 1190 2098 1229 spiritus

1120 1237 1256 1267 precum
1280 1232 1349 1264 est,
1381 1237 1446 1268 quo
1470 1228 1533 1258 iam
1556 1228 1759 1259 reconciliati
1783 1236 1989 1269 praestamus
2014 1242 2100 1262 sum-

1120 1279 1208 1300 mum
1231 1268 1365 1306 cultum,
1388 1279 1501 1300 veram
1525 1271 1777 1308 invocationem,
1800 1272 1977 1312 gratiarum
2000 1274 2101 1304 actio-

1121 1321 1212 1348 nem,
1243 1310 1485 1342 confessionem
1509 1318 1571 1342 etc.
1617 1313 1708 1344 Sicut
1737 1319 1843 1344 antem
1872 1313 2031 1346 hactenus
2061 1315 2101 1345 de

1121 1354 1278 1394 petitione
1307 1355 1464 1391 diximus,
1494 1355 1538 1384 ita
1566 1356 1824 1392 meminerimuS,
1861 1362 1892 1386 et
1923 1358 2100 1397 gratiarum

1122 1397 1285 1426 actionem
1321 1406 1451 1436 semper
1486 1397 1669 1427 addendam
1700 1408 1787 1428 esse.
1836 1397 1981 1429 Plurima
2017 1400 2101 1430 enim

1120 1439 1267 1479 ingentia
1298 1438 1458 1469 beneficia
1487 1439 1582 1469 etiam
1612 1440 1841 1481 ignorantibus
1876 1440 2099 1472 conferuntur.

1122 1480 1257 1511 Infinitis
1286 1480 1443 1522 periculis
1471 1482 1744 1521 opprimeremur,
1773 1482 1835 1512 nisi
1864 1482 2016 1514 divinitus
2047 1493 2101 1514 cu-

1123 1523 1331 1554 stodiremur.
1378 1523 1453 1554 {deo
1478 1522 1600 1554 Paulus
1623 1524 1725 1564 inquit
1751 1524 1885 1564 [Ephes.
1904 1524 1935 1561 5,
1953 1525 2036 1563 204:
2065 1525 2101 1556 ln

1123 1566 1273 1596 omnibus
1294 1566 1416 1606 gratias
1440 1566 1539 1605 agite.
1584 1566 1625 1596 Et
1649 1567 1690 1596 ad
1710 1565 1787 1597 Cor.
1813 1567 1854 1603 [2.
1869 1576 1919 1607 ep.
1935 1566 1994 1605 l.]:
2019 1567 2102 1599 Cum

1121 1609 1209 1639 iubet
1221 1607 1341 1638 multos
1353 1618 1413 1647 pro
1427 1618 1463 1638 se
1475 1608 1547 1648 ipso
1562 1618 1668 1646 orare,
1690 1615 1726 1638 ut
1742 1608 1835 1639 multi
1851 1615 1953 1649 agant
1976 1610 2100 1650 gratias

1121 1661 1181 1690 pro
1213 1650 1286 1690 ipso
1323 1657 1472 1687 servato,
1501 1650 1665 1691 significat
1694 1650 1782 1681 hunc
1811 1650 1933 1681 cultum
1961 1652 2101 1682 maxime

1123 1693 1342 1722 exercendum
1356 1702 1443 1730 esse,
1466 1698 1557 1721 aeneo
1576 1698 1712 1727 praecipue
1731 1700 1832 1726 gratum
1853 1703 1920 1722 esse⁴
1935 1694 1981 1733 33)

1120 1776 1180 1807 DE
1217 1775 1577 1808 MAGISTRATIBUS
1612 1777 1832 1808 CIVILIBUS
1872 1776 1928 1808 ET
1964 1776 2102 1807 DIGNI-

1285 1826 1400 1856 TATE
1434 1826 1590 1858 RERUM
1623 1827 1940 1862 POLITICARUM.

1209 1901 1386 1933 Plurimum
1416 1904 1553 1943 prodest
1586 1905 1618 1934 in
1652 1904 1806 1936 Ecclesia
1841 1913 1954 1938 extare
1989 1919 2100 1939 veram

1122 1951 1153 1975 et
1177 1945 1302 1974 firmam
1326 1946 1512 1976 doctrinam
1541 1947 1581 1977 de
1611 1946 1859 1987 Magistratibus
1890 1955 1920 1979 et
1943 1950 2100 1991 dignitate

1122 1998 1231 2018 rerum
1262 1986 1412 2018 civilium.
1465 1988 1573 2029 Saepe
1604 1990 1687 2019 0111111
1724 1991 1827 2020 exorti
1856 1997 1931 2021 sunt
1965 1991 2100 2023 fanatici

1122 2030 1276 2070 spiritus,
1309 2030 1364 2070 qni
1393 2037 1556 2071 negarunt
1579 2030 1775 2062 Christianis
1798 2032 1900 2063 licere
1922 2033 2099 2075 Magistra—

1122 2078 1175 2102 tus
1200 2082 1334 2112 gerere,
1364 2082 1520 2103 exercere
1542 2074 1678 2110 iudicia,
1707 2080 1820 2105 tenere
1843 2076 1988 2115 imperia.
2033 2076 2099 2106 De-

1122 2116 1220 2155 nique
1243 2115 1479 2145 interdixerunt
1503 2114 1696 2146 Christianis
1722 2117 1828 2146 onmia
1859 2116 1969 2148 officia
1994 2117 2099 2148 civilis

1122 2158 1226 2193 vitae,
1261 2166 1368 2186 rerum
1404 2158 1562 2195 dominia,
1596 2164 1798 2189 contractus.
1851 2158 2099 2191 Damnaverunt

1123 2205 1154 2229 et
1184 2199 1278 2240 leges
1306 2198 1473 2239 politicas,
1509 2201 1628 2240 quibus
1659 2210 1746 2230 1111110
1773 2199 1959 2240 respublica
1988 2203 2097 2232 utitur.

1120 2241 1161 2272 Et
1184 2241 1267 2271 haec
1291 2240 1505 2273 deliramenta
1528 2252 1594 2273 non
1618 2241 1725 2272 solum
1743 2248 1942 2282 pepererunt
1967 2245 2097 2274 seditio-

1122 2294 1198 2321 nes,
1227 2283 1287 2313 sed
1310 2285 1405 2314 etiam
1429 2285 1687 2315 obscuraverunt
1716 2284 1947 2325 Evangelium3
1976 2286 2098 2316 offude-

1124 2332 1199 2356 runt
1223 2325 1307 2356 enim
1331 2326 1504 2368 caliginem
1523 2327 1653 2363 animis,
1678 2327 1770 2367 quasi
1794 2327 1982 2358 Christiana
2008 2329 2098 2358 iusti-

1124 2369 1169 2399 tia
1192 2378 1231 2399 ac
1253 2368 1321 2398 vita
1350 2369 1391 2399 sit
1414 2375 1551 2399 externa
1573 2379 1612 2399 ac
1635 2379 1721 2399 nova
1739 2370 1899 2409 quaedam
1924 2370 2098 2400 barbarica

1125 2514 1170 2543 33)
1189 2519 1219 2570 act
1236 2514 1288 2571 geo
1305 2513 1440 2542 praecipue
1459 2514 1560 2541 gratum
1585 2517 1643 2536 esse
1664 2510 1777 2536 addunt
1801 2512 1872 2537 Editt.
1891 2512 1914 2534 7.
1935 2512 1957 2534 8.
1977 2513 2097 2534 11-14.

1194 2553 1207 2570 e
1256 2552 1298 2577 pp.
