2358 2933
233 110 297 142 643
863 106 972 138 PHIL.
995 106 1098 138 MEL.
1128 105 1314 138 SCRIPTA
1335 105 1609 139 DOGMATICA.

235 205 306 234 ride
330 201 503 243 explicant.
556 201 638 231 Nam
662 201 690 231 si
714 206 805 231 esset
828 208 1029 240 progressus
1051 200 1083 229 in
1107 198 1212 230 intini-

235 256 317 278 tum.
354 244 462 275 nullus
491 250 579 274 esset
604 243 686 272 ordo
711 252 905 273 caussarum
929 248 961 272 et
984 240 1094 273 nullae
1117 252 1210 272 caus-

233 299 291 319 sae
315 287 504 318 necessario
530 284 757 315 cohaererent.

319 332 444 359 octava
468 339 485 358 a
511 328 638 358 caussis
664 326 826 357 finalibus.
873 327 996 357 Omnes
1023 336 1076 358 res
1100 327 1132 356 in
1156 336 1212 356 na-

235 382 305 404 tura
331 373 511 402 destinatae
535 377 609 400 sunt
633 370 674 399 ad
700 376 811 400 certas
835 368 1003 399 utilitates.
1028 369 1122 399 Hanc
1146 368 1211 399 dis-

234 416 440 446 tributionem
491 412 601 442 finium
647 409 849 451 impossibile
885 419 936 442 est
970 418 1028 443 aut
1063 411 1212 442 extitisse

234 468 314 488 casu
337 464 391 487 ant
416 466 497 485 casn
521 464 664 492 manere,
689 455 748 484 sed
772 463 911 484 necesse
930 460 983 485 est
1002 452 1140 485 consilio
1160 464 1211 484 ar-

234 501 366 531 chitecti
390 497 511 528 {artam
536 506 623 527 esse.

319 542 414 572 Nona
445 551 465 570 a
496 539 678 570 futurorum
708 546 881 569 eventuum
904 538 1210 579 significationibus.

234 586 333 616 ferto
357 589 581 614 monstrantur
604 580 704 612 futuri
727 588 878 619 eventus,
897 591 963 612 non
972 584 1016 615 ⁹³)
1036 582 1134 612 modo
1154 591 1212 621 per

232 627 392 669 prodigia,
416 635 500 666 quae
524 631 640 666 gentes
664 625 857 660 movebant,
881 634 1019 665 quorum
1042 623 1106 654 alia
1129 623 1211 654 alias

234 680 373 701 caussas
404 668 540 704 habent,
576 667 635 697 sed
664 666 766 697 multo
789 667 895 707 magis
920 676 978 707 per
1003 667 1156 697 vaticinia
1179 667 1211 696 in

233 710 396 746 Ecclesia,
420 718 453 741 ut
471 709 618 745 Balaam,
642 709 775 745 lesains,
794 708 961 745 Ieremias,
974 707 1094 739 Daniel
1117 718 1211 749 prae-

233 756 383 786 dixerunt
408 753 603 783 mutationes
628 758 659 782 et
679 752 914 781 successiones
934 762 1124 793 regnorum.
1148 751 1211 782 Ne-

234 807 330 828 cesse
355 803 404 827 est
429 796 524 835 igitur
548 793 687 835 aliquam
711 800 849 823 mentem
870 804 945 824 esse
964 793 1211 833 praevidentem

233 851 289 871 cas
314 840 511 870 mutationes
536 844 565 867 et
591 842 918 877 praemonstrantem.

320 881 410 912 Haec
449 887 643 920 argumenta
683 888 748 909 non
789 877 898 908 solum
938 884 1101 909 testantur
1135 888 1212 908 esse

233 925 356 960 Deum,
391 924 450 953 sed
481 922 575 952 etiam
604 928 679 952 sunt
707 921 826 951 indicia
848 922 1088 961 prow'dentiae‚
1122 921 1211 961 quod

233 968 325 998 Deus
355 966 507 1006 respiciat
537 964 705 1001 homines,
735 964 845 1003 puniat
874 964 999 994 atrocia
1027 961 1156 993 scelera
1179 969 1211 994 et

234 1009 395 1051 aliquibus
430 1006 624 1048 opituletur,
657 1014 689 1037 ut
721 1005 928 1037 foecunditas
951 1013 1059 1037 terrae
1088 1006 1211 1036 indicat

234 1053 339 1083 Deum
367 1050 533 1081 hominum
564 1050 650 1080 vitae
682 1047 868 1079 consulere.
912 1048 1046 1079 Poenae
1067 1047 1211 1079 scelera-

235 1103 340 1126 torum
359 1094 500 1124 indicant
515 1092 622 1123 Deum
635 1090 815 1131 postulare.
827 1097 862 1121 ut
883 1091 1031 1122 colamus
1044 1092 1209 1122 iustitiam.

235 1137 481 1168 Praedictiones
516 1136 612 1165 etiam
636 1136 676 1165 de
695 1135 856 1174 imperiis,
880 1135 955 1164 item
975 1135 1063 1175 quod
1081 1135 1210 1165 mittun·

234 1187 286 1211 tur
305 1179 435 1210 Hernici
459 1179 530 1215 viri,
555 1184 587 1208 ut
613 1178 783 1207 restituant
806 1175 937 1216 politias
962 1183 994 1207 et
1006 1183 1106 1213 artes,
1130 1177 1210 1207 indi-

235 1229 309 1253 cant
322 1221 428 1252 Deum
453 1230 569 1251 curare
592 1218 733 1260 politias.
770 1218 861 1249 Haec
885 1226 961 1250 sunt
979 1220 1156 1260 perspicua
1179 1225 1211 1249 et

235 1275 365 1305 semper
389 1270 559 1294 moverunt
586 1264 689 1293 bonas
713 1268 849 1292 mentes.

321 1307 462 1337 Possem
478 1308 522 1339 ⁹⁴)
551 1312 581 1335 et
613 1304 712 1335 multa
742 1303 804 1334 alia
832 1314 910 1334 vere
934 1304 1063 1345 quidem
1086 1303 1210 1345 colligi,

236 1351 295 1381 sed
326 1350 400 1390 quia
435 1355 510 1379 sunt
540 1348 750 1384 obscuriora,
783 1346 945 1388 relinquo.
989 1347 1064 1377 Non
1088 1345 1211 1377 frustra

235 1394 335 1423 indita
368 1398 417 1423 est
452 1391 572 1421 homini
602 1389 686 1431 legis
711 1390 841 1426 notitia,
878 1400 942 1430 qua
965 1389 1057 1419 Deus
1082 1387 1149 1420 mlt
1173 1398 1210 1418 se

236 1435 310 1466 coli.
362 1435 459 1465 Esset
479 1441 585 1464 autem
611 1432 732 1463 frustra
757 1432 868 1469 indita,
892 1432 954 1462 nisi
977 1432 1130 1462 iudicium
1153 1430 1211 1461 alj-

236 1478 323 1519 quod
353 1484 454 1514 esset,
478 1477 509 1506 in
534 1486 598 1517 quo
623 1475 797 1506 discrimen
822 1475 881 1504 erit
907 1476 1067 1505 bonorum
1091 1480 1124 1504 et
1147 1484 1211 1503 ma-

235 1521 350 1551 lorum.
375 1520 442 1550 sed
464 1518 547 1549 haec
569 1517 646 1548 alibi
656 1519 702 1555 ⁹⁵)
728 1516 923 1557 explicanda
946 1523 1032 1547 sunt.
1075 1516 1146 1546 Nos
1170 1515 1212 1546 ad

235 1564 371 1605 primam
397 1561 649 1592 admonitionem
673 1560 863 1597 redeamus.
888 1558 1212 1596 videli‹·et,Assidue

236 1606 398 1637 mentibus
424 1612 520 1645 atque
545 1603 651 1634 oculis
675 1602 830 1633 intuenda
853 1612 930 1632 esse
952 1601 1007 1632 illa
1031 1600 1211 1642 peculiaria

236 1649 438 1683 testimonia,
471 1648 503 1677 in
532 1647 649 1687 quibus·
674 1656 710 1676 se
734 1644 827 1675 Deus
850 1644 1022 1675 Ecclesiae
1045 1642 1212 1685 patefecit,

237 1699 269 1722 ut
292 1693 324 1722 in
349 1690 553 1721 eductionem
576 1688 687 1729 populi
713 1686 817 1717 lsrael
840 1698 880 1718 ex
904 1688 1078 1729 Aegypto,
1108 1688 1140 1717 in
1163 1696 1213 1716 re-

236 1734 483 1765 suscitationem
513 1738 714 1762 mortuorum
743 1738 772 1760 et
803 1729 959 1761 miracula
985 1736 1105 1767 cetera,
1130 1739 1213 1770 quae

237 1788 295 1818 pm·
318 1775 520 1816 Prophetas,
555 1773 721 1805 Christum
752 1779 781 1803 et
806 1772 991 1813 Apostolos
1016 1771 1103 1803 facta
1126 1777 1213 1808 sunt,

238 1828 267 1850 et
281 1819 397 1850 deinde
409 1818 569 1848 addamus
583 1817 718 1847 verbum
729 1815 860 1856 perhos
874 1817 1077 1853 traditum,et.
1091 1821 1214 1845 statua-

237 1872 316 1892 vere
339 1861 424 1891 hanc
448 1869 525 1890 esse
547 1859 609 1890 Dei
630 1857 849 1895 voluntatem,
884 1868 968 1898 quae
990 1859 1023 1888 in
1047 1868 1086 1888 eo
1108 1857 1213 1887 verbo

238 1905 407 1945 proposita
441 1910 509 1940 est,
547 1909 578 1933 et
615 1903 840 1932 discernamus
874 1900 1121 1940 Philosophiam
1155 1909 1215 1930 seu

238 1945 404 1978 naturales
428 1946 559 1976 notitias
584 1946 626 1975 ab
649 1942 849 1985 Evangelio,
879 1944 910 1973 id
933 1950 1001 1981 est,
1036 1953 1055 1973 a
1077 1942 1214 1982 promis-

239 1991 330 2020 sione
371 1989 513 2029 gratuita
551 1988 756 2018 remissionis
796 1992 1008 2026 peccatorum
1042 1985 1215 2016 donandae

239 2038 374 2073 propter
396 2030 511 2061 Filium
534 2030 613 2067 Dei,
646 2037 681 2060 ut
715 2040 775 2059 suo
804 2029 878 2060 loco
903 2029 1019 2059 dicitur
1042 2029 1083 2059 de
1101 2028 1215 2059 discri-

240 2076 325 2106 mine
348 2074 449 2115 Legis
473 2080 504 2103 et
527 2072 708 2114 Evangelii.

701 2148 753 2178 111.

242 2210 303 2241 DE
323 2209 498 2241 CAUSSA
522 2152 709 2239 PECCATII
732 2152 788 2238 El'l'
800 2207 860 2238 DE
874 2206 1216 2238 CONTINGENTIA.

328 2269 464 2309 Semper
487 2279 602 2299 omnes
625 2269 793 2308 sapientes
817 2267 923 2297 mirati
946 2272 1034 2304 sunt,
1058 2277 1131 2298 cum
1148 2272 1217 2297 tan-

243 2320 296 2344 tus
320 2313 362 2343 sit
386 2312 468 2342 ordo
492 2318 628 2342 naturae
651 2312 683 2342 in
706 2310 856 2351 plurimis
874 2310 986 2347 rebus,
1006 2310 1092 2341 unde
1111 2310 1143 2340 in
1163 2319 1217 2350 ge-

244 2451 290 2477 93)
309 2456 360 2474 non
379 2449 511 2473 omittunt
530 2448 601 2473 Editt.
623 2449 661 2472 18.
682 2449 721 2472 20.
741 2448 781 2472 25.

244 2501 290 2527 94]
310 2499 428 2530 Possem]
450 2499 521 2524 Editt.
541 2500 581 2524 21.
601 2500 640 2524 22.
660 2500 699 2524 24.
718 2499 758 2523 28.
779 2498 820 2521 29.
840 2496 955 2526 31—33.‚
967 2497 1029 2527 opp.
1042 2497 1098 2519 1.‘2.
1109 2496 1219 2522 Possunt

245 2553 291 2581 95)
310 2552 370 2577 Vide
390 2552 456 2576 intra
475 2552 557 2576 lorum
578 2552 616 2583 Be
630 2550 756 2580 peccatis
774 2548 943 2574 actualibus.

1256 209 1335 230 nere
1363 199 1505 230 humano
1536 206 1624 231 tanta
1653 200 1696 231 sit
1721 198 1891 239 confusio,
1925 207 2049 234 tantum
2072 204 2235 238 scelerum

1256 248 1288 272 et
1312 240 1544 280 calamitatum,
1567 243 1673 273 morbi
1696 249 1729 273 et
1752 253 1853 274 mors.
1883 244 1934 274 Ac
1945 243 2139 287 Philosophi
2161 259 2234 289 par-

1255 285 1312 314 tim
1335 285 1367 314 in
1393 285 1538 321 materia,
1562 285 1679 325 partim
1697 285 1729 315 in
1748 284 1916 317 voluntate
1934 285 2076 319 humana
2094 299 2234 322 caussas

1256 324 1432 363 collocant,
1456 328 1572 367 partim
1594 327 1636 357 ad
1660 326 1762 358 satum
1780 327 1996 368 transferunt,
2014 331 2104 372 quod
2122 332 2233 364 dicunt

1256 378 1332 399 esse
1362 370 1587 400 necessariam
1617 370 1857 402 connexionem
1886 371 2009 411 primae
2039 383 2180 405 caussae
2202 381 2235 406 et

1255 411 1398 442 omnium
1409 412 1640 449 secundarum,
1653 411 1870 453 Physicarmn
1894 420 1925 444 et
1948 413 2163 447 voluntatum.
2192 416 2234 448 Et

1254 452 1437 484 Manichaei
1475 464 1515 484 ex
1550 461 1707 494 corrupta
1728 453 1943 496 Philosophia
1965 458 2028 488 orti
2056 456 2233 491 horribiles

1255 493 1384 526 furores
1397 495 1656 527 contumeliosos
1665 498 1696 527 in
1703 496 1810 528 Deum
1823 504 1854 528 et
1867 499 2073 538 perniciosos
2086 502 2232 533 moribus

1255 539 1483 570 excitaverunt
1506 539 1547 569 de
1570 539 1697 570 duobus
1722 540 1799 577 diis,
1831 541 1917 571 bono
1941 548 1974 572 et
1996 540 2101 579 malo,
2135 549 2168 573 et
2191 544 2232 575 de

1255 582 1473 618 necessitate,
1503 591 1565 611 nec
1588 580 1704 612 leviter
1727 589 1885 623 quassata
1909 591 1960 614 est
1982 583 2135 616 Ecclesia
2166 585 2232 617 illis

1256 623 1395 653 vetustis
1420 625 1620 663 temporibus
1643 623 1707 654 hac
1730 626 1924 665 quaestione
1948 627 1988 657 de
2017 636 2138 658 caussa
2156 626 2234 659 mali

1255 671 1287 696 et
1321 666 1362 695 de
1385 664 1626 706 Contingentia.
1678 666 1739 697 Est
1772 673 1881 699 autem
1903 669 1977 709 piae
1999 669 2117 700 mentis
2140 679 2233 701 reve·

1254 714 1366 738 renter
1389 708 1430 738 de
1444 707 1517 738 Deo
1540 709 1662 738 sentire
1684 719 1724 740 ac
1735 711 1777 747 ⁹5)
1800 709 1902 751 loqui,
1926 717 1958 742 et
1977 711 2158 742 sententias
2177 722 2233 743 ve-

1254 760 1328 787 ras,
1352 751 1440 790 piaS,
1464 750 1639 788 honestas,
1664 753 1896 791 comprobatas
1921 754 2080 795 gravibus
2103 754 2232 786 iudiciis

1253 793 1382 833 piorum
1403 793 1436 822 in
1450 792 1612 830 Ecclesia,
1630 792 1727 824 utiles
1750 796 1907 832 moribus,
1931 796 2083 833 retinere,
2096 806 2158 827 nec
2177 807 2232 828 cu-

1254 835 1403 865 riositate
1426 837 1519 875 ac⁹⁷)
1544 836 1653 866 studio
1680 837 1880 877 argutiarum
1904 848 2065 878 quaerere
2086 838 2230 870 infinitos

1254 876 1463 918 labyrinthos
1488 878 1754 918 disputationum.

1340 919 1465 961 Estque
1498 920 1581 951 haec
1616 930 1696 951 vera
1729 926 1761 951 et
1794 921 1849 961 pia
1877 923 2058 960 sententia,
2092 928 2232 964 utraque

1253 972 1353 992 manu
1382 969 1415 993 et
1449 964 1559 993 verius
1590 968 1660 994 toto
1684 969 1819 1003 pectore
1841 965 2001 1002 tenenda,
2036 964 2143 996 Deum
2165 975 2233 996 non

1255 1014 1332 1035 esse
1351 1015 1507 1036 caussam
1529 1005 1669 1045 peccati,
1692 1015 1753 1036 nec
1776 1004 1863 1037 velle
1885 1013 2069 1046 peccatum,
2091 1017 2154 1039 nec
2176 1008 2233 1039 im·

1254 1046 1379 1087 pellere
1413 1045 1599 1078 voluntates
1634 1048 1677 1078 ad
1716 1050 1930 1088 peccandum,
1962 1059 2025 1080 nec
2046 1051 2233 1090 approbare

1253 1096 1437 1130 peccatum.
1484 1090 1550 1120 Sed
1579 1100 1658 1121 vere
1682 1096 1714 1121 et
1738 1089 1938 1122 horribiliter
1960 1092 2060 1122 irasci
2082 1098 2232 1132 peccato,

1253 1139 1288 1163 ut
1311 1133 1408 1163 toties
1437 1143 1498 1163 suo
1528 1134 1652 1169 verbo,
1681 1134 1824 1164 assiduis
1847 1134 1963 1174 poenis
1987 1140 2019 1164 et
2042 1133 2232 1166 calamitati-

1254 1176 1315 1205 bus
1349 1175 1478 1212 mundi,
1514 1176 1765 1206 comminatione
1798 1182 1952 1207 aeternae
1981 1177 2051 1207 irae
2073 1175 2230 1208 declarat.

1253 1217 1320 1248 lmo
1345 1218 1424 1247 iram
1447 1217 1609 1248 adversus
1633 1224 1804 1257 peccatum
1824 1220 1963 1249 maxime
1982 1219 2127 1250 ostendit
2145 1218 2232 1250 filius

1253 1260 1327 1297 Dei,
1351 1260 1406 1300 qui
1430 1260 1595 1299 apparuit,
1624 1266 1658 1290 ut
1681 1261 1811 1291 victima
1835 1261 1928 1291 fieret
1951 1271 2012 1300 pro
2036 1268 2176 1301 peccato
2198 1268 2232 1292 et

1254 1303 1443 1332 ostenderet
1465 1301 1643 1333 Diabolum
1666 1312 1742 1333 esse
1764 1308 1932 1334 auctorem
1954 1305 2095 1343 peccati,
2118 1310 2150 1335 et
2171 1314 2233 1335 sua

1253 1350 1358 1375 morte
1380 1344 1461 1374 iram
1482 1345 1648 1386 ingentem
1670 1344 1777 1376 Patn's
1800 1345 1957 1386 placaret.

1340 1387 1416 1416 Non
1450 1387 1551 1428 igitur
1573 1387 1667 1418 Deus
1691 1398 1812 1418 caussa
1835 1395 1887 1418 est
1909 1389 2050 1428 peccati,
2073 1397 2135 1418 nec
2156 1398 2231 1428 pec-

1254 1435 1367 1460 catum
1391 1434 1443 1458 est
1464 1439 1519 1459 res
1543 1430 1674 1460 condita
1696 1436 1750 1460 aut
1775 1430 1924 1460 ordinata
1946 1440 1966 1460 a
1988 1429 2075 1467 Deo,
2099 1431 2160 1461 sed
2181 1436 2233 1461 est

1253 1469 1420 1502 horribilis
1445 1472 1624 1502 destructio
1649 1472 1758 1512 operis
1781 1478 1813 1502 et
1836 1473 1958 1503 ordinis
1983 1473 2092 1503 divini.

1342 1514 1425 1545 Sunt
1447 1520 1555 1544 autem
1580 1515 1750 1553 caussa90‘)
1774 1515 1901 1554 peccati
1925 1514 2077 1546 voluntas
2100 1514 2233 1546 Diaboli

1255 1563 1288 1587 et
1311 1555 1466 1587 voluntas
1490 1556 1642 1593 hominis,
1665 1566 1750 1598 quae
1773 1563 1965 1588 averterunt
1987 1567 2024 1588 se
2047 1556 2150 1588 libere
2171 1568 2233 1589 sua

1256 1605 1377 1639 sponte
1404 1610 1431 1629 >a
1453 1598 1527 1629 Deo
1562 1610 1623 1630 nec
1657 1598 1789 1630 volente
1824 1610 1886 1630 nec
1918 1601 2121 1640 approbante
2142 1599 2232 1631 illam

1255 1642 1484 1679 aversionem,
1515 1648 1546 1672 et
1575 1641 1753 1673 haeserunt
1784 1649 1946 1684 vagantes
1970 1648 2061 1673 extra
2085 1643 2233 1674 ordinem

1256 1685 1289 1715 in
1312 1685 1448 1715 obiectis
1472 1691 1587 1715 contra
1610 1685 1796 1715 mandatum
1820 1685 1894 1722 Dei,
1917 1691 1952 1716 ut
1969 1685 2061 1716 Evae
2077 1685 2231 1717 voluntas

1257 1733 1411 1757 avertens
1446 1737 1483 1757 se
1516 1737 1536 1757 a
1566 1737 1650 1758 voce
1672 1727 1735 1758 Dei
1765 1734 1797 1758 et
1826 1734 1946 1768 vagata
1967 1734 2063 1759 extra
2083 1728 2231 1759 ordinem

1256 1769 1363 1800 haesit
1387 1770 1419 1800 in
1439 1780 1548 1810 pomo.

1344 1812 1414 1843 Etsi
1444 1819 1552 1843 autem
1581 1811 1729 1844 homines
1752 1814 1838 1844 acuti
1861 1812 1961 1843 multa
1982 1812 2036 1844 hic
2059 1813 2232 1844 inextrica-

1258 1853 1336 1885 bilia
1360 1853 1532 1897 colligunt,
1556 1862 1662 1886 tamen
1685 1865 1746 1886 nos
1766 1856 1897 1886 omissis
1916 1856 2104 1897 praestigiis
2123 1856 2233 1896 dispu-

1258 1898 1416 1928 tationum
1439 1908 1550 1929 veram
1572 1899 1778 1935 sententiam,
1801 1909 1898 1939 quam
1917 1898 1993 1935 dixi,
2011 1904 2080 1928 toto
2098 1903 2233 1939 pectore

1259 1938 1507 1980 amplectamur,
1531 1947 1563 1971 et
1587 1947 1753 1971 teneamus
1776 1941 1963 1971 testimonia
1991 1941 2031 1970 de
2054 1950 2093 1971 ea
2115 1940 2234 1971 tradita

1260 1983 1425 2021 divinitus,
1460 1984 1585 2014 etiamsi
1618 1993 1685 2013 non
1718 1993 1896 2023 possumus
1930 1992 2044 2013 omnes
2073 1982 2232 2023 argutias,

1260 2036 1344 2066 quae
1368 2032 1587 2066 opponuntur,
1610 2027 1780 2056 extricare.
1804 2025 2003 2056 Testimonia
2025 2030 2134 2056 autem
2150 2023 2234 2055 haec

1259 2074 1346 2098 sunt.

1346 2110 1428 2141 Gen.
1462 2111 1489 2140 1.
1515 2114 1577 2147 [vs.
1600 2110 1665 2149 31.]
1706 2110 1796 2141 Vidit
1819 2110 1910 2141 Deus
1935 2110 2059 2148 onmia,
2082 2119 2166 2150 quae
2188 2107 2235 2140 fe-

1261 2159 1363 2190 cerat,
1387 2159 1419 2183 et
1441 2159 1534 2184 erant
1556 2152 1654 2184 valde
1677 2154 1782 2191 bona,
1816 2154 1850 2184 id
1873 2159 1940 2191 est,
1962 2151 2037 2183 Deo
2059 2151 2234 2193 placentia,

1261 2196 1424 2233 ordinata,
1448 2197 1664 2236 congruentia
1691 2196 1731 2226 ad
1757 2196 1903 2227 ordinem
1925 2196 1958 2226 in
1980 2201 2088 2226 mente
2111 2194 2234 2232 divina,

1262 2244 1293 2269 et
1315 2238 1358 2269 ad
1381 2244 1490 2269 certos
1503 2248 1583 2268 usus
1595 2237 1787 2279 profuturos
1805 2238 1926 2269 homini
1939 2239 2079 2269 condita,
2110 2236 2232 2268 Psalm-

1260 2281 1291 2312 5.
1315 2284 1379 2319 [vs.
1403 2281 1447 2319 5.]
1477 2281 1551 2311 Non
1575 2281 1669 2312 Deus
1699 2280 1816 2312 volens
1838 2282 2039 2322 iniquitatem
2061 2286 2096 2311 tu
2118 2289 2173 2318 es,
2201 2279 2234 2310 id

1261 2330 1328 2361 est,
1363 2323 1457 2354 Deus
1492 2334 1588 2361 vere,
1622 2330 1655 2355 et
1688 2334 1755 2354 non
1782 2323 1934 2354 simulate
1963 2323 2031 2354 odit
2051 2328 2232 2364 peccatum.

1261 2444 1307 2473 96)
1326 2444 1367 2474 ac]
1386 2443 1458 2468 Editt.
1478 2445 1519 2468 22.
1539 2444 1580 2468 24.
1601 2444 1717 2473 28—34.,
1736 2443 1795 2473 Opp.
1817 2444 1838 2468 1.
1858 2444 1881 2468 2.
1902 2445 1927 2468 et

1261 2495 1306 2525 97)
1327 2495 1368 2525 ac]
1385 2494 1457 2519 Editt.
1481 2496 1552 2519 1-9.
1574 2496 1611 2519 12.
1629 2497 1673 2519 aut

1260 2547 1306 2576 98)
1326 2545 1428 2577 caussa]
1450 2546 1523 2571 Editt.
1545 2545 1634 2570 1—15.
1657 2546 1695 2570 19.
1715 2550 1823 2570 caussae

2142 93 2143 96 ’
2173 114 2238 148 644

2350 1419 2358 1917 ᾼ-Λ-ῳ--α.-.---.-ἐ-.;.«..,.
