2358 2933
137 127 199 160 355

228 220 263 250 ln
293 218 345 248 his
369 224 399 247 et
422 214 582 246 similibus
608 213 800 244 testimoniis
824 210 914 242 clare
937 211 1054 241 dicitur
1080 211 1121 240 de
1142 220 1144 234 ι

141 268 301 305 perpetuo
336 269 440 300 regno
469 257 611 294 Christi,
646 256 735 297 quod
771 260 930 295 perpetuo
962 254 1002 283 sit
1031 254 1144 300 invo—¹

142 306 285 340 candus,
314 307 473 342 perpetuo
497 301 540 331 sit.
561 299 762 330 adorandus.
808 296 899 336 Ergo
922 305 990 327 non
1012 301 1122 336 potest.
1143 332 1144 335 Ἰ

141 345 278 387 intelligi
300 344 384 375 haec
403 344 554 374 odoratio
577 342 618 372 de
641 347 780 372 externa
802 338 1042 380 significatione
1065 337 1122 368 ho-
1143 340 1144 348 ¹

140 389 249 425 noris,
279 397 364 427 quae
392 385 577 426 praesenti,
606 382 696 415 velut
719 392 806 422 regi,
838 381 960 411 tenenti
983 390 1123 421 regumn

124 429 318 470 'corporale
335 428 391 460 vel
414 426 510 458 civile
529 426 711 458 exhibetur.
742 424 810 455 Sed
833 422 1028 454 referendae
1047 428 1122 452 sunt
1144 428 1145 451 t

140 473 204 504 hae
227 472 410 502 sententiae
437 472 480 500 ad
503 470 653 509 Regnum
677 467 798 498 Chn‘sti
816 466 985 507 regnantis
1010 466 1123 509 101110-

141 516 244 546 tentia
265 514 340 545 Dei.
386 514 479 544 Sicut
506 509 628 541 Psalm.
653 510 725 539 110.
757 513 820 545 tvs.
844 510 884 546 1.]
917 508 1006 538 dicit:
1038 508 1124 538 Sede

142 569 163 589 a
185 558 311 588 dextris
334 556 428 586 meis.
472 553 514 584 Et
536 553 590 593 qui
617 557 757 582 testatur
780 550 948 580 Christum
970 550 1125 580 invocan-

143 602 220 632 dum
243 608 338 635 esse,
367 595 541 628 manifeste
565 594 675 625 tribuit
699 600 731 624 et
761 592 939 633 potentiam
971 592 1124 622 divinam.

143 644 254 676 Quare
282 641 333 670 his
362 639 543 670 rationibus
566 642 788 667 sustentemus
813 645 892 671 005,
922 645 1007 675 quae
1030 633 1126 664 simul
1146 666 1148 672 ¹

143 691 175 715 et
198 685 336 719 docent,
369 681 477 722 qualis
508 679 615 710 honos
635 678 767 709 Christo
792 683 974 717 competat,
1008 683 1039 707 et
1063 687 1125 707 nos

144 725 380 761 consolantur,
414 730 445 753 et
478 727 662 753 monstrant
696 720 855 751 beneficia
890 718 1023 750 Christi.
1076 719 1125 749 In-

143 768 273 799 vocatio
303 767 414 797 tribuit
443 764 577 795 Christo
605 764 885 803 onmipotentiam.
936 762 1012 792 Ideo
1042 761 1125 792 11366

144 811 227 841 ratio
256 809 397 840 tenenda
424 814 475 838 est
501 808 762 846 inaconspectu,
797 810 828 835 et
857 810 1046 835 constanter
1069 814 1125 844 op-

144 852 298 893 ponenda
322 850 504 886 calumniis,
527 859 612 889 quae
635 847 809 879 detrahunt
829 847 963 878 Christo
984 848 1126 878 divinam

143 901 305 926 naturam.

171 965 174 968 ,
230 936 327 966 Nunc
355 936 398 966 ad
421 933 576 965 [ohannis
600 933 796 964 sententiam
822 933 1031 963 accedamus.
1077 932 1126 963 Io-

143 979 272 1010 halmes
302 984 444 1009 testatur
466 977 605 1016 primum
635 976 720 1014 λόγον
747 982 918 1006 aeternum
941 985 1029 1011 esse,
1053 985 1126 1005 cum

144 1022 188 1052 ait
209 1021 253 1058 [1,
268 1020 325 1058 l.:{
344 1020 379 1050 ln
399 1020 558 1059 principio
579 1024 650 1048 erat
669 1020 806 1048 verbum
840 1018 875 1049 Si
894 1019 978 1048 enim
996 1016 1055 1048 fuit
1067 1019 1125 1050 2⁴³¹)

144 1064 234 1094 initio
269 1063 355 1101 λόγος
377 1068 456 1092 ante
479 1061 701 1091 conditionem
724 1060 866 1090 omnium
890 1066 1126 1096 creaturarum.

144 1115 224 1146 ergo
255 1105 341 1143 λόγος
370 1114 436 1134 non
468 1110 518 1134 est
549 1109 721 1139 creatura,
756 1103 817 1133 sed
846 1109 896 1132 est
927 1109 1126 1133 coaeternus

142 1147 244 1178 Patri.
279 1147 430 1178 Addidit:
454 1146 497 1177 Et
522 1145 606 1184 λόγος
633 1152 702 1176 6131
726 1146 813 1185 apud
835 1144 953 1176 Deum.
983 1145 1037 1175 hic
1062 1146 1126 1175 dis-

137 1190 247 1222 cernit
283 1199 444 1229 personas
481 1188 613 1219 Patrem
645 1187 754 1218 Deum
780 1194 811 1218 et
847 1188 948 1226 λόγον,
985 1198 1059 1218 cum
1082 1188 1125 1218 ait

144 1233 230 1271 λόγον
251 1230 355 1262 fuisse
377 1232 464 1271 apud
485 1231 610 1265 Deum3
639 1231 699 1261 sed
720 1230 785 1260 hoc
811 1230 987 1260 discrimen
1010 1237 1127 1270 postea

144 1274 266 1306 clarius
296 1274 518 1304 ostendemus.
564 1273 692 1303 Deinde
723 1273 829 1303 addit:
863 1272 904 1303 Et
934 1273 1026 1303 Deus
1056 1279 1124 1303 erat

144 1318 292 1349 verbum.
337 1316 400 1346 Hic
430 1314 601 1346 manifeste
630 1321 772 1346 testatur
800 1316 886 1354 λόγον
909 1325 985 1345 6556
1008 1315 1126 1346 Deum.

586 122 609 152 1.
640 119 742 151 LOCI
764 117 1043 150 THEOLOGIUI:
1073 117 1111 149 C.
1135 116 1344 150 SECUNDA
1366 117 1522 148 EORUM
1544 117 1700 149 AETAS.

1142 242 1144 265 ³
1165 254 1310 294 speciem
1340 252 1408 283 ullo
1432 254 1530 283 modo
1555 253 1596 282 sit
1616 252 1797 292 probabile.

1143 378 1145 390 ³
1167 390 1242 411 esse
1267 390 1453 420 personam.

141 1359 184 1390 Et
208 1357 366 1390 articulus
385 1368 528 1399 graecus
548 1359 657 1395 docet,
681 1359 846 1398 quomodo
863 1358 946 1388 11366
965 1356 1126 1398 particula

144 1401 293 1432 construi
323 1402 452 1432 debeat.
497 1401 582 1431 Nam
611 1401 696 1440 λόγος
724 1401 801 1441 poni
829 1401 926 1431 debet
949 1399 1025 1431 loco
1049 1402 1127 1431 sub-

144 1444 237 1481 iecti,
259 1443 353 1474 Deus
376 1442 451 1473 loco
475 1443 673 1483 praedicati,
703 1449 738 1474 ut
762 1443 841 1485 λόγῳ
865 1444 1025 1474 tribuatur
1048 1442 1126 1474 defi-

144 1487 223 1517 nitio
254 1486 448 1516 deseribens
471 1486 627 1526 quidnam
656 1486 714 1523 sit,
743 1485 809 1516 1106
832 1486 948 1516 modo:
971 1486 1013 1517 Et
1043 1487 1127 1524 λόγος

145 1535 215 1560 erat
237 1528 341 1559 Deus.
385 1528 472 1559 Nam
490 1527 647 1559 articulus
669 1529 711 1559 ad
735 1529 918 1559 subiectum
937 1529 1090 1569 pertinet.

231 1571 305 1601 Hoc
327 1572 546 1602 testimonium
577 1570 793 1602 clarissimum
824 1577 882 1602 est.
928 1572 1013 1602 Nam
1043 1571 1128 1602 haec

143 1619 214 1644 tota
237 1614 382 1644 narratio
407 1612 562 1644 Iohannis
584 1615 717 1654 proprie
743 1614 784 1644 ad
806 1612 872 1644 hoc
894 1614 1041 1644 instituta
1064 1620 1126 1651 est,

142 1662 178 1688 ut
201 1656 265 1686 Dei
287 1662 438 1687 naturam
462 1656 640 1686 describat.
687 1655 797 1691 Quare
817 1657 880 1686 etsi
902 1658 935 1687 in
959 1655 1030 1687 aliis
1053 1667 1127 1687 nar-

143 1699 342 1735 rationibus,
373 1708 458 1739 quae
481 1709 548 1728 non
572 1699 613 1729 de
636 1704 752 1729 natura
774 1698 969 1739 loquuntur,
1001 1700 1061 1730 sed
1086 1700 1127 1729 de

143 1741 295 1772 humanis
319 1739 437 1771 officiis
457 1741 610 1771 divinitus
635 1742 812 1779 ordinatis,
842 1742 1004 1772 interdum
1027 1748 1128 1772 meta-

142 1784 250 1825 phora
273 1790 323 1814 est
350 1785 382 1814 in
408 1784 539 1814 nomine
563 1783 645 1821 Dei,
676 1790 725 1814 ut:
755 1783 829 1825 Ego
860 1785 926 1815 dixi
949 1784 1002 1815 Dii
1029 1786 1127 1817 estis;

143 1833 253 1857 tamen
275 1827 308 1857 in
332 1826 395 1857 hac
418 1827 608 1857 narratione
631 1826 786 1857 Iohannis
811 1837 951 1858 necesse
979 1833 1030 1858 est
1052 1838 1127 1867 pro-

142 1870 306 1909 priissime
319 1870 425 1910 accipi
438 1868 637 1899 vocabulum
654 1869 728 1899 Dei.
758 1869 873 1910 ltaque
885 1871 1126 1900 meminerimus

142 1912 208 1943 hoc
230 1913 462 1949 testimonium,
486 1912 575 1952 quod
599 1913 722 1943 diserte
745 1914 953 1953 pronuntiat,
978 1923 1062 1954 quae
1086 1913 1127 1943 sit

142 1961 259 1986 natura
282 1956 391 1991 verbi,
422 1953 565 1992 scilicet,
595 1956 684 1995 quod
710 1956 794 1994 λόγος
817 1956 857 1986 511
884 1962 999 1987 natura
1022 1956 1125 1986 Deus.

141 1997 183 2029 Et
201 1997 256 2028 vel
274 1997 357 2029 haec
375 2008 440 2028 una
459 1999 622 2028 sententia
635 1997 817 2029 clarissime
836 1998 956 2029 refutat
970 1999 1126 2036 Arianos,

143 2041 198 2081 qui
216 2051 290 2071 611111
309 2041 531 2071 60066(161·6111.
541 2042 587 2081 ¹2⁵⁴)
613 2041 697 2079 λόγον
715 2051 791 2071 6556
809 2052 998 2082 1161500301,
1017 2048 1126 2072 tamen

141 2084 320 2124 negabant,
344 2090 461 2114 natura
483 2083 591 2114 Deum
615 2094 700 2114 esse.
738 2084 782 2114 At
806 2090 982 2125 postquam
1006 2095 1125 2115 eonce-

141 2127 201 2156 das
226 2126 310 2164 λόγον
332 2136 511 2166 personam
535 2136 629 2162 esse,
658 2126 741 2157 haec
765 2129 946 2165 sententia,
974 2127 1015 2157 Et
1041 2128 1125 2166 λόγος

141 2175 211 2199 erat
230 2168 334 2205 Deus,
354 2175 472 2209 postea
490 2168 585 2199 fateri
610 2170 708 2210 cogit,
732 2170 821 2210 quod
841 2170 926 2209 λόγος
945 2171 985 2200 sit
1006 2178 1123 2200 natura

139 2211 244 2242 Deus.
274 2210 357 2241 Illud
380 2212 478 2252 igitur
500 2213 679 2252 praecipue
696 2213 794 2243 nobis
814 2212 1042 2243 illustrandum
1063 2219 1123 2249 est.

140 2255 229 2294 quod
259 2255 343 2292 λόγος
372 2256 413 2284 sit
446 2265 598 2295 persona.
643 2255 726 2285 Nam
750 2255 834 2286 haec
862 2263 911 2286 est
935 2255 1123 2297 principalis

142 2298 370 2327 controversia
394 2298 426 2328 in
450 2297 512 2328 hac
536 2308 648 2328 causa.

226 2338 350 2370 Multae
368 2346 445 2371 sunt
466 2347 601 2371 exortae
618 2340 777 2371 haereses
794 2348 909 2372 contra
922 2340 1122 2372 Trinitatem.

142 2381 208 2412 Sed
228 2383 389 2423 quaedam
409 2383 492 2413 adeo
512 2390 718 2414 monstrosae
737 2390 824 2419 sunt,
844 2392 877 2414 ut
892 2383 1124 2414 Valentiniana

142 2511 203 2538 24³)
224 2510 282 2540 fuit]
302 2511 361 2541 01111.
382 2512 463 2535 male:
483 2518 532 2536 non
552 2512 606 2536 fuit.

142 2562 186 2586 25]
214 2562 393 2591 concederent]
414 2562 455 2586 Ed.
481 2563 516 2587 tl.
537 2565 561 2586 et
581 2563 639 2592 01111.
659 2568 746 2587 errore
767 2566 878 2593 typogr.:
898 2565 1043 2590 conderent.

2083 118 2146 150 358

1166 217 1197 242 et
1217 209 1363 241 delirium
1382 210 1662 247 Manichaeorum,
1685 217 1719 241 ut
1737 210 1818 241 nihil
1831 210 1980 247 afferant,
2004 212 2092 251 quod
2114 212 2146 242 in

1843 253 1958 293 ltaque
1982 252 2078 284 facile
2100 255 2146 285 iu-

1167 296 1267 326 dicari
1296 302 1327 326 et
1356 295 1528 335 revelliw)
1560 302 1710 336 possunt.
1757 295 1823 326 Sed
1847 294 1970 326 Paulus
1994 297 2146 327 Samosa-

1166 339 1268 368 tensis
1293 337 1504 368 callidissime
1535 344 1565 368 et
1592 337 1764 368 vaferrime
1787 339 1953 369 contendit
1976 339 2059 377 λόγον
2082 349 2147 369 000

1499 381 1566 411 Sed
1589 381 1673 411 sicut
1698 381 1730 410 in
1757 380 1887 411 homine
1910 381 2065 422 cogitatio
2089 381 2146 412 ho-

1166 423 1260 453 minis
1280 429 1335 454 aut
1358 432 1466 453 sermo
1486 433 1551 453 non
1576 430 1625 452 est
1645 433 1799 463 persona,
1823 424 1881 453 sed
1904 424 2065 464 quaedam
2088 424 2147 454 110-

1168 466 1260 495 minis
1290 464 1430 505 qualitas
1461 470 1516 495 aut
1548 472 1654 495 motus
1685 467 1866 496 transiens:
1903 468 1947 496 ita
1979 467 2147 497 contendit

1168 509 1200 538 in
1222 507 1296 538 Deo
1321 508 1406 545 λόγον
1429 517 1495 538 11011
1519 518 1594 538 esse
1617 518 1805 547 personam,
1828 509 1887 539 sed
1910 515 2034 539 tantum
2059 509 2147 549 cogi-

1167 551 1324 580 tationem
1342 549 1462 586 Patris,
1486 560 1570 590 quae
1594 551 1635 580 sit
1659 551 1731 589 ipse
1754 550 1862 581 Pater.
1898 550 1989 581 Sicut
2013 552 2148 582 dicimus

1167 599 1310 622 mentem
1342 598 1397 621 aut
1430 593 1606 622 bonitatem
1632 592 1738 622 Patris
1768 603 1843 624 esse
1870 594 1977 634 ipsum
2007 593 2147 624 Patrem.

1169 635 1236 665 Aut
1266 635 1293 664 si
1331 644 1440 664 sermo
1473 633 1599 665 vocalis
1634 633 1851 675 intelligatur,
1889 637 2148 676 disputavitab-

1169 677 1270 708 surde
1302 687 1362 716 pro
1399 686 1480 707 voce
1513 687 1553 707 ac
1588 683 1677 707 motu
1711 678 1814 713 aeris,
1854 686 1909 709 aut
1945 680 2148 719 cogitatione

1170 719 1242 750 aliis
1272 717 1438 756 revelata,
1472 718 1611 760 intelligi
1644 720 1861 751 substantiam
1891 731 1930 751 ac
1960 732 2147 761 personam.

1168 762 1292 793 Postea
1310 761 1486 792 Iohannem
1516 763 1557 792 ad
1588 762 1673 793 hanc
1696 763 1999 802 interpretationem
2020 774 2149 794 accom-

1170 805 1290 835 modat.
1336 804 1423 835 Dicit
1447 805 1537 835 initio
1562 803 1664 835 fuisse
1689 806 1843 843 verbum,
1872 805 1938 836 hoc
1962 812 2030 844 est,
2061 807 2149 847 cogi-

1170 849 1326 878 tationem
1362 857 1421 878 seu
1450 849 1656 888 propositum
1686 847 1750 878 Dei
1781 850 2026 886 constituentis,
2060 850 2149 889 quod

1170 889 1248 921 velit
1283 900 1320 920 se
1352 890 1541 930 patefacere
1571 901 1628 930 per
1659 891 1879 921 conditionem
1909 898 2149 927 creaturarum3

1169 934 1246 963 item
1269 934 1357 973 quod
1388 931 1465 964 velit
1494 943 1531 963 56
1556 932 1705 964 revelare
1733 933 1765 963 10
1789 932 1940 971 Christo,
1976 940 2010 964 ut
2043 935 2076 965 in
2110 944 2149 965 eo

1169 977 1367 1013 innoteseat,
1391 982 1420 1006 et
1444 986 1503 1016 per
1526 986 1599 1006 eum
1622 975 1727 1006 salvet
1750 974 1909 1007 homines.
1944 977 2036 1008 Hanc
2061 978 2149 1017 cogi-

1169 1019 1324 1048 tationem
1355 1019 1430 1049 dicit
1465 1017 1568 1048 fuisse
1604 1019 1711 1058 ipsum
1744 1017 1860 1049 Deum.
1916 1019 1958 1049 Et
1992 1019 2055 1049 hac
2088 1019 2148 1049 Dei

1171 1061 1382 1101 cogitatione,
1404 1060 1469 1090 hoc
1487 1062 1658 1101 proposito
1678 1062 1750 1091 dicit
1777 1062 1884 1091 Omnia
1909 1063 2038 1092 condita
2063 1072 2148 1092 esse.

1170 1102 1262 1133 Sicut
1292 1104 1325 1134 in
1356 1104 1489 1133 (1160651-
1507 1104 1550 1141 ll,
1568 1103 1613 1141 3.]
1644 1104 1803 1144 scriptum
1831 1110 1897 1134 est:
1932 1104 2022 1135 Dtxit
2046 1104 2149 1141 Deus,

1168 1145 1226 1176 fiat
1248 1144 1304 1175 lux
1329 1152 1390 1176 etc.
1436 1146 1515 1177 Item
1538 1154 1654 1186 postea
1681 1156 1764 1177 voce
1788 1148 1895 1176 onmia
1918 1146 2010 1178 Deus
2035 1148 2149 1188 gessit,

1169 1187 1309 1228 loquens
1336 1189 1377 1218 ad
1400 1195 1512 1228 patres
1535 1189 1661 1226 Adam,
1684 1189 1772 1219 Noe.
1796 1189 1981 1227 Abraham,
2005 1191 2047 1220 ad
2070 1190 2150 1220 Pro-

1169 1231 1287 1271 phetas
1312 1231 1414 1261 edens
1438 1233 1578 1262 subinde
1602 1233 1858 1271 promissiones,
1890 1233 1995 1262 donec
2019 1233 2149 1263 tandem

1171 1272 1329 1304 revelavit
1353 1284 1391 1304 se
1414 1273 1508 1304 Deus
1532 1276 1563 1305 in
1588 1274 1733 1305 Christo.
1773 1274 1819 1306 lbi
1842 1276 1978 1305 verbum
2001 1275 2036 1306 fit
2061 1285 2150 1312 caro,

1169 1317 1201 1347 id
1231 1322 1299 1353 est,
1335 1318 1541 1357 propositum
1570 1316 1650 1348 illud
1676 1318 1716 1347 de
1746 1328 1784 1348 se
1818 1316 1995 1348 revelando
2028 1319 2062 1348 in
2094 1316 2150 1348 illo

1170 1358 1322 1397 Christo,
1353 1369 1415 1390 seu
1441 1361 1616 1400 promissio
1648 1361 1688 1390 de
1718 1359 1849 1391 Christo
1880 1361 1943 1391 iam
1972 1360 2152 1400 perficitur,

1170 1402 1203 1432 fit
1234 1412 1331 1440 6310,
1361 1403 1394 1432 in
1424 1413 1488 1443 qua
1516 1413 1553 1433 se
1580 1403 1674 1434 Deus
1704 1402 1808 1433 voluit
1832 1402 1994 1434 revelare.
2038 1403 2081 1433 Et
2108 1404 2153 1433 ait

1170 1444 1348 1475 Iohannem
1372 1446 1415 1475 ita
1438 1446 1555 1483 ordiri,
1584 1452 1619 1476 ut
1649 1446 1815 1483 ostendat,
1845 1445 2064 1487 Evangelium
2086 1456 2151 1476 11011

1169 1497 1247 1518 6556
1274 1487 1452 1518 humanum
1475 1489 1658 1526 inventum,
1693 1489 1753 1520 sed
1776 1494 1970 1529 perpetuum
1992 1488 2054 1519 Dei
2078 1499 2153 1529 pro-

1170 1530 1313 1569 positum
1336 1529 1457 1569 fuisse,
1482 1530 1568 1562 1111116
1593 1531 1709 1569 filium,
1733 1532 1766 1561 in
1789 1542 1853 1572 quo
1872 1532 2097 1562 innotesceret
2122 1537 2151 1561 et

1170 1583 1229 1612 per
1253 1583 1348 1614 quem
1372 1572 1516 1604 salvaret
1539 1574 1700 1612 homines,
1724 1574 1882 1605 exhibere
1904 1575 2042 1611 mundo;
2065 1574 2154 1605 ideo-

1171 1625 1235 1655 que
1253 1617 1491 1655 promissiones
1511 1616 1617 1647 factas
1638 1627 1725 1655 esse,
1747 1624 1778 1648 et
1798 1628 1913 1648 omnes
1933 1616 2152 1650 revelationes

1170 1658 1278 1689 l'actas
1292 1668 1378 1696 esse,
1392 1665 1426 1690 ut
1435 1666 1546 1690 essent
1559 1661 1746 1690 testimonia
1759 1661 1799 1690 de
1812 1661 1876 1691 isto
1889 1660 1998 1693 futuro
2007 1662 2151 1695 Christo.

1259 1700 1348 1731 Haec
1379 1708 1429 1731 est
1453 1701 1660 1733 Samosateni
1690 1704 1932 1743 interpretatio,
1967 1716 2051 1746 quae
2075 1709 2150 1749 quia

1171 1742 1285 1773 alludit
1309 1744 1350 1774 ad
1374 1743 1550 1776 humanum
1569 1745 1766 1786 exemplum,
1791 1747 1895 1786 impiis
1915 1755 2051 1789 propter
2076 1761 2152 1781 con—

1172 1787 1358 1817 cinnitatem
1397 1785 1571 1818 blanditur.
1629 1788 1701 1819 Hoc
1741 1788 1929 1829 diligentius
1966 1791 2153 1834 colligenda

1171 1835 1246 1859 sunt
1272 1830 1365 1859 tit-ma
1389 1830 1586 1868 testimonia.
1611 1837 1643 1861 61.
1666 1833 1718 1871 1110
1739 1832 1846 1863 studio
1866 1834 2059 1866 muniendae
2075 1842 2151 1867 sunt

1170 1879 1295 1902 mentes
1327 1880 1440 1903 contra
1470 1873 1555 1904 hanc
1586 1873 1836 1905 cavillationem.

1458 1977 1635 2002 TEsanxu
1654 1984 1719 2008 quae
1738 1980 1867 2003 testantur

1387 2020 1410 2043 in
1431 2020 1528 2045 t'hristo
1548 2027 1606 2044 6556
1627 2021 1735 2045 divinam
1756 2021 1931 2050 natamus-'n

1258 2085 1446 2117 Recitemus
1459 2088 1556 2128 igitur
1570 2089 1764 2125 testimonia,
1778 2099 1862 2129 quae
1875 2091 2052 2122 ostendunt
2066 2094 2150 2131 λόγον

1168 2138 1343 2169 personam
1359 2139 1445 2167 esse,
1467 2137 1496 2160 et
1515 2141 1594 2161 vere
1615 2132 1804 2172 significare
1821 2131 1888 2162 tale
1901 2133 2063 2172 quoddam
2077 2146 2149 2167 ver-

1170 2173 1256 2208 bum,
1276 2172 1306 2201 in
1326 2183 1390 2212 quo
1404 2172 1465 2203 Dei
1486 2173 1606 2215 imago.
1626 2184 1779 2213 persona.
1799 2184 1859 2205 seu
1877 2174 2067 2216 hypostasis
2082 2186 2148 2216 est,

1169 2225 1253 2255 quae
1283 2225 1426 2254 persona
1454 2214 1597 2256 loquitur
1625 2227 1698 2246 611111
1723 2217 1875 2248 Patribus
1907 2224 1938 2248 et
1961 2218 2148 2261 Prophetis,

1168 2256 1309 2288 Facilius
1329 2265 1380 2288 est
1398 2257 1540 2289 refutare
1558 2259 1711 2289 Arianos.
1746 2260 1829 2290 Nam
1847 2261 1874 2290 si
1896 2262 1968 2301 quis
1988 2265 2147 2294 com-edat

1169 2301 1254 2339 λόγον
1267 2311 1342 2331 6556
1376 2311 1563 2341 personam,
1588 2303 1620 2332 id
1663 2303 1728 2332 uod
1744 2301 1932 2334 fatebantur
1952 2304 2076 2344 Ariani,
2099 2307 2148 2337 Io-

1167 2342 1294 2373 hannes
1320 2351 1435 2384 postea
1458 2343 1545 2375 clare
1565 2352 1703 2375 testatur
1728 2345 1812 2383 iriyov
1832 2356 1906 2375 esse
1924 2346 2040 2378 Deum.
2081 2350 2147 2379 Sed

1168 2387 1307 2427 utrique,
1328 2393 1394 2417 tum
1408 2387 1519 2418 Ariani
1539 2393 1605 2418 tum
1619 2388 1837 2425 samosateni,
1857 2389 1900 2418 ita
1920 2389 2053 2422 refutari
2072 2403 2144 2432 pos.

1168 2516 1213 2543 26]
1242 2515 1340 2546 revelli]
1364 2516 1441 2545 opst:
1462 2517 1552 2540 refelli.

1168 2567 1214 2595 27)
1242 2567 1311 2591 Hanc
1328 2567 1517 2595 insol-{ntiunem
1539 2567 1635 2592 addunt
1655 2568 1696 2592 Ed.
1720 2570 1756 2592 Η.
1777 2570 1801 2592 et
1821 2569 1878 2597 opp

1948 2619 1996 2645 23⁸
