2358 2933
219 128 259 158 27
846 131 956 163 PHlL.
975 132 1077 164 MEL.
1095 132 1280 166 SCRIPTA
1298 135 1570 170 DOGMATIGA.
2167 143 2209 177 28

373 222 510 251 homines
535 227 563 252 et
588 233 643 251 vos
668 224 755 252 facite
776 224 837 252 illis
858 225 923 254 Hoc
949 230 995 254 est
1024 227 1103 256 sicut
1121 228 1261 258 volumus
1281 234 1411 259 nostram
1435 232 1524 260 vitam
1544 233 1657 261 seruari
1676 236 1707 261 et
1724 233 1853 263 salutem
1872 235 1993 264 defendi
2012 234 2055 265 lta

371 269 398 292 et
419 265 541 293 aliorum
562 267 649 294 vitum
671 270 698 294 ct
719 267 846 295 salutem
867 272 895 296 et
916 279 974 296 rem
996 268 1153 298 Tucamur.
1199 271 1336 309 Legem
1357 273 1398 301 de
1418 274 1605 311 gignendo
1626 278 1655 303 et
1673 276 1880 313 coniungendo
1894 279 2053 317 connubijs

370 309 519 345 expressit
547 309 691 345 scriptura
717 319 782 337 cum
807 310 877 337 dicit
897 310 987 347 [Gen.
1010 310 1036 345 l,
1059 314 1107 340 22.
1127 312 1197 341 alh:
1218 313 1355 344 Crescite
1382 319 1412 344 et
1436 316 1671 354 multiplicamini
1698 318 1759 346 Sed
1781 318 1854 347 hanc.
1878 322 2053 358 temperauit

370 348 512 378 surisnis
532 356 649 388 propter
668 351 838 380 loeditatem
859 351 993 380 libidinis
1013 355 1199 384 coniunctam
1220 357 1359 393 gignendi
1380 358 1478 386 oflicio
1493 361 1522 396 ¹).

456 392 479 420 L
490 394 548 429 egi
559 394 603 420 bu
614 404 629 419 s
651 393 778 421 human
791 395 822 421 is
837 402 899 422 uon·
907 400 1036 432 possunt
1050 397 1151 434 colligi
1167 398 1252 436 leges
1267 403 1386 428 naturae
1400 401 1457 428 imo
1468 402 1494 439 2)
1511 400 1597 439 leges
1620 401 1769 430 hominum
1784 401 1911 441 Oportet
1929 404 1970 432 ita
1986 414 2051 433 con-

368 435 479 462 sentire
498 445 562 462 cum
585 435 702 471 legibus
724 440 843 464 naturae
862 441 893 466 ut
913 438 940 465 si
961 439 1031 476 quid
1051 440 1087 468 ali
1108 441 1147 478 ijs
1172 441 1324 470 diuersum
1345 446 1491 472 statuatur
1508 444 1588 482 legis
1607 446 1665 473 vim
1686 444 1795 474 habere
1815 455 1872 474 nou
1885 446 1993 475 debeat
2004 446 2051 475 De

367 487 425 512 quo
446 481 551 514 postca
573 477 599 504 in
621 477 740 513 legibus
762 478 910 508 humanis.

519 536 531 548 ⁸
555 537 647 561 Multae
667 540 724 562 sunt
745 537 817 567 leges
836 539 932 569 positae
951 546 965 564 a
985 540 1026 565 Ro.
1046 547 1109 571 quae
1128 544 1187 566 sunt
1212 545 1297 568 contra
1323 543 1406 573 legem
1425 546 1532 569 naturae
1553 548 1579 570 ut.
1598 546 1654 571 ocia
1673 547 1834 572 sacerdotum
1855 548 1894 578 qui
1913 550 2052 578 pascuntur

569 571 654 595 labore
675 574 698 596 et
718 573 840 602 sanguine
860 574 952 603 populi.
1637 591 1639 593 ·

980 632 1052 661 ¹0«-
1072 634 1217 663 diuinis
1240 635 1422 672 Legibus
2095 656 2166 683 11‚b.

449 685 623 716 Primum.
669 689 799 717 Diuinae
819 689 905 727 leges
927 695 997 719 sunt
1017 693 1157 730 quicquid
1178 694 1346 723 mandatum
1367 698 1424 729 est,
1446 697 1602 734 scripturis
1621 698 1785 726 canonicis.

517 746 527 757 ⁸
547 749 599 773 Non
619 752 657 773 est
677 755 723 778 par
740 749 865 774 autoritas
883 750 944 776 luris
963 751 1066 776 humani
1085 754 1111 777 et.
1129 753 1206 778 diuini
1224 755 1251 778 ut
1270 754 1309 778 leo
1329 755 1408 783 garrit
1426 755 1449 779 in
1469 756 1578 785 quodam
1598 761 1704 781 canone.

447 797 675 827 Secundum.
722 798 842 837 Operae
861 801 987 838 pretium
1008 801 1116 830 feceris
1137 802 1169 830 Si
1197 812 1214 831 a
1232 803 1376 842 principio
1403 804 1562 834 bibliorum
1580 804 1668 844 leges
1689 810 1794 836 omnes
1815 808 1842 836 in
1862 818 1951 837 vnum
1970 818 2047 837 acer-

361 849 429 867 uum
450 842 645 877 congesseris
665 845 694 870 et
713 843 904 872 annotaueris

446 904 476 927 ut
497 900 572 928 Gen.
598 903 621 928 1.
644 903 702 936 ivs,
725 903 773 929 22.
794 901 877 938 alia]
897 900 1033 930 Crescite
1054 906 1083 931 et
1102 903 1340 942 multiplicamini

445 942 520 970 Gen.
544 944 583 970 2⁰.
605 945 662 979 [vsu
690 945 734 972 17.
747 946 767 980 :1
786 943 834 971 De
854 944 934 981 ligno
955 946 1100 974 scientiae
1120 946 1188 974 boni
1209 950 1238 974 et
1256 946 1325 974 mali
1346 957 1383 975 ne
1402 947 1536 975 comede.

444 984 520 1013 Gen.
543 985 583 1013 3⁰.
606 988 663 1022 [vs.
688 988 765 1023 ΠΜ]
785 984 816 1014 ln
836 987 948 1015 sudore
967 987 1068 1016 voltus
1088 989 1130 1016 tui
1149 999 1274 1017 vescere
1294 999 1370 1027 pane
1389 993 1451 1018 tuo.

445 1027 520 1056 Gen.
543 1029 571 1055 4-
593 1030 652 1065 [vs.
675 1030 733 1065 Ta}
753 1029 818 1057 Sub
837 1033 867 1058 te
887 1030 927 1058 sit
946 1031 1098 1068 appetitus
1118 1031 1223 1065 eiusss)
1244 1034 1274 1060 et
1293 1032 1495 1062 dominaberis
1506 1033 1534 1068 ⁴)
1555 1033 1592 1060 ei.

444 1069 514 1099 ltem
536 1072 594 1107 [vs.
619 1073 698 1108 15.:]
717 1070 826 1099 Omnis
847 1072 897 1109 qui
917 1073 1058 1101 occiderit
1078 1071 1151 1101 Cain
1164 1075 1191 1107 ⁵)
1211 1073 1390 1112 Septuplum
1410 1076 1557 1112 punietur.

442 1112 494 1141 Sic
513 1113 658 1151 deinceps
678 1112 750 1141 vtile
770 1113 858 1143 suerit
902 1113 976 1144 Item
995 1115 1083 1152 leges
1104 1116 1240 1153 digerere
1261 1117 1289 1144 in
1309 1116 1395 1145 locos
1415 1127 1600 1146 comumnes.

1176 1156 1402 1188 Cereinoniales

441 1197 607 1226 Tertium
637 1197 724 1236 leges
751 1198 870 1226 diuinae
894 1198 1028 1237 triplices
1054 1205 1125 1228 sunt
1174 1199 1330 1230 Iuditiales

1173 1242 1318 1272 Morales.

442 1282 733 1312 Ceremoniales
754 1292 830 1320 quae
849 1285 1034 1322 praecipiunt
1053 1285 1090 1314 de
1110 1287 1290 1324 ceremonijs
1310 1295 1343 1314 ac
1363 1287 1469 1315 ritibus
1489 1286 1710 1315 sacrificiorum.

441 1325 652 1355 iudiciales
673 1336 750 1363 quae
769 1326 955 1364 praecipiunt
974 1327 1011 1355 de
1031 1328 1093 1356 iure
1113 1327 1240 1356 dicendo
1261 1332 1290 1357 et
1308 1328 1478 1357 iudicando.

440 1368 610 1397 Morales
631 1379 708 1406 quae
728 1368 765 1397 de
785 1369 994 1398 communibus
1013 1369 1164 1398 homiuum
1184 1371 1317 1399 moribus
1338 1374 1444 1399 cauent
1459 1373 1494 1407 ὅ).
1515 1371 1592 1399 Sunt
1604 1374 1703 1400 autem
1716 1371 1846 1400 morales
1866 1371 1953 1410 leges
1969 1382 2045 1401 com-

358 1411 526 1450 prehensae
546 1410 691 1449 decalogo
712 1411 749 1439 de
769 1410 921 1449 diligendo
937 1431 939 1433 -
956 1412 1044 1440 deum
1064 1416 1092 1440 et
1112 1412 1287 1450 proximum.
2089 1426 2127 1455 12,
2141 1431 2165 1450 a,

509 1471 520 1482 ⁸
544 1472 652 1496 Morales
670 1471 743 1500 leges
762 1471 907 1501 spirituales
925 1474 985 1497 sunt
1003 1474 1029 1496 et
1047 1472 1167 1496 affectum
1187 1473 1292 1502 exigunt
1334 1473 1385 1497 Hoc
1409 1473 1475 1497 enim
1495 1479 1545 1497 non
1564 1473 1720 1503 impossibile
1747 1475 1786 1498 est
1804 1474 1898 1498 homini
1911 1480 1962 1499 non
1976 1479 2045 1499 scor-

558 1508 612 1530 tare
636 1506 661 1530 in
688 1505 800 1535 speciem
825 1510 876 1530 non
901 1506 1015 1531 occidere
1042 1512 1092 1531 non
1117 1507 1270 1531 maledicere
1290 1506 1341 1531 Sed
1365 1507 1522 1536 impossibile
1547 1509 1588 1532 est
1612 1507 1635 1531 ei
1653 1507 1717 1532 haec
1734 1509 1855 1538 consequi
1874 1509 1899 1532 et
1918 1509 2045 1538 complere

559 1540 700 1564 affectibus.

510 1589 521 1600 ⁸
546 1590 627 1620 Leges
646 1591 774 1615 humanae
794 1590 854 1614 nihil
873 1590 967 1614 habent
987 1591 1132 1620 praecipere
1152 1590 1285 1615 affectibus
1304 1590 1410 1616 internis
1430 1597 1485 1616 cum
1506 1591 1591 1616 nuilus
1611 1592 1650 1615 est
1669 1597 1771 1622 compos
1791 1591 1937 1616 affectuum.

440 1639 478 1669 ln
498 1640 711 1669 moralibus
731 1640 892 1678 legibus
911 1644 1047 1668 accurate
1073 1641 1119 1668 vis
1146 1640 1247 1678 legum
1275 1641 1446 1669 meditanda
1470 1644 1519 1668 est
1545 1644 1576 1668 ut
1602 1640 1755 1678 spiritales
1783 1641 1844 1669 sint.
1861 1640 1927 1669 Hoc
1947 1644 1995 1670 est
2013 1645 2045 1670 ut

354 1683 480 1712 affectus
500 1683 619 1721 exigant
637 1682 713 1711 Nam
734 1693 800 1710 cum
820 1683 998 1721 praecipitur
1023 1682 1090 1711 Non
1117 1693 1189 1710 esse
1216 1682 1373 1710 habendos
1400 1683 1476 1711 deos
1503 1682 1620 1711 alienos
1644 1683 1823 1721 praecipitur
1846 1693 1934 1711 vnum
1955 1683 2044 1725 deum

353 1736 387 1754 ac
407 1725 506 1754 solum
525 1725 794 1753 vehementissime
814 1725 969 1753 amandum
990 1735 1063 1753 esse
1083 1724 1148 1753 Soli
1170 1724 1227 1753 deo
1248 1725 1456 1753 confidendum
1476 1722 1506 1753 In
1526 1735 1615 1753 vnum
1637 1725 1724 1753 deum
1745 1735 1862 1753 omnem
1888 1735 1974 1763 spem
1994 1736 2043 1754 no-

354 1772 443 1797 stram
463 1767 640 1806 ponendam.

507 1828 518 1838 ⁸
540 1829 616 1852 Amor
633 1827 712 1852 nostri
731 1832 781 1851 non
801 1827 874 1851 facile
894 1826 1063 1851 eradicandus
1083 1827 1131 1850 est.
1632 1860 1636 1864 η
1655 1859 1659 1864 .
1681 1859 1686 1863 ¹
1813 1859 1818 1863 ι
1888 1859 1893 1864 .
1969 1860 1973 1865 .
1995 1860 2000 1865 .

556 1862 595 1886 Sic
620 1867 676 1885 cum
704 1861 856 1891 praecipitur
873 1861 927 1886 Non
953 1866 1010 1885 esse
1036 1859 1203 1884 occidendum
1222 1859 1275 1884 Non
1294 1860 1392 1884 tantum
1412 1861 1544 1884 externum
1570 1859 1732 1884 homicidlum
1751 1859 1868 1884 manibus
1886 1860 2044 1885 mterciditur

558 1895 608 1920 Sed
627 1895 734 1919 affectus
753 1895 788 1920 Ne
808 1895 948 1919 irascamur
966 1895 1001 1919 Ne
1021 1894 1184 1918 criminemur
1202 1894 1238 1918 Ne
1257 1893 1443 1917 calumniemur
1462 1894 1495 1918 Ne
1516 1893 1572 1917 odio
1592 1899 1743 1923 quemquam
1763 1899 1956 1923 persequamur.

506 1945 516 1957 ⁸
543 1947 592 1971 Nos
612 1952 701 1970 sumus
729 1951 831 1975 semper
854 1947 1000 1974 peccatores
1027 1944 1073 1968 sed
1097 1950 1148 1968 non
1167 1944 1307 1973 imputatur
1329 1944 1402 1968 nobis
1422 1945 1525 1973 propter
1542 1943 1668 1982 fidem'in
1688 1943 1812 1982 Christum
1832 1944 1922 1982 etyhoc
1941 1946 1980 1983 est
1999 1945 2043 1983 be-

558 1979 674 2004 neficium
695 1979 792 2004 Christi.
831 1979 875 2008 Qui
901 1984 951 2003 non
975 1979 1052 2003 habet
1075 1979 1182 2007 gratiam
1203 1978 1294 2002 Christi
1318 1977 1363 2002 Ilie
1388 1983 1438 2002 non
1457 1978 1541 2007 potest
1559 1977 1653 2008 aliquid
1672 1978 1724 2007 leg1
1742 1977 1828 2002 facere
1848 1978 1906 2003 hcet
1924 1978 2000 2003 faciet
2018 1985 2042 2003 m

558 2014 668 2043 speciem
688 2013 733 2037 sed
752 2013 918 2037 renuentibus
928 2012 950 2043 ⁷)
970 2013 1112 2037 affectibus.

959 2070 1147 2109 ¹Delegis
1168 2070 1438 2108 abrogatione.
2084 2081 2161 2112 12‚b.

437 2135 621 2173 Frequenter
645 2132 747 2161 lactari
768 2132 849 2160 solet
867 2131 976 2169 legem,
997 2131 1178 2168 antiquatam
1199 2139 1272 2157 esse
1291 2129 1420 2157 aduentu
1442 2127 1556 2157 Christi
1575 2132 1605 2157 et
1624 2129 1782 2167 abrogatas
1802 2138 1875 2157 esse
1902 2127 2040 2157 Ceremo-

353 2179 449 2208 niales
470 2179 539 2206 item
559 2175 719 2205 Iudiciales
744 2174 842 2213 leges.
888 2174 971 2201 Satis
999 2175 1117 2201 constat
1140 2175 1169 2200 et
1193 2174 1318 2200 testatur
1345 2171 1476 2209 epistola
1501 2171 1538 2199 ad
1557 2170 1634 2199 Heb.
1660 2173 1738 2209 [cap.
1761 2174 1788 2200 9.
1809 2181 1855 2200 vs.
1884 2173 1964 2209 10.:]
2009 2170 2040 2200 In

352 2222 445 2260 varijs
464 2220 696 2259 baptismatibus
716 2221 746 2246 et
764 2217 896 2256 iusticijs
909 2217 1005 2244 carnis
1019 2226 1115 2253 vsque
1128 2214 1165 2243 ad
1183 2218 1303 2252 tempus
1323 2214 1514 2242 correctionis
1540 2214 1691 2252 impositis
1711 2217 1767 2242 etc.
1832 2213 1922 2248 Quod
1941 2214 1981 2242 ait
2004 2213 2042 2242 ad

352 2268 472 2302 tempus
492 2262 683 2291 correctionis
703 2260 852 2298 significat
870 2269 927 2287 non
947 2258 1045 2287 fuisse
1063 2261 1224 2297 perpetuas
1243 2257 1429 2285 ceremonias
1446 2255 1516 2285 Item
1537 2266 1602 2284 cum
1618 2256 1695 2284 solis
1716 2256 1832 2284 iudaeis
1853 2265 1888 2284 ea
1909 2255 1958 2284 lex
1973 2256 2042 2284 data

354 2308 394 2336 sit
420 2306 536 2334 Gentes
557 2305 668 2332 onerari
689 2313 745 2331 non
771 2303 882 2331 debent
899 2301 948 2329 vel
968 2302 1133 2330 debuerunt
1151 2300 1331 2338 ceremonijs
1351 2302 1400 2327 aut
1425 2297 1630 2327 ludicialihus.
1677 2296 1816 2326 Ceterum
1835 2297 1980 2326 Moralem
1999 2297 2039 2325 le-

353 2359 420 2388 gem
441 2358 497 2377 seu
524 2347 699 2384 decalogum
719 2345 859 2383 gentibus
879 2344 928 2373 lex
948 2348 1067 2373 naturae
1085 2343 1261 2382 praescribit
1280 2342 1317 2369 (le
1337 2340 1489 2378 diligendo
1509 2341 1565 2369 deo
1586 2344 1615 2369 et
1634 2342 1777 2379 proximo.
1804 2340 1883 2378 Ergo
1904 2341 1930 2368 in
1952 2350 2039 2378 quae-

209 2433 2192 2450 w

1036 2480 1150 2505 CODICIS
1176 2478 1358 2504 DIVERSITAS.

426 2542 452 2571 1)
472 2541 545 2570 officy
615 2541 643 2569 2)
663 2546 719 2570 ymo
790 2540 818 2571 3)
837 2542 882 2569 tug
900 2538 934 2570 [ἵ]
1004 2539 1032 2569 4)
1053 2538 1202 2563 dominan’is
1273 2538 1302 2567 5)
1322 2537 1388 2566 Cayn
1460 2536 1487 2565 6)
1522 2534 1613 2560 Verbo
1633 2538 1724 2560 cauent
1742 2535 1977 2567 superscriptum
1996 2537 2039 2560 est

354 2579 439 2606 patent
509 2576 537 2605 7)
557 2574 693 2599 renuetib⁹
