2358 2933
110 113 175 145 985

113 207 200 237 vitae
223 213 399 242 aeternae;
433 205 527 237 Foris
549 215 630 238 vero
652 207 686 238 in
708 207 813 244 curia,
834 207 868 236 in
889 205 1034 243 iudiciis,
1057 207 1090 236 in
1110 208 1113 220 ¹

114 250 355 286 contractibuS,
390 249 424 279 in
447 249 643 289 possesione
665 247 859 280 facultatum
877 248 1031 278 utebatur
1044 250 1088 283 ²⁴)

112 291 243 332 legibus
265 290 449 332 Aegyptiis.
495 290 614 322 Daniel
643 290 782 322 similem
803 290 912 322 lucem
931 291 963 320 in
987 291 1088 321 corde

114 332 363 364 circumferebat
397 339 430 364 et
461 334 551 364 initia
579 334 665 364 vitae
688 339 860 370 aeternae,
893 338 927 363 ut
951 331 1086 373 loseph:

113 375 207 406 Foris
231 385 311 406 vero
334 376 367 406 in
390 376 493 413 curia,
516 376 549 406 in
567 376 714 413 iudiciis,
736 375 769 406 in
793 375 1032 412 contractibus.
1055 377 1086 406 in

111 418 327 458 possessione
351 419 529 455 bonorum,
557 419 589 448 in
612 419 759 459 regenda
781 416 951 458 provincia
973 418 1087 448 uteba-

110 467 163 491 tur
186 458 217 490 le
243 460 317 491 ibus
341 461 435 502 regni
457 459 664 502 Babylonici.
726 466 727 469 ’

197 502 210 531 1
236 503 280 532 ud
315 504 494 543 tantum²·‘¹)
529 503 745 543 spectandum
774 507 825 532 est
846 502 878 532 in
901 500 1030 543 legibus
1055 509 1086 533 et

135 544 246 581 olidis,
268 554 310 575 ne
333 551 480 586 pugnent
503 554 575 575 eum
597 544 672 585 lege
694 550 844 582 naturae,
867 545 938 582 sed,
956 550 990 575 ut
1005 544 1087 575 Pau-

110 556 163 618 pus
198 587 316 628 inquit,
351 588 416 618 sint
448 586 567 617 honori
600 587 688 617 bono
713 587 804 627 operi
828 593 859 617 et
882 587 946 618 sint
969 588 1087 617 terrori

109 628 197 660 malo
221 630 322 669 opem·-
368 629 515 667 Deinde,
551 630 678 660 etiamsi
700 628 826 660 formae
848 628 975 671 legum,
1009 630 1088 660 iudi-

111 672 251 709 ciorum,
287 682 468 712 poenarum
502 671 629 712 aliquas
652 671 774 703 habent
798 671 1088 709 dissimilitudines,

111 720 146 745 ut
169 713 253 745 aliae
278 721 352 744 sunt
377 713 470 755 leges
494 714 697 751 Feudorum,
730 720 765 745 ut
788 720 927 752 vocant,
953 714 1103 745 Germa-,

110 757 217 794 nicae,
240 755 325 787 aliae
349 755 515 793 Gallicam
550 763 659 787 tamen
683 758 734 787 sui
757 758 897 798 quisque
920 755 984 787 loci
1008 756 1088 798 legi-

111 800 173 830 bus
207 799 420 839 obtemperet.
465 800 517 830 Ac
548 798 778 830 dissimilitudo
811 797 867 829 illa
890 798 991 829 nihilo
1014 799 1088 840 plus

110 842 254 882 pertinet
289 842 331 871 ad
364 842 520 872 iustitiam
553 841 742 884 Evangelii,
789 852 886 883 quam
920 841 1089 872 dissimilia

109 884 217 924 spatia
251 884 373 914 dierum
406 894 447 914 ac
479 885 634 915 noctium.
690 884 794 915 Paulo
828 885 859 914 in
894 884 1111 915 Macedonia'

110 925 242 968 longior
275 932 327 957 est
358 927 432 957 dies
467 925 666 967 solstitialiS‚
702 937 799 967 quain
823 926 954 957 Christo
985 927 1016 957 in
1040 927 1088 957 lu-

109 969 203 999 daea.
237 968 327 999 Haec
351 967 578 999 dissimilitudo
606 968 687 999 nihil
709 970 848 1009 pertinet
870 970 910 999 ad
934 970 1088 1000 iustitiam

109 1012 142 1041 in
165 1011 267 1041 corde
291 1011 470 1052 utriusque.
516 1011 584 1042 Sed
607 1011 783 1049 Diabolus,
806 1019 840 1042 ut
865 1010 968 1042 oculis
989 1018 1088 1052 atque

109 1054 225 1084 animis
248 1052 415 1084 hominum
439 1055 594 1084 tenebras
618 1054 774 1089 offundat,
796 1064 838 1084 ne
857 1064 968 1084 veram
981 1054 1088 1085 Evan-
1109 1058 1111 1072 ³

111 1095 186 1138 gelii
220 1095 328 1126 lucem
364 1097 405 1126 de
438 1096 502 1127 fide
526 1103 557 1126 et
580 1097 747 1137 agnitione
771 1096 891 1127 Christi
915 1097 1087 1137 aspiciant,

111 1144 317 1168 monstrosas
363 1137 439 1169 illas
480 1139 650 1179 opiniones
696 1140 736 1169 de
771 1140 945 1169 barbarica
978 1138 1091 1179 politia

112 1181 256 1222 spargit,
279 1180 372 1221 fingit
395 1191 549 1222 magnam
571 1182 723 1212 virtutem
748 1191 841 1219 esse,
875 1191 942 1211 non
966 1180 1090 1211 habere

110 1224 296 1264 proprium,
330 1223 444 1264 fugere
467 1224 604 1260 iudicia,
639 1223 752 1254 civiles
776 1222 981 1261 functiones,
1007 1233 1092 1263 quae

111 1259 219 1296 tamen
244 1271 276 1295 et
297 1265 511 1295 necessariae
535 1272 611 1295 sunt
635 1267 750 1306 generi
772 1265 914 1295 humano
934 1271 965 1295 et
983 1276 1002 1296 a
1017 1265 1110 1295 Deo&¹

110 1308 290 1344 ordinatae,
313 1312 348 1338 ut
372 1308 405 1337 in
428 1307 475 1337 eis
499 1306 688 1347 luceant—¹⁵)
724 1313 837 1338 nostra
860 1307 969 1345 Fides,
993 1308 1088 1338 Invo-

105 1350 196 1381 catio
221 1355 252 1380 et
276 1348 463 1386 confessio,
493 1355 525 1379 et
546 1356 581 1380 ut
604 1351 669 1380 sint
691 1351 849 1381 exercitia
872 1351 1088 1381 obedientiae.

110 1402 208 1433 quam
241 1390 295 1422 lex
317 1390 380 1422 Dei
408 1391 571 1432 postulat,
605 1398 637 1423 et
660 1399 792 1424 mutuae
816 1392 1019 1430 dilectionis,
1055 1400 1088 1423 ut

109 1444 187 1465 mox
210 1435 325 1464 dicam.

197 1476 308 1511 Quare
332 1477 364 1506 in
387 1476 516 1517 templis
543 1483 573 1507 et
597 1476 722 1508 scholis
746 1477 919 1518 diligenter
941 1478 1089 1508 erudien—

111 1520 142 1549 di
177 1525 252 1549 sunt
284 1518 433 1549 homines
458 1520 499 1550 de
519 1519 675 1560 dignitate
698 1530 806 1550 rerum
830 1519 1034 1560 politicarum
1059 1526 1088 1550 et

109 1562 358 1602 praemuniendi
381 1562 542 1592 adversus
566 1561 641 1592 illos
664 1562 856 1599 Marcionis,
879 1562 1089 1593 Manichaeo—

111 1615 182 1635 rum
216 1610 250 1634 et.
272 1603 565 1644 Anabaptistarum
599 1603 740 1635 furores.
786 1605 864 1636 Scio
899 1606 998 1636 rudes
1021 1616 1088 1635 mo-

111 1647 179 1677 veri
214 1645 476 1677 deformitatibus
511 1653 542 1677 et
577 1646 826 1678 confusionibus
857 1647 967 1678 multis
990 1648 1090 1688 impe-

110 1689 243 1726 riorum,
266 1688 426 1725 aularum,
450 1690 653 1720 iudiciorum.
690 1690 859 1731 Principes
883 1691 967 1720 0111111
990 1689 1090 1721 multa

111 1732 143 1761 in
167 1732 405 1772 gubernatione
427 1731 613 1772 negligunt,
646 1732 822 1764 inultorum
846 1732 966 1763 delicta
988 1739 1019 1763 et
1043 1733 1089 1763 in-

111 1774 211 1804 iurias
235 1784 300 1804 non
324 1774 446 1811 vident,
480 1773 601 1804 multae
631 1781 706 1805 sunt
730 1776 762 1805 in
785 1776 911 1806 iudiciis
935 1776 1090 1816 impostu—

110 1826 168 1846 rae
201 1823 233 1846 et
268 1815 460 1853 calumniae,
494 1816 595 1847 multa
620 1824 747 1853 errata,
781 1828 921 1859 magnae
950 1819 991 1848 111-
1006 1817 1089 1848 aulis

111 1859 317 1895 ambitiones,
338 1860 534 1899 rapacitates
560 1865 590 1889 et
614 1858 697 1890 aliae
720 1866 844 1900 pestes,
867 1860 989 1891 inultae
1001 1859 1089 1891 frau-

111 1901 171 1931 des
194 1902 227 1931 in
250 1902 488 1932 contractibus.
522 1902 606 1931 Nam
629 1903 662 1932 in
685 1902 748 1932 hac
771 1902 953 1933 infirmitate
976 1903 1088 1933 huma·
1110 1922 1111 1930 1

110 1953 172 1974 nae
206 1949 342 1974 naturae
376 1949 408 1973 et
442 1944 472 1973 in
504 1945 602 1973 tantis
626 1944 793 1975 fiiroribus
816 1944 948 1975 Diaboli
971 1955 1088 1976 accen-

111 1986 217 2016 dentis
240 1996 360 2026 pravas
386 1986 581 2025 cupiditates
605 1987 635 2016 in
660 1985 770 2017 multis
789 1987 1006 2027 Principibus,
1031 1999 1088 2029 gu·
1110 2000 1111 2011 1

110 2028 358 2065 bernatoribuS,
393 2029 574 2066 iudicibus,
608 2029 764 2059 ministris
800 2038 832 2061 et
864 2031 999 2070 privatis
1023 2041 1087 2060 non

110 2070 225 2101 mirum
254 2076 306 2101 est
335 2070 457 2102 multas
480 2072 590 2101 tristes
616 2070 829 2103 confusiones
853 2075 903 2102 καὶ
926 2072 1089 2103 ἀκαταστα-

111 2117 178 2147 σίας
206 2113 369 2145 accidere.
415 2113 485 2144 Hae
509 2119 642 2144 movent
664 2115 791 2146 animos
815 2125 881 2146 non
905 2116 1087 2155 praemuni-

111 2162 175 2192 toS,
197 2161 233 2185 ut.
256 2166 310 2186 res
335 2161 438 2192 totas,
461 2157 494 2186 id
518 2162 584 2193 est,
621 2157 727 2196 ipsum
751 2159 898 2189 ordinem
921 2156 1087 2197 politicum

111 2198 265 2228 damnent
288 2204 319 2228 et
343 2198 526 2229 existiment
548 2199 684 2239 imperia
706 2205 831 2231 tantum
855 2210 931 2231 esse
953 2210 1088 2241 oppres-

111 2241 222 2270 siones
248 2239 456 2272 imbecillium
486 2247 578 2271 ortas
601 2239 656 2271 vel
679 2251 698 2271 a
720 2241 865 2274 Diabolo
890 2242 943 2273 vel
966 2244 1007 2274 ab
1031 2242 1088 2274 hu—

112 2292 207 2313 mana
229 2283 368 2314 audacia
391 2290 421 2314 et
447 2284 633 2324 cupiditate.
1109 2315 1111 2329 Ι

197 2325 305 2366 Saepe
340 2326 436 2357 etiam
458 2324 652 2366 Philosophi
688 2334 866 2367 quaerunt,
902 2329 988 2359 unde
1024 2330 1111 2365 sint.

111 2445 156 2475 21)
176 2445 305 2476 utebaturl
328 2446 399 2476 Corp.
420 2447 442 2468 2.
464 2447 487 2469 4.
508 2446 645 2471 utebantur

112 2496 155 2525 25)
174 2495 284 2527 tantum]
304 2495 376 2521 Editt.
395 2497 434 2519 24.
456 2496 573 2525 28—34.,
593 2497 664 2527 Corp.
687 2498 766 2528 2—8.,
785 2500 844 2530 Opp,
865 2501 887 2522 1.
908 2502 930 2524 2.
950 2506 1035 2527 tamen

111 2546 156 2575 26)
178 2547 289 2576 luceant]
309 2547 379 2571 fflitt
401 2547 441 2569 26.
462 2547 509 2574 27..
528 2548 599 2577 Corp.
624 2549 694 2572 1—8.
714 2549 796 2573 luveat

1110 2462 1112 2472 1

1110 2474 1112 2486 1

587 113 610 143 1.
633 113 736 145 LOCI
757 111 1033 144 THEOLOGICI:
1056 110 1098 143 D.
1122 110 1281 142 TERTIA
1302 110 1460 142 EORUM
1482 110 1637 142 AETAS.

2049 112 2110 143 986

1133 205 1278 245 imperia,
1302 214 1375 235 cum
1398 214 1452 235 res
1476 204 1630 234 ostendat
1651 201 1775 235 nullum
1800 213 1938 245 regnum
1961 205 2032 235 sine
2045 215 2109 235 ma-

1134 248 1208 289 gnis
1233 246 1383 278 cladibus
1407 247 1537 288 generis
1561 247 1694 277 humani
1718 247 1882 285 constitui,
1904 245 2028 277 nullum
2045 257 2110 278 non

1132 290 1255 320 habere
1287 289 1471 320 horrendas
1507 288 1739 327 confusiones,
1772 287 1896 320 nullum
1920 290 2016 320 etiam
2038 300 2110 329 per·

1131 338 1265 372 petuum
1299 341 1385 362 esse.
1432 331 1597 366 Quantum
1619 332 1671 362 sui
1695 338 1726 362 et
1748 332 1916 373 peregrini
1939 334 2109 373 sanguinis

1131 374 1212 405 fudit
1235 373 1356 411 Roma,
1392 374 1497 405 donec
1532 374 1665 414 imperio
1700 375 1790 405 orbis
1814 380 1974 405 terrarum
2008 376 2110 415 potita

1131 417 1195 448 est!
1240 415 1319 447 Mox
1350 415 1444 447 bellis
1469 415 1618 447 civilibus
1670 416 1802 458 Syllae,
1830 416 1944 455 Marii,
1974 416 2109 449 Cinnae.

1131 458 1306 495 Caesaris,
1340 457 1505 499 Pompeii,
1535 459 1647 496 Bruti,
1672 459 1823 497 Antonii,
1847 460 2006 501 Augusti,
2026 471 2109 501 quae

1129 501 1234 532 furiae
1277 511 1338 542 per
1370 502 1558 532 universum
1593 502 1706 532 orbem
1741 508 1901 533 terrarum
1936 508 2109 543 grassatae

1131 544 1222 574 sunt!
1268 542 1383 584 quales
1418 543 1529 584 legum
1563 550 1594 574 et
1629 543 1822 585 disciplinae
1843 546 2108 584 perturbationes

1131 586 1332 617 excitarunt!
1378 585 1502 616 Postea
1531 587 1692 617 barbarae
1733 587 1902 624 nationes,
1955 586 2107 625 Gothica,

1134 628 1332 665 Vandalica,
1366 628 1535 665 Hunnica,
1561 628 1720 667 Arabica,
1745 629 1902 666 Tureica,
1924 628 2054 661 infusae
2076 631 2107 660 in

1132 670 1268 709 Italiam,
1291 670 1489 711 Aegyptum,
1512 669 1671 709 Africam,
1696 672 1827 709 Asiam,
1850 682 1987 712 prorsus
2011 673 2106 704 dissi-

1131 719 1291 753 paverunt
1314 713 1483 752 imperium
1506 713 1699 745 Romanum.
1745 714 1895 755 Denique
1918 725 1973 745 res
1998 722 2107 746 osten-

1133 757 1177 786 dit
1201 766 1313 787 veram
1338 766 1413 786 esse
1436 755 1616 796 querelam,
1642 767 1726 797 quae
1749 762 1838 787 extat
1859 758 1946 798 apud
1959 757 2109 788 Ovidium

1133 798 1278 837 [Metam.
1300 797 1374 835 XV,
1398 799 1611 837 4ssom42‘2q:

1700 886 1748 916 sic
1773 886 1880 916 omnia
1904 887 1987 916 verti

1288 925 1477 966 Cernimus,
1511 925 1623 967 atque'
1643 926 1725 958 alias
1761 938 1929 959 assumere
1962 929 2110 969 pondera

1339 968 1476 1006 Gentes,

1287 1010 1470 1042 Concidere
1493 1010 1563 1042 has.

1175 1053 1271 1084 Item:

1699 1099 1899 1139 summisque
1922 1105 2087 1140 negatum.

1287 1138 1385 1169 Stare
1409 1139 1473 1170 diu.

1131 1222 1171 1253 Et
1197 1222 1384 1262 Scipionem
1413 1224 1501 1254 aiunt
1539 1230 1635 1264 capta
1669 1223 1871 1266 Carthagine
1905 1233 2109 1265 spectantem

1132 1266 1317 1295 incendium
1339 1266 1431 1296 urbis
1455 1265 1672 1297 illacrimasse
1695 1277 1735 1298 ac
1765 1268 1904 1305 dixisse,
1940 1267 2110 1309 deploran—

1133 1309 1207 1338 dam
1242 1317 1317 1338 esse
1350 1306 1503 1339 fortunae
1536 1309 1788 1340 inconstantiam
1822 1311 1854 1340 in
1879 1312 1977 1341 rebus
2001 1311 2109 1342 hunia-

1132 1351 1201 1387 nis,
1236 1360 1273 1380 se
1306 1360 1373 1380 non
1395 1352 1493 1381 inodo
1519 1351 1632 1382 dolere
1656 1352 1761 1383 vicem
1785 1352 2004 1395 Carthaginis.
2029 1365 2112 1395 quae

1133 1391 1209 1423 olim
1244 1393 1367 1423 florens
1402 1395 1531 1434 virtute,
1556 1395 1674 1434 opibus
1699 1401 1730 1425 et
1754 1395 1907 1435 imperio,
1931 1407 2017 1427 nunc
2036 1407 2111 1437 spo—

1133 1434 1211 1465 liata
1234 1440 1265 1465 et
1289 1441 1385 1475 capta
1408 1435 1557 1467 incendio
1581 1443 1706 1477 pereat,
1731 1439 1791 1468 sed
1814 1440 1911 1469 etiam
1934 1440 1974 1469 de
1987 1439 2111 1470 Romae

1132 1476 1201 1507 fato
1226 1478 1386 1519 cogitare,
1416 1489 1500 1519 quae
1518 1478 1686 1520 aliquanto
1709 1486 1785 1520 post
1809 1480 1904 1511 simili
1929 1481 2112 1513 calamitate

1133 1520 1278 1560 peritura
1301 1521 1353 1557 sit,
1379 1522 1454 1561 quia
1476 1520 1567 1552 nulla
1591 1523 1724 1562 imperia
1747 1530 1906 1563 perpetua
1930 1525 2004 1555 sint.
2050 1524 2108 1554 Mi-

1134 1570 1245 1593 rantur
1279 1563 1377 1604 igitur
1411 1563 1620 1605 Philosophi,
1655 1566 1683 1595 si
1717 1575 1737 1595 a
1765 1564 1838 1597 Deo
1873 1568 2112 1599 constituuntur

1135 1605 1284 1645 imperia,
1319 1616 1377 1637 cur
1411 1611 1533 1637 tantum
1568 1607 1705 1638 accedat
1729 1607 1893 1640 scelerum
1913 1615 1943 1640 et
1967 1611 2111 1641 miseria—

1135 1658 1216 1678 rum.

1221 1691 1287 1722 Sed
1299 1690 1473 1723 Ecclesiae
1496 1692 1647 1722 doctrina
1671 1693 1867 1734 gravissime
1891 1694 1975 1725 haec
2001 1696 2113 1727 diiudi-

1136 1739 1189 1763 cat
1212 1743 1252 1763 110
1275 1734 1452 1764 discrimen
1475 1736 1630 1775 proponit
1653 1736 1776 1765 ordinis
1799 1736 1933 1777 politici,
1956 1748 2111 1778 persona—

1134 1786 1205 1806 rum
1225 1781 1256 1806 et
1278 1777 1481 1807 miseriarum
1504 1776 1729 1808 humanarum.

1219 1817 1272 1848 De
1296 1820 1410 1850 ordine
1432 1818 1565 1860 politico
1589 1819 1817 1851 imiversaliter
1841 1822 1940 1853 docet
1960 1824 2109 1855 doctrina

1134 1860 1309 1891 coelestis.
1342 1861 1430 1892 hunc
1461 1862 1607 1893 ordinem
1637 1874 1657 1893 a
1679 1863 1752 1894 Deo
1777 1865 1957 1896 institutum
1981 1876 2056 1897 esse
2080 1875 2109 1897 et

1133 1914 1216 1944 opus
1241 1902 1305 1933 Dei
1329 1914 1422 1934 esse.
1446 1910 1601 1945 quantum
1625 1906 1702 1936 boni
1726 1907 1757 1936 in
1777 1908 2014 1947 gubernatione
2037 1909 2110 1940 reli-

1133 1957 1232 1986 quum
1254 1952 1375 1983 manet.
1398 1946 1562 1984 videlicet,
1589 1949 1677 1988 quod
1700 1948 1848 1979 homines
1869 1952 1969 1981 certis
1982 1950 2110 1993 legibus

1134 1989 1298 2019 coniuncti
1331 1990 1364 2019 in
1388 1991 1546 2020 societate
1570 1989 1657 2021 civili
1682 1992 1806 2029 vivunt,
1830 1993 1917 2033 quod
1940 1993 2109 2025 multitudo

1132 2032 1258 2071 regitur
1280 2031 1546 2073 Magistratibus,
1570 2033 1714 2065 iudiciis.
1738 2035 1871 2074 poenis,
1895 2037 1983 2076 quod
2006 2036 2110 2079 Magi-

1134 2079 1257 2104 stratus
1278 2080 1391 2105 custos
1411 2081 1460 2105 est
1486 2074 1678 2115 disciplinae
1696 2082 1726 2106 et
1745 2078 1848 2116 pacis,
1868 2079 1956 2118 quod
1969 2080 2109 2110 dominia

1134 2126 1242 2146 rerum
1265 2117 1419 2148 distincta
1442 2123 1517 2148 sunt
1540 2125 1572 2148 et
1596 2128 1655 2149 sua
1679 2119 1797 2160 cuique
1820 2125 1889 2150 tuta
1911 2127 1998 2160 sunt,
2022 2125 2108 2163 quod

1109 2169 1188 2201 ⁴res
1223 2156 1376 2200 legitimis
1411 2162 1634 2192 contractibus
1668 2160 1911 2193 transferuntur
1934 2165 1976 2194 ad
1999 2165 2111 2196 iuvan-

1135 2201 1208 2231 dam
1241 2212 1445 2233 communem
1479 2204 1588 2240 vitam,
1624 2205 1712 2244 quod
1742 2203 1915 2236 latrocinia
1939 2208 2038 2237 armis
2062 2219 2110 2238 re-

1133 2245 1315 2284 primuntur
1338 2251 1393 2275 aut
1416 2246 1601 2285 puniuntur.
2092 2264 2094 2266 ·

1219 2286 1269 2317 Ac
1299 2286 1397 2327 paulo
1430 2293 1507 2328 post
1524 2289 1675 2319 >recitabo
1705 2291 1891 2321 testimonia
1913 2291 2110 2332 prophetica

1134 2335 1165 2360 et
1188 2328 1396 2369 Apostolica,
1423 2341 1506 2370 quae
1526 2337 1699 2372 utrumque
1722 2332 1852 2371 docent,
1876 2340 1907 2364 et
1928 2334 2107 2366 institutum

1109 2373 1111 2397 ἶ
1135 2381 1210 2401 esse
1233 2371 1400 2411 politicum
1428 2373 1574 2404 ordinem
1597 2384 1681 2404 voce
1701 2374 1774 2412 Dei,
1799 2382 1831 2405 et
1855 2383 2010 2416 quantuni
2035 2379 2108 2408 boni

1109 2421 1112 2459 ᾗ
1133 2414 1164 2444 111
1189 2415 1426 2454 gubernatione
1448 2414 1608 2456 reliquum
1631 2422 1698 2454 est,
1732 2428 1807 2448 esse
1830 2428 1908 2449 vere
1928 2430 2010 2459 opus
2034 2419 2107 2450 Dei,

1134 2466 1199 2486 non
1221 2462 1344 2487 tantum
1367 2458 1596 2498 permissione,
1621 2460 1680 2489 sed
1704 2461 1779 2500 quia
1803 2460 1907 2491 aDeo
1931 2472 2009 2493 vere
2033 2473 2107 2493 con-

1135 2505 1286 2529 servatur
1309 2505 1340 2529 et
1363 2501 1511 2538 iuvatur,
1536 2502 1619 2531 sicut
1644 2503 1724 2533 ordo
1749 2510 1891 2534 motuum
1916 2503 2106 2535 coelestium

1135 2547 1165 2571 et
1201 2549 1308 2572 terrae
1341 2541 1557 2574 foecunditas.
1603 2543 1698 2576 Prius
1734 2546 1817 2576 enim
1847 2546 1910 2576 1100
1934 2547 2105 2577 discrimen
