<?xml version="1.0" encoding="UTF-8"?>
<!DOCTYPE html PUBLIC "-//W3C//DTD XHTML 1.0 Transitional//EN"
    "http://www.w3.org/TR/xhtml1/DTD/xhtml1-transitional.dtd">
<html xmlns="http://www.w3.org/1999/xhtml" xml:lang="en" lang="en">
 <head>
  <title>
</title>
<meta http-equiv="Content-Type" content="text/html;charset=utf-8" />
  <meta name='ocr-system' content='tesseract 3.04.00' />
  <meta name='ocr-capabilities' content='ocr_page ocr_carea ocr_par ocr_line ocrx_word'/>
</head>
<body>
  <div class='ocr_page' id='page_1' title='image "./operaquaesupersu21melauoft/operaquaesupersu21melauoft_0022.png"; bbox 0 0 2358 2933; ppageno 0'>
   <div class='ocr_carea' id='block_1_1' title="bbox 233 134 272 164">
    <p class='ocr_par' dir='ltr' id='par_1_1' title="bbox 233 134 272 164">
     <span class='ocr_line' id='line_1_1' title="bbox 233 134 272 164; baseline 0 0"><span class='ocrx_word' id='word_1_1' title='bbox 233 134 272 164; x_wconf 74' lang='lat'>16</span> 
     </span>
    </p>
   </div>
   <div class='ocr_carea' id='block_1_2' title="bbox 269 229 330 251">
    <p class='ocr_par' dir='ltr' id='par_1_2' title="bbox 269 229 330 251">
     <span class='ocr_line' id='line_1_2' title="bbox 269 229 330 251; baseline 0.033 -2"><span class='ocrx_word' id='word_1_2' title='bbox 269 229 290 251; x_wconf 66' lang='lat'>³.</span> <span class='ocrx_word' id='word_1_3' title='bbox 310 234 330 251; x_wconf 70' lang='grc'>1.</span> 
     </span>
    </p>
   </div>
   <div class='ocr_carea' id='block_1_3' title="bbox 261 789 323 813">
    <p class='ocr_par' dir='ltr' id='par_1_3' title="bbox 261 789 323 813">
     <span class='ocr_line' id='line_1_3' title="bbox 261 789 323 813; baseline 0 -2"><span class='ocrx_word' id='word_1_4' title='bbox 261 789 283 813; x_wconf 77' lang='grc'>3.</span> <span class='ocrx_word' id='word_1_5' title='bbox 303 789 323 811; x_wconf 83' lang='lat' dir='ltr'>b.</span> 
     </span>
    </p>
   </div>
   <div class='ocr_carea' id='block_1_4' title="bbox 855 131 2217 173">
    <p class='ocr_par' dir='ltr' id='par_1_4' title="bbox 855 131 2217 173">
     <span class='ocr_line' id='line_1_4' title="bbox 855 131 2217 173; baseline 0 -9"><span class='ocrx_word' id='word_1_6' title='bbox 855 132 963 164; x_wconf 71' lang='lat' dir='ltr'>Ptin..</span> <span class='ocrx_word' id='word_1_7' title='bbox 988 133 1088 164; x_wconf 82' lang='lat' dir='ltr'>MEL.</span> <span class='ocrx_word' id='word_1_8' title='bbox 1111 131 1293 164; x_wconf 79' lang='lat' dir='ltr'>SCRIPTA</span> <span class='ocrx_word' id='word_1_9' title='bbox 1310 132 1582 165; x_wconf 81' lang='lat' dir='ltr'>DOGMATICA.</span> <span class='ocrx_word' id='word_1_10' title='bbox 2176 139 2217 173; x_wconf 72' lang='lat'>16</span> 
     </span>
    </p>
   </div>
   <div class='ocr_carea' id='block_1_5' title="bbox 380 226 2062 691">
    <p class='ocr_par' dir='ltr' id='par_1_5' title="bbox 380 226 2062 691">
     <span class='ocr_line' id='line_1_5' title="bbox 385 226 2062 268; baseline 0.004 -13"><span class='ocrx_word' id='word_1_11' title='bbox 385 229 420 255; x_wconf 83' lang='lat' dir='ltr'>ad</span> <span class='ocrx_word' id='word_1_12' title='bbox 443 227 498 255; x_wconf 79' lang='lat' dir='ltr'>Ro.</span> <span class='ocrx_word' id='word_1_13' title='bbox 522 230 579 263; x_wconf 65' lang='lat' dir='ltr'>iis.</span> <span class='ocrx_word' id='word_1_14' title='bbox 605 231 681 263; x_wconf 46' lang='lat' dir='ltr'>isa}</span> <span class='ocrx_word' id='word_1_15' title='bbox 702 226 798 255; x_wconf 73' lang='lat' dir='ltr'>Cuius</span> <span class='ocrx_word' id='word_1_16' title='bbox 819 226 880 254; x_wconf 72' lang='lat' dir='ltr'>volt</span> <span class='ocrx_word' id='word_1_17' title='bbox 900 227 1057 255; x_wconf 89' lang='lat' dir='ltr'>miseretur</span> <span class='ocrx_word' id='word_1_18' title='bbox 1074 230 1104 254; x_wconf 86' lang='lat' dir='ltr'>et</span> <span class='ocrx_word' id='word_1_19' title='bbox 1123 235 1210 263; x_wconf 89' lang='lat' dir='ltr'>quem</span> <span class='ocrx_word' id='word_1_20' title='bbox 1231 226 1303 256; x_wconf 73' lang='lat' dir='ltr'>¹&#39;volt</span> <span class='ocrx_word' id='word_1_21' title='bbox 1323 227 1438 255; x_wconf 79' lang='lat' dir='ltr'>indurat</span> <span class='ocrx_word' id='word_1_22' title='bbox 1451 229 1474 260; x_wconf 89' lang='grc' dir='ltr'>Ι)</span> <span class='ocrx_word' id='word_1_23' title='bbox 1495 231 1591 259; x_wconf 78' lang='lat' dir='ltr'>etc-³)</span> <span class='ocrx_word' id='word_1_24' title='bbox 1623 228 1675 256; x_wconf 79' lang='lat' dir='ltr'>Sic</span> <span class='ocrx_word' id='word_1_25' title='bbox 1694 226 1790 257; x_wconf 88' lang='lat' dir='ltr'>Exod.</span> <span class='ocrx_word' id='word_1_26' title='bbox 1811 232 1839 257; x_wconf 71' lang='lat'>4.</span> <span class='ocrx_word' id='word_1_27' title='bbox 1860 230 1898 258; x_wconf 89' lang='lat' dir='ltr'>de</span> <span class='ocrx_word' id='word_1_28' title='bbox 1913 230 2062 268; x_wconf 82' lang='lat' dir='ltr'><strong>pharaone</strong></span> 
     </span>
     <span class='ocr_line' id='line_1_6' title="bbox 385 268 2060 307; baseline 0.004 -10"><span class='ocrx_word' id='word_1_29' title='bbox 385 274 444 307; x_wconf 69' lang='lat' dir='ltr'>ivs.</span> <span class='ocrx_word' id='word_1_30' title='bbox 468 271 547 305; x_wconf 67' lang='lat'>21.:1</span> <span class='ocrx_word' id='word_1_31' title='bbox 568 269 632 306; x_wconf 68' lang='lat' dir='ltr'>Ego</span> <span class='ocrx_word' id='word_1_32' title='bbox 654 269 796 297; x_wconf 85' lang='lat' dir='ltr'>indurabo</span> <span class='ocrx_word' id='word_1_33' title='bbox 816 279 865 297; x_wconf 81' lang='lat' dir='ltr'>cor</span> <span class='ocrx_word' id='word_1_34' title='bbox 883 270 950 297; x_wconf 89' lang='lat' dir='ltr'>eius</span> <span class='ocrx_word' id='word_1_35' title='bbox 971 272 1001 297; x_wconf 87' lang='lat' dir='ltr'>ut</span> <span class='ocrx_word' id='word_1_36' title='bbox 1021 278 1077 296; x_wconf 87' lang='lat' dir='ltr'>non</span> <span class='ocrx_word' id='word_1_37' title='bbox 1097 268 1221 297; x_wconf 82' lang='lat' dir='ltr'>dimittat</span> <span class='ocrx_word' id='word_1_38' title='bbox 1253 269 1446 307; x_wconf 79' lang='lat' dir='ltr'>populmn.¹&#39;)</span> <span class='ocrx_word' id='word_1_39' title='bbox 1503 270 1554 297; x_wconf 78' lang='lat' dir='ltr'>Sic</span> <span class='ocrx_word' id='word_1_40' title='bbox 1579 273 1587 297; x_wconf 89' lang='lat' dir='ltr'>l</span> <span class='ocrx_word' id='word_1_41' title='bbox 1612 280 1713 307; x_wconf 85' lang='lat' dir='ltr'>regum</span> <span class='ocrx_word' id='word_1_42' title='bbox 1732 269 1771 299; x_wconf 85' lang='lat' dir='ltr'>X.</span> <span class='ocrx_word' id='word_1_43' title='bbox 1791 271 1839 299; x_wconf 83' lang='lat' dir='ltr'>De</span> <span class='ocrx_word' id='word_1_44' title='bbox 1851 272 1944 301; x_wconf 88' lang='lat' dir='ltr'>Saule</span> <span class='ocrx_word' id='word_1_45' title='bbox 1963 277 1991 302; x_wconf 86' lang='lat' dir='ltr'>et</span> <span class='ocrx_word' id='word_1_46' title='bbox 2010 276 2060 303; x_wconf 90' lang='lat' dir='ltr'>mi-</span> 
     </span>
     <span class='ocr_line' id='line_1_7' title="bbox 386 311 2059 354; baseline 0.002 -14"><span class='ocrx_word' id='word_1_47' title='bbox 386 312 488 340; x_wconf 67' lang='lat' dir='ltr'>litibus</span> <span class='ocrx_word' id='word_1_48' title='bbox 510 315 567 347; x_wconf 73' lang='lat' dir='ltr'>iis.</span> <span class='ocrx_word' id='word_1_49' title='bbox 591 314 669 347; x_wconf 75' lang='lat' dir='ltr'>·.‘t&#39;·.:1</span> <span class='ocrx_word' id='word_1_50' title='bbox 689 311 727 339; x_wconf 80' lang='lat' dir='ltr'>Et</span> <span class='ocrx_word' id='word_1_51' title='bbox 741 312 814 349; x_wconf 84' lang='lat' dir='ltr'>abijt</span> <span class='ocrx_word' id='word_1_52' title='bbox 833 321 899 338; x_wconf 77' lang='lat' dir='ltr'>cum</span> <span class='ocrx_word' id='word_1_53' title='bbox 919 321 955 339; x_wconf 86' lang='lat' dir='ltr'>eo</span> <span class='ocrx_word' id='word_1_54' title='bbox 971 314 995 343; x_wconf 86' lang='grc'>·”)</span> <span class='ocrx_word' id='word_1_55' title='bbox 1015 319 1084 348; x_wconf 85' lang='lat' dir='ltr'>pars</span> <span class='ocrx_word' id='word_1_56' title='bbox 1104 312 1252 340; x_wconf 81' lang='lat' dir='ltr'>exercitus</span> <span class='ocrx_word' id='word_1_57' title='bbox 1273 322 1394 349; x_wconf 90' lang='lat' dir='ltr'>quorum</span> <span class='ocrx_word' id='word_1_58' title='bbox 1415 312 1551 349; x_wconf 72' lang='lat' dir='ltr'>tetigerat</span> <span class='ocrx_word' id='word_1_59' title='bbox 1570 312 1647 340; x_wconf 86' lang='lat' dir='ltr'>(leus</span> <span class='ocrx_word' id='word_1_60' title='bbox 1667 312 1806 349; x_wconf 73' lang='lat' dir='ltr'>c‹irda.‘¹)</span> <span class='ocrx_word' id='word_1_61' title='bbox 1851 314 1902 342; x_wconf 80' lang='lat' dir='ltr'>Sic</span> <span class='ocrx_word' id='word_1_62' title='bbox 1922 319 1938 343; x_wconf 84' lang='lat'><strong>3</strong></span> <span class='ocrx_word' id='word_1_63' title='bbox 1960 326 2059 354; x_wconf 83' lang='lat' dir='ltr'>regum</span> 
     </span>
     <span class='ocr_line' id='line_1_8' title="bbox 383 352 2059 392; baseline 0.004 -10"><span class='ocrx_word' id='word_1_64' title='bbox 383 353 438 383; x_wconf 77' lang='lat' dir='ltr'>xli</span> <span class='ocrx_word' id='word_1_65' title='bbox 460 354 496 381; x_wconf 82' lang='lat' dir='ltr'>de</span> <span class='ocrx_word' id='word_1_66' title='bbox 517 353 693 381; x_wconf 72' lang='lat' dir='ltr'>Hieroboam</span> <span class='ocrx_word' id='word_1_67' title='bbox 715 356 773 390; x_wconf 73' lang='lat' dir='ltr'>lvs.</span> <span class='ocrx_word' id='word_1_68' title='bbox 798 354 874 389; x_wconf 77' lang='lat'>15.:1</span> <span class='ocrx_word' id='word_1_69' title='bbox 894 352 932 382; x_wconf 88' lang='lat' dir='ltr'>Et</span> <span class='ocrx_word' id='word_1_70' title='bbox 952 362 1008 381; x_wconf 90' lang='lat' dir='ltr'>non</span> <span class='ocrx_word' id='word_1_71' title='bbox 1025 356 1050 386; x_wconf 54' lang='grc' dir='ltr'>ὃ)</span> <span class='ocrx_word' id='word_1_72' title='bbox 1069 353 1219 391; x_wconf 86' lang='lat' dir='ltr'>acquieuit</span> <span class='ocrx_word' id='word_1_73' title='bbox 1238 364 1287 382; x_wconf 90' lang='lat' dir='ltr'>rex</span> <span class='ocrx_word' id='word_1_74' title='bbox 1307 354 1417 392; x_wconf 93' lang='lat' dir='ltr'>populo</span> <span class='ocrx_word' id='word_1_75' title='bbox 1438 355 1575 392; x_wconf 89' lang='lat' dir='ltr'>quoniam</span> <span class='ocrx_word' id='word_1_76' title='bbox 1594 358 1751 383; x_wconf 81' lang='lat' dir='ltr'>auersatus</span> <span class='ocrx_word' id='word_1_77' title='bbox 1772 355 1864 384; x_wconf 78' lang='lat' dir='ltr'>suerat</span> <span class='ocrx_word' id='word_1_78' title='bbox 1877 366 1943 386; x_wconf 87' lang='lat' dir='ltr'>eum</span> <span class='ocrx_word' id='word_1_79' title='bbox 1970 358 2059 388; x_wconf 92' lang='lat' dir='ltr'>domi-</span> 
     </span>
     <span class='ocr_line' id='line_1_9' title="bbox 384 395 2059 435; baseline 0.003 -11"><span class='ocrx_word' id='word_1_80' title='bbox 384 406 439 424; x_wconf 87' lang='lat' dir='ltr'>uus</span> <span class='ocrx_word' id='word_1_81' title='bbox 460 399 490 423; x_wconf 93' lang='lat' dir='ltr'>ut</span> <span class='ocrx_word' id='word_1_82' title='bbox 510 397 669 424; x_wconf 79' lang='lat' dir='ltr'>suscitaret</span> <span class='ocrx_word' id='word_1_83' title='bbox 695 395 816 423; x_wconf 58' lang='lat' dir='ltr'>terbum</span> <span class='ocrx_word' id='word_1_84' title='bbox 842 405 928 423; x_wconf 87' lang='lat' dir='ltr'>suum</span> <span class='ocrx_word' id='word_1_85' title='bbox 955 396 1033 433; x_wconf 84' lang='lat' dir='ltr'>quod</span> <span class='ocrx_word' id='word_1_86' title='bbox 1064 395 1183 424; x_wconf 78' lang='lat' dir='ltr'>Iocutus</span> <span class='ocrx_word' id='word_1_87' title='bbox 1208 396 1301 425; x_wconf 85' lang='lat' dir='ltr'>suerat</span> <span class='ocrx_word' id='word_1_88' title='bbox 1325 397 1352 424; x_wconf 88' lang='lat' dir='ltr'>in</span> <span class='ocrx_word' id='word_1_89' title='bbox 1372 407 1459 425; x_wconf 81' lang='lat' dir='ltr'>manu</span> <span class='ocrx_word' id='word_1_90' title='bbox 1479 396 1576 425; x_wconf 77' lang='lat' dir='ltr'>Ahiae</span> <span class='ocrx_word' id='word_1_91' title='bbox 1596 396 1742 426; x_wconf 85' lang='lat' dir='ltr'>Silonitae</span> <span class='ocrx_word' id='word_1_92' title='bbox 1753 399 1780 430; x_wconf 70' lang='lat'>²)</span> <span class='ocrx_word' id='word_1_93' title='bbox 1806 397 1843 426; x_wconf 88' lang='lat' dir='ltr'>ad</span> <span class='ocrx_word' id='word_1_94' title='bbox 1869 396 2019 429; x_wconf 85' lang='lat' dir='ltr'>Ieroboam</span> <span class='ocrx_word' id='word_1_95' title='bbox 2035 406 2059 435; x_wconf 79' lang='lat' dir='ltr'>s)</span> 
     </span>
     <span class='ocr_line' id='line_1_10' title="bbox 384 437 2059 476; baseline 0.004 -11"><span class='ocrx_word' id='word_1_96' title='bbox 384 437 474 466; x_wconf 91' lang='lat' dir='ltr'>tilium</span> <span class='ocrx_word' id='word_1_97' title='bbox 495 437 623 465; x_wconf 76' lang='lat' dir='ltr'>Nabotb.</span> <span class='ocrx_word' id='word_1_98' title='bbox 641 444 666 466; x_wconf 49' lang='grc' dir='ltr'>ἓ)</span> <span class='ocrx_word' id='word_1_99' title='bbox 726 437 841 475; x_wconf 72' lang='lat' dir='ltr'>¹¹)Ergo</span> <span class='ocrx_word' id='word_1_100' title='bbox 862 447 917 465; x_wconf 90' lang='lat' dir='ltr'>non</span> <span class='ocrx_word' id='word_1_101' title='bbox 938 442 985 466; x_wconf 88' lang='lat' dir='ltr'>est</span> <span class='ocrx_word' id='word_1_102' title='bbox 1006 439 1032 466; x_wconf 94' lang='lat' dir='ltr'>in</span> <span class='ocrx_word' id='word_1_103' title='bbox 1053 442 1202 476; x_wconf 73' lang='lat' dir='ltr'>potestate</span> <span class='ocrx_word' id='word_1_104' title='bbox 1222 442 1320 467; x_wconf 83' lang='lat' dir='ltr'>nostra</span> <span class='ocrx_word' id='word_1_105' title='bbox 1341 439 1501 476; x_wconf 84' lang='lat' dir='ltr'>quidquam</span> <span class='ocrx_word' id='word_1_106' title='bbox 1521 439 1585 468; x_wconf 75' lang='lat' dir='ltr'>Nec</span> <span class='ocrx_word' id='word_1_107' title='bbox 1604 439 1729 468; x_wconf 73' lang='lat' dir='ltr'>affectus</span> <span class='ocrx_word' id='word_1_108' title='bbox 1750 441 1881 469; x_wconf 85' lang='lat' dir='ltr'>internus</span> <span class='ocrx_word' id='word_1_109' title='bbox 1901 450 1955 470; x_wconf 82' lang='lat' dir='ltr'>nec</span> <span class='ocrx_word' id='word_1_110' title='bbox 1969 446 2059 472; x_wconf 84' lang='lat' dir='ltr'>exter-</span> 
     </span>
     <span class='ocr_line' id='line_1_11' title="bbox 383 480 2059 519; baseline 0.004 -12"><span class='ocrx_word' id='word_1_111' title='bbox 383 491 449 508; x_wconf 94' lang='lat' dir='ltr'>num</span> <span class='ocrx_word' id='word_1_112' title='bbox 470 490 556 517; x_wconf 73' lang='lat' dir='ltr'>opus.</span> <span class='ocrx_word' id='word_1_113' title='bbox 579 480 611 507; x_wconf 79' lang='lat' dir='ltr'>Si</span> <span class='ocrx_word' id='word_1_114' title='bbox 633 489 787 517; x_wconf 73' lang='lat' dir='ltr'>compares</span> <span class='ocrx_word' id='word_1_115' title='bbox 809 484 907 508; x_wconf 87' lang='lat' dir='ltr'>nostra</span> <span class='ocrx_word' id='word_1_116' title='bbox 927 489 993 508; x_wconf 82' lang='lat' dir='ltr'>cum</span> <span class='ocrx_word' id='word_1_117' title='bbox 1013 480 1301 518; x_wconf 78' lang='lat' dir='ltr'>praedestinacione.</span> <span class='ocrx_word' id='word_1_118' title='bbox 1346 480 1557 519; x_wconf 87' lang='lat' dir='ltr'>Eueniuntque</span> <span class='ocrx_word' id='word_1_119' title='bbox 1577 483 1672 510; x_wconf 90' lang='lat' dir='ltr'>omnia</span> <span class='ocrx_word' id='word_1_120' title='bbox 1693 486 1723 510; x_wconf 93' lang='lat' dir='ltr'>ut</span> <span class='ocrx_word' id='word_1_121' title='bbox 1743 482 1870 511; x_wconf 80' lang='lat' dir='ltr'>consilio</span> <span class='ocrx_word' id='word_1_122' title='bbox 1891 483 1991 512; x_wconf 87' lang='lat' dir='ltr'>diuino</span> <span class='ocrx_word' id='word_1_123' title='bbox 2012 485 2059 513; x_wconf 80' lang='lat' dir='ltr'>de-</span> 
     </span>
     <span class='ocr_line' id='line_1_12' title="bbox 382 521 2059 562; baseline 0.003 -13"><span class='ocrx_word' id='word_1_124' title='bbox 382 523 489 549; x_wconf 77' lang='lat' dir='ltr'>stinata</span> <span class='ocrx_word' id='word_1_125' title='bbox 510 526 588 549; x_wconf 87' lang='lat' dir='ltr'>sunt.</span> <span class='ocrx_word' id='word_1_126' title='bbox 637 523 736 558; x_wconf 75' lang='lat' dir='ltr'>Atque</span> <span class='ocrx_word' id='word_1_127' title='bbox 750 521 839 550; x_wconf 86' lang='lat' dir='ltr'>huius</span> <span class='ocrx_word' id='word_1_128' title='bbox 860 523 994 560; x_wconf 74' lang='lat' dir='ltr'>mysterii</span> <span class='ocrx_word' id='word_1_129' title='bbox 1006 524 1033 554; x_wconf 78' lang='lat'>3)</span> <span class='ocrx_word' id='word_1_130' title='bbox 1053 521 1211 551; x_wconf 80' lang='lat' dir='ltr'>sublimior</span> <span class='ocrx_word' id='word_1_131' title='bbox 1229 527 1277 551; x_wconf 86' lang='lat' dir='ltr'>est</span> <span class='ocrx_word' id='word_1_132' title='bbox 1297 524 1369 551; x_wconf 87' lang='lat' dir='ltr'>ratio</span> <span class='ocrx_word' id='word_1_133' title='bbox 1389 533 1476 560; x_wconf 85' lang='lat' dir='ltr'>quam</span> <span class='ocrx_word' id='word_1_134' title='bbox 1497 528 1528 552; x_wconf 89' lang='lat' dir='ltr'>ut</span> <span class='ocrx_word' id='word_1_135' title='bbox 1540 525 1666 562; x_wconf 75' lang='lat' dir='ltr'>assequi</span> <span class='ocrx_word' id='word_1_136' title='bbox 1685 535 1749 553; x_wconf 89' lang='lat' dir='ltr'>eam</span> <span class='ocrx_word' id='word_1_137' title='bbox 1767 525 1893 554; x_wconf 82' lang='lat' dir='ltr'>humana</span> <span class='ocrx_word' id='word_1_138' title='bbox 1906 527 2059 555; x_wconf 78' lang='lat' dir='ltr'>imbecilli-</span> 
     </span>
     <span class='ocr_line' id='line_1_13' title="bbox 381 564 2060 605; baseline 0.004 -14"><span class='ocrx_word' id='word_1_139' title='bbox 381 570 427 592; x_wconf 80' lang='lat' dir='ltr'>tas</span> <span class='ocrx_word' id='word_1_140' title='bbox 447 564 556 601; x_wconf 77' lang='lat' dir='ltr'>possit.</span> <span class='ocrx_word' id='word_1_141' title='bbox 576 568 605 591; x_wconf 90' lang='lat' dir='ltr'>et</span> <span class='ocrx_word' id='word_1_142' title='bbox 626 565 652 592; x_wconf 91' lang='lat' dir='ltr'>in</span> <span class='ocrx_word' id='word_1_143' title='bbox 672 564 927 602; x_wconf 72' lang='lat' dir='ltr'>contemplacione</span> <span class='ocrx_word' id='word_1_144' title='bbox 947 565 1013 593; x_wconf 90' lang='lat' dir='ltr'>eius</span> <span class='ocrx_word' id='word_1_145' title='bbox 1033 565 1220 594; x_wconf 84' lang='lat' dir='ltr'>admonearis</span> <span class='ocrx_word' id='word_1_146' title='bbox 1240 566 1432 602; x_wconf 75' lang='lat' dir='ltr'>benignitatis</span> <span class='ocrx_word' id='word_1_147' title='bbox 1452 566 1571 595; x_wconf 87' lang='lat' dir='ltr'>diuinae</span> <span class='ocrx_word' id='word_1_148' title='bbox 1590 576 1663 595; x_wconf 85' lang='lat' dir='ltr'>esse</span> <span class='ocrx_word' id='word_1_149' title='bbox 1693 567 1784 602; x_wconf 78' lang='lat' dir='ltr'>Quod</span> <span class='ocrx_word' id='word_1_150' title='bbox 1809 568 1887 605; x_wconf 87' lang='lat' dir='ltr'>apud</span> <span class='ocrx_word' id='word_1_151' title='bbox 1913 578 1986 597; x_wconf 83' lang='lat' dir='ltr'>sese</span> <span class='ocrx_word' id='word_1_152' title='bbox 2012 574 2060 598; x_wconf 89' lang='lat' dir='ltr'>est</span> 
     </span>
     <span class='ocr_line' id='line_1_14' title="bbox 381 607 2059 647; baseline 0.004 -14"><span class='ocrx_word' id='word_1_153' title='bbox 381 616 474 634; x_wconf 83' lang='lat' dir='ltr'>rerum</span> <span class='ocrx_word' id='word_1_154' title='bbox 495 607 624 634; x_wconf 84' lang='lat' dir='ltr'>oninium</span> <span class='ocrx_word' id='word_1_155' title='bbox 644 616 760 635; x_wconf 86' lang='lat' dir='ltr'>summa</span> <span class='ocrx_word' id='word_1_156' title='bbox 780 611 808 635; x_wconf 88' lang='lat' dir='ltr'>et</span> <span class='ocrx_word' id='word_1_157' title='bbox 828 607 992 645; x_wconf 87' lang='lat' dir='ltr'>imperium.</span> <span class='ocrx_word' id='word_1_158' title='bbox 1039 607 1128 642; x_wconf 78' lang='lat' dir='ltr'>Quod</span> <span class='ocrx_word' id='word_1_159' title='bbox 1159 608 1186 634; x_wconf 82' lang='lat' dir='ltr'>si</span> <span class='ocrx_word' id='word_1_160' title='bbox 1213 607 1325 645; x_wconf 87' lang='lat' dir='ltr'>aliquid</span> <span class='ocrx_word' id='word_1_161' title='bbox 1350 612 1435 636; x_wconf 78' lang='lat' dir='ltr'>esset</span> <span class='ocrx_word' id='word_1_162' title='bbox 1462 609 1489 637; x_wconf 89' lang='lat' dir='ltr'>in</span> <span class='ocrx_word' id='word_1_163' title='bbox 1516 613 1666 647; x_wconf 77' lang='lat' dir='ltr'>potestate</span> <span class='ocrx_word' id='word_1_164' title='bbox 1685 613 1784 639; x_wconf 80' lang='lat' dir='ltr'>nostra</span> <span class='ocrx_word' id='word_1_165' title='bbox 1804 609 1894 638; x_wconf 73' lang='lat' dir='ltr'>Certe</span> <span class='ocrx_word' id='word_1_166' title='bbox 1912 621 1929 638; x_wconf 89' lang='lat' dir='ltr'>e</span> <span class='ocrx_word' id='word_1_167' title='bbox 1948 612 2059 640; x_wconf 86' lang='lat' dir='ltr'>nostris</span> 
     </span>
     <span class='ocr_line' id='line_1_15' title="bbox 380 648 2057 691; baseline 0.004 -16"><span class='ocrx_word' id='word_1_168' title='bbox 380 648 519 687; x_wconf 66' lang='lat' dir='ltr'>consilijs</span> <span class='ocrx_word' id='word_1_169' title='bbox 539 648 738 686; x_wconf 76' lang='lat' dir='ltr'>penderemus</span> <span class='ocrx_word' id='word_1_170' title='bbox 758 650 860 686; x_wconf 81' lang='lat' dir='ltr'>Atque</span> <span class='ocrx_word' id='word_1_171' title='bbox 887 650 923 678; x_wconf 87' lang='lat' dir='ltr'>ita</span> <span class='ocrx_word' id='word_1_172' title='bbox 949 649 987 678; x_wconf 81' lang='lat' dir='ltr'>ad</span> <span class='ocrx_word' id='word_1_173' title='bbox 1007 660 1062 679; x_wconf 85' lang='lat' dir='ltr'>uos</span> <span class='ocrx_word' id='word_1_174' title='bbox 1087 660 1103 677; x_wconf 87' lang='lat' dir='ltr'>a</span> <span class='ocrx_word' id='word_1_175' title='bbox 1122 650 1179 677; x_wconf 87' lang='lat' dir='ltr'>deo</span> <span class='ocrx_word' id='word_1_176' title='bbox 1205 660 1396 678; x_wconf 73' lang='lat' dir='ltr'>auocarentur</span> <span class='ocrx_word' id='word_1_177' title='bbox 1416 660 1492 688; x_wconf 87' lang='lat' dir='ltr'>quae</span> <span class='ocrx_word' id='word_1_178' title='bbox 1511 661 1627 680; x_wconf 83' lang='lat' dir='ltr'>sumnia</span> <span class='ocrx_word' id='word_1_179' title='bbox 1645 656 1693 681; x_wconf 86' lang='lat' dir='ltr'>est</span> <span class='ocrx_word' id='word_1_180' title='bbox 1712 653 1850 691; x_wconf 82' lang='lat' dir='ltr'>impietas</span> <span class='ocrx_word' id='word_1_181' title='bbox 1869 656 1898 681; x_wconf 88' lang='lat' dir='ltr'>et</span> <span class='ocrx_word' id='word_1_182' title='bbox 1928 653 2057 682; x_wconf 85' lang='lat' dir='ltr'>miseria.</span> 
     </span>
    </p>
   </div>
   <div class='ocr_carea' id='block_1_6' title="bbox 379 707 2057 873">
    <p class='ocr_par' dir='ltr' id='par_1_6' title="bbox 379 707 2057 873">
     <span class='ocr_line' id='line_1_16' title="bbox 466 707 2057 749; baseline 0.003 -14"><span class='ocrx_word' id='word_1_183' title='bbox 466 707 584 735; x_wconf 77' lang='lat' dir='ltr'>Nolui</span> <span class='ocrx_word' id='word_1_184' title='bbox 604 711 701 735; x_wconf 87' lang='lat' dir='ltr'>autem</span> <span class='ocrx_word' id='word_1_185' title='bbox 733 712 762 735; x_wconf 88' lang='lat' dir='ltr'>te</span> <span class='ocrx_word' id='word_1_186' title='bbox 793 708 830 735; x_wconf 86' lang='lat' dir='ltr'>de</span> <span class='ocrx_word' id='word_1_187' title='bbox 850 708 1137 746; x_wconf 79' lang='lat' dir='ltr'>praedestinacionis</span> <span class='ocrx_word' id='word_1_188' title='bbox 1166 710 1290 745; x_wconf 71' lang='lat' dir='ltr'>negocio</span> <span class='ocrx_word' id='word_1_189' title='bbox 1317 708 1480 739; x_wconf 78' lang='lat' dir='ltr'>sollicitum</span> <span class='ocrx_word' id='word_1_190' title='bbox 1500 720 1573 738; x_wconf 84' lang='lat' dir='ltr'>esse</span> <span class='ocrx_word' id='word_1_191' title='bbox 1597 715 1646 739; x_wconf 85' lang='lat' dir='ltr'>aut</span> <span class='ocrx_word' id='word_1_192' title='bbox 1675 711 1828 749; x_wconf 85' lang='lat' dir='ltr'>disputare</span> <span class='ocrx_word' id='word_1_193' title='bbox 1855 711 1955 746; x_wconf 82' lang='lat' dir='ltr'>Quare</span> <span class='ocrx_word' id='word_1_194' title='bbox 1980 712 2057 741; x_wconf 87' lang='lat' dir='ltr'>bunc</span> 
     </span>
     <span class='ocr_line' id='line_1_17' title="bbox 379 749 2057 789; baseline 0.004 -13"><span class='ocrx_word' id='word_1_195' title='bbox 379 750 455 778; x_wconf 77' lang='lat' dir='ltr'>deus</span> <span class='ocrx_word' id='word_1_196' title='bbox 476 751 579 788; x_wconf 85' lang='lat' dir='ltr'>eripiat</span> <span class='ocrx_word' id='word_1_197' title='bbox 599 754 647 778; x_wconf 88' lang='lat' dir='ltr'>aut</span> <span class='ocrx_word' id='word_1_198' title='bbox 668 749 751 778; x_wconf 87' lang='lat' dir='ltr'>illum</span> <span class='ocrx_word' id='word_1_199' title='bbox 771 750 906 779; x_wconf 84' lang='lat' dir='ltr'>damnet:</span> <span class='ocrx_word' id='word_1_200' title='bbox 927 761 978 779; x_wconf 82' lang='lat' dir='ltr'>cur</span> <span class='ocrx_word' id='word_1_201' title='bbox 997 752 1120 789; x_wconf 85' lang='lat' dir='ltr'>imputet</span> <span class='ocrx_word' id='word_1_202' title='bbox 1147 751 1234 779; x_wconf 88' lang='lat' dir='ltr'>uobis</span> <span class='ocrx_word' id='word_1_203' title='bbox 1256 752 1335 789; x_wconf 90' lang='lat' dir='ltr'>quod</span> <span class='ocrx_word' id='word_1_204' title='bbox 1356 753 1422 789; x_wconf 88' lang='lat' dir='ltr'>ipse</span> <span class='ocrx_word' id='word_1_205' title='bbox 1442 752 1613 781; x_wconf 83' lang='lat' dir='ltr'>destinauit.</span> <span class='ocrx_word' id='word_1_206' title='bbox 1660 753 1808 782; x_wconf 86' lang='lat' dir='ltr'>Dominus</span> <span class='ocrx_word' id='word_1_207' title='bbox 1829 758 1877 783; x_wconf 89' lang='lat' dir='ltr'>est</span> <span class='ocrx_word' id='word_1_208' title='bbox 1896 755 1991 785; x_wconf 82' lang='lat' dir='ltr'>enim.</span> <span class='ocrx_word' id='word_1_209' title='bbox 2019 754 2057 783; x_wconf 78' lang='lat' dir='ltr'>sa-</span> 
     </span>
     <span class='ocr_line' id='line_1_18' title="bbox 380 791 2056 833; baseline 0.003 -13"><span class='ocrx_word' id='word_1_210' title='bbox 380 793 416 820; x_wconf 75' lang='lat' dir='ltr'>vit</span> <span class='ocrx_word' id='word_1_211' title='bbox 439 792 517 829; x_wconf 88' lang='lat' dir='ltr'>quod</span> <span class='ocrx_word' id='word_1_212' title='bbox 538 792 644 830; x_wconf 76' lang='lat' dir='ltr'>placet.</span> <span class='ocrx_word' id='word_1_213' title='bbox 677 791 793 820; x_wconf 79' lang='lat' dir='ltr'>Porro</span> <span class='ocrx_word' id='word_1_214' title='bbox 814 792 953 821; x_wconf 83' lang='lat' dir='ltr'>suturum¹</span> <span class='ocrx_word' id='word_1_215' title='bbox 974 796 1022 821; x_wconf 91' lang='lat' dir='ltr'>est</span> <span class='ocrx_word' id='word_1_216' title='bbox 1041 793 1200 830; x_wconf 84' lang='lat' dir='ltr'>aliquando</span> <span class='ocrx_word' id='word_1_217' title='bbox 1220 802 1285 821; x_wconf 71' lang='lat' dir='ltr'>cum</span> <span class='ocrx_word' id='word_1_218' title='bbox 1306 804 1429 822; x_wconf 82' lang='lat' dir='ltr'>sensum</span> <span class='ocrx_word' id='word_1_219' title='bbox 1450 796 1546 823; x_wconf 81' lang='lat' dir='ltr'>carnis</span> <span class='ocrx_word' id='word_1_220' title='bbox 1567 795 1724 824; x_wconf 87' lang='lat' dir='ltr'>detriueris</span> <span class='ocrx_word' id='word_1_221' title='bbox 1759 801 1789 825; x_wconf 89' lang='lat' dir='ltr'>ut</span> <span class='ocrx_word' id='word_1_222' title='bbox 1823 796 1974 833; x_wconf 79' lang='lat' dir='ltr'>intelligas</span> <span class='ocrx_word' id='word_1_223' title='bbox 2000 807 2056 825; x_wconf 84' lang='lat' dir='ltr'>non</span> 
     </span>
     <span class='ocr_line' id='line_1_19' title="bbox 379 834 1292 873; baseline 0.001 -11"><span class='ocrx_word' id='word_1_224' title='bbox 379 834 498 862; x_wconf 83' lang='lat' dir='ltr'>aliunde</span> <span class='ocrx_word' id='word_1_225' title='bbox 517 836 627 863; x_wconf 79' lang='lat' dir='ltr'>certius</span> <span class='ocrx_word' id='word_1_226' title='bbox 647 844 720 863; x_wconf 79' lang='lat' dir='ltr'>esse</span> <span class='ocrx_word' id='word_1_227' title='bbox 741 834 880 863; x_wconf 86' lang='lat' dir='ltr'>solatium</span> <span class='ocrx_word' id='word_1_228' title='bbox 900 839 931 864; x_wconf 90' lang='lat' dir='ltr'>ut</span> <span class='ocrx_word' id='word_1_229' title='bbox 951 845 987 863; x_wconf 86' lang='lat' dir='ltr'>ex</span> <span class='ocrx_word' id='word_1_230' title='bbox 1006 836 1292 873; x_wconf 79' lang='lat' dir='ltr'>praedestiiiacione.</span> 
     </span>
    </p>
   </div>
   <div class='ocr_carea' id='block_1_7' title="bbox 712 893 1705 934">
    <p class='ocr_par' dir='ltr' id='par_1_7' title="bbox 712 893 1705 934">
     <span class='ocr_line' id='line_1_20' title="bbox 712 893 1705 934; baseline 0.002 -13"><span class='ocrx_word' id='word_1_231' title='bbox 712 893 803 921; x_wconf 73' lang='lat' dir='ltr'>Loci</span> <span class='ocrx_word' id='word_1_232' title='bbox 835 893 1214 931; x_wconf 83' lang='lat' dir='ltr'>praedestinationis</span> <span class='ocrx_word' id='word_1_233' title='bbox 1245 893 1399 922; x_wconf 82' lang='lat' dir='ltr'>inultum</span> <span class='ocrx_word' id='word_1_234' title='bbox 1431 894 1705 934; x_wconf 84' lang='lat' dir='ltr'>consolatorij.</span> 
     </span>
    </p>
   </div>
   <div class='ocr_carea' id='block_1_8' title="bbox 372 951 2211 1501">
    <p class='ocr_par' dir='ltr' id='par_1_8' title="bbox 372 951 2211 1501">
     <span class='ocr_line' id='line_1_21' title="bbox 463 951 2058 991; baseline 0.003 -12"><span class='ocrx_word' id='word_1_235' title='bbox 463 952 686 989; x_wconf 81' lang='lat' dir='ltr'>Septimum:</span> <span class='ocrx_word' id='word_1_236' title='bbox 708 951 786 986; x_wconf 79' lang='lat' dir='ltr'>Quia</span> <span class='ocrx_word' id='word_1_237' title='bbox 807 952 892 979; x_wconf 84' lang='lat' dir='ltr'>locus</span> <span class='ocrx_word' id='word_1_238' title='bbox 913 953 1195 990; x_wconf 81' lang='lat' dir='ltr'>praedestinationis</span> <span class='ocrx_word' id='word_1_239' title='bbox 1216 952 1374 980; x_wconf 70' lang='lat' dir='ltr'>sublimior</span> <span class='ocrx_word' id='word_1_240' title='bbox 1392 957 1439 981; x_wconf 90' lang='lat' dir='ltr'>est</span> <span class='ocrx_word' id='word_1_241' title='bbox 1453 952 1580 981; x_wconf 84' lang='lat' dir='ltr'>humano</span> <span class='ocrx_word' id='word_1_242' title='bbox 1595 957 1682 991; x_wconf 84' lang='lat' dir='ltr'>captu</span> <span class='ocrx_word' id='word_1_243' title='bbox 1695 954 1878 991; x_wconf 77' lang='lat' dir='ltr'>Simpliciter</span> <span class='ocrx_word' id='word_1_244' title='bbox 1891 956 2058 984; x_wconf 67' lang='lat' dir='ltr'>contuenda</span> 
     </span>
     <span class='ocr_line' id='line_1_22' title="bbox 377 993 2057 1035; baseline 0.002 -13"><span class='ocrx_word' id='word_1_245' title='bbox 377 1000 422 1022; x_wconf 83' lang='lat' dir='ltr'>est</span> <span class='ocrx_word' id='word_1_246' title='bbox 445 998 544 1021; x_wconf 87' lang='lat' dir='ltr'>natura</span> <span class='ocrx_word' id='word_1_247' title='bbox 565 993 726 1022; x_wconf 72' lang='lat' dir='ltr'>voluntatis</span> <span class='ocrx_word' id='word_1_248' title='bbox 747 993 892 1022; x_wconf 83' lang='lat' dir='ltr'>humanae</span> <span class='ocrx_word' id='word_1_249' title='bbox 916 993 1022 1022; x_wconf 79' lang='lat' dir='ltr'>Vtrum</span> <span class='ocrx_word' id='word_1_250' title='bbox 1049 995 1149 1032; x_wconf 82' lang='lat' dir='ltr'>possit</span> <span class='ocrx_word' id='word_1_251' title='bbox 1169 1004 1242 1022; x_wconf 76' lang='lat' dir='ltr'>sese</span> <span class='ocrx_word' id='word_1_252' title='bbox 1261 994 1296 1022; x_wconf 86' lang='lat' dir='ltr'>ad</span> <span class='ocrx_word' id='word_1_253' title='bbox 1317 1004 1534 1032; x_wconf 80' lang='lat' dir='ltr'>quamcumque</span> <span class='ocrx_word' id='word_1_254' title='bbox 1555 1005 1614 1023; x_wconf 89' lang='lat' dir='ltr'>rem</span> <span class='ocrx_word' id='word_1_255' title='bbox 1633 995 1798 1034; x_wconf 84' lang='lat' dir='ltr'>applicare:</span> <span class='ocrx_word' id='word_1_256' title='bbox 1826 1000 1876 1025; x_wconf 86' lang='lat' dir='ltr'>aut</span> <span class='ocrx_word' id='word_1_257' title='bbox 1894 1007 1910 1024; x_wconf 82' lang='lat' dir='ltr'>a</span> <span class='ocrx_word' id='word_1_258' title='bbox 1931 1007 2057 1035; x_wconf 87' lang='lat' dir='ltr'>quacun-</span> 
     </span>
     <span class='ocr_line' id='line_1_23' title="bbox 377 1035 2059 1077; baseline 0.002 -13"><span class='ocrx_word' id='word_1_259' title='bbox 377 1046 435 1074; x_wconf 86' lang='lat' dir='ltr'>que</span> <span class='ocrx_word' id='word_1_260' title='bbox 455 1046 488 1064; x_wconf 88' lang='lat' dir='ltr'>re</span> <span class='ocrx_word' id='word_1_261' title='bbox 504 1046 630 1064; x_wconf 78' lang='lat' dir='ltr'>auocare</span> <span class='ocrx_word' id='word_1_262' title='bbox 649 1037 774 1073; x_wconf 78' lang='lat' dir='ltr'>quocies</span> <span class='ocrx_word' id='word_1_263' title='bbox 801 1035 930 1064; x_wconf 76' lang='lat' dir='ltr'>consulit</span> <span class='ocrx_word' id='word_1_264' title='bbox 959 1036 1140 1064; x_wconf 77' lang='lat' dir='ltr'>intellectus.</span> <span class='ocrx_word' id='word_1_265' title='bbox 1186 1035 1347 1065; x_wconf 82' lang='lat' dir='ltr'>Proinde</span> <span class='ocrx_word' id='word_1_266' title='bbox 1373 1036 1512 1065; x_wconf 79' lang='lat' dir='ltr'>voluntas</span> <span class='ocrx_word' id='word_1_267' title='bbox 1538 1037 1665 1066; x_wconf 84' lang='lat' dir='ltr'>humana</span> <span class='ocrx_word' id='word_1_268' title='bbox 1690 1037 1866 1076; x_wconf 84' lang='lat' dir='ltr'>simpliciter</span> <span class='ocrx_word' id='word_1_269' title='bbox 1890 1043 2059 1077; x_wconf 75' lang='lat' dir='ltr'>comparata</span> 
     </span>
     <span class='ocr_line' id='line_1_24' title="bbox 376 1078 2056 1117; baseline 0.002 -10"><span class='ocrx_word' id='word_1_270' title='bbox 376 1089 441 1107; x_wconf 79' lang='lat' dir='ltr'>cum</span> <span class='ocrx_word' id='word_1_271' title='bbox 461 1078 619 1107; x_wconf 81' lang='lat' dir='ltr'>affectibus</span> <span class='ocrx_word' id='word_1_272' title='bbox 639 1089 695 1107; x_wconf 87' lang='lat' dir='ltr'>non</span> <span class='ocrx_word' id='word_1_273' title='bbox 716 1083 763 1107; x_wconf 86' lang='lat' dir='ltr'>est</span> <span class='ocrx_word' id='word_1_274' title='bbox 794 1078 887 1107; x_wconf 86' lang='lat' dir='ltr'>libera</span> <span class='ocrx_word' id='word_1_275' title='bbox 906 1078 968 1107; x_wconf 85' lang='lat' dir='ltr'>Sed</span> <span class='ocrx_word' id='word_1_276' title='bbox 994 1080 1111 1117; x_wconf 73' lang='lat' dir='ltr'>captiua</span> <span class='ocrx_word' id='word_1_277' title='bbox 1138 1080 1247 1115; x_wconf 71' lang='lat' dir='ltr'>regitur</span> <span class='ocrx_word' id='word_1_278' title='bbox 1269 1083 1330 1107; x_wconf 88' lang='lat' dir='ltr'>tum</span> <span class='ocrx_word' id='word_1_279' title='bbox 1358 1080 1446 1107; x_wconf 89' lang='lat' dir='ltr'>bonis</span> <span class='ocrx_word' id='word_1_280' title='bbox 1470 1084 1531 1108; x_wconf 89' lang='lat' dir='ltr'>tum</span> <span class='ocrx_word' id='word_1_281' title='bbox 1550 1079 1638 1108; x_wconf 91' lang='lat' dir='ltr'>malis</span> <span class='ocrx_word' id='word_1_282' title='bbox 1657 1080 1825 1109; x_wconf 84' lang='lat' dir='ltr'>affectibus.</span> <span class='ocrx_word' id='word_1_283' title='bbox 1873 1080 1970 1115; x_wconf 84' lang='lat' dir='ltr'>Quam</span> <span class='ocrx_word' id='word_1_284' title='bbox 1990 1091 2056 1110; x_wconf 80' lang='lat' dir='ltr'>sen-</span> 
     </span>
     <span class='ocr_line' id='line_1_25' title="bbox 376 1121 2057 1160; baseline 0.002 -11"><span class='ocrx_word' id='word_1_285' title='bbox 376 1122 502 1149; x_wconf 81' lang='lat' dir='ltr'>tenciam</span> <span class='ocrx_word' id='word_1_286' title='bbox 522 1121 569 1149; x_wconf 75' lang='lat' dir='ltr'>vel</span> <span class='ocrx_word' id='word_1_287' title='bbox 591 1122 656 1158; x_wconf 90' lang='lat' dir='ltr'>ipsa</span> <span class='ocrx_word' id='word_1_288' title='bbox 676 1121 764 1149; x_wconf 76' lang='lat' dir='ltr'>docet</span> <span class='ocrx_word' id='word_1_289' title='bbox 783 1130 876 1149; x_wconf 88' lang='lat' dir='ltr'>rerum</span> <span class='ocrx_word' id='word_1_290' title='bbox 897 1122 1089 1159; x_wconf 79' lang='lat' dir='ltr'>experientia.</span> <span class='ocrx_word' id='word_1_291' title='bbox 1137 1121 1225 1156; x_wconf 77' lang='lat' dir='ltr'>Quod</span> <span class='ocrx_word' id='word_1_292' title='bbox 1246 1121 1358 1149; x_wconf 91' lang='lat' dir='ltr'>nullius</span> <span class='ocrx_word' id='word_1_293' title='bbox 1378 1121 1504 1150; x_wconf 79' lang='lat' dir='ltr'>affectus</span> <span class='ocrx_word' id='word_1_294' title='bbox 1524 1124 1715 1159; x_wconf 87' lang='lat' dir='ltr'>quantumuis</span> <span class='ocrx_word' id='word_1_295' title='bbox 1744 1122 1877 1160; x_wconf 76' lang='lat' dir='ltr'>languidi</span> <span class='ocrx_word' id='word_1_296' title='bbox 1909 1123 2057 1152; x_wconf 85' lang='lat' dir='ltr'>humanus</span> 
     </span>
     <span class='ocr_line' id='line_1_26' title="bbox 375 1162 2059 1203; baseline 0.002 -12"><span class='ocrx_word' id='word_1_297' title='bbox 375 1165 492 1191; x_wconf 89' lang='lat' dir='ltr'>aniruus</span> <span class='ocrx_word' id='word_1_298' title='bbox 512 1173 636 1201; x_wconf 74' lang='lat' dir='ltr'>compos</span> <span class='ocrx_word' id='word_1_299' title='bbox 657 1169 714 1193; x_wconf 84' lang='lat' dir='ltr'>est.</span> <span class='ocrx_word' id='word_1_300' title='bbox 735 1167 764 1191; x_wconf 88' lang='lat' dir='ltr'>et</span> <span class='ocrx_word' id='word_1_301' title='bbox 782 1164 885 1201; x_wconf 83' lang='lat' dir='ltr'>probat</span> <span class='ocrx_word' id='word_1_302' title='bbox 907 1167 1025 1192; x_wconf 83' lang='lat' dir='ltr'>sextum</span> <span class='ocrx_word' id='word_1_303' title='bbox 1045 1162 1132 1191; x_wconf 79' lang='lat' dir='ltr'>Pauli</span> <span class='ocrx_word' id='word_1_304' title='bbox 1153 1165 1278 1201; x_wconf 78' lang='lat' dir='ltr'>caput⁴)</span> <span class='ocrx_word' id='word_1_305' title='bbox 1298 1164 1335 1191; x_wconf 86' lang='lat' dir='ltr'>ad</span> <span class='ocrx_word' id='word_1_306' title='bbox 1347 1164 1405 1191; x_wconf 73' lang='lat' dir='ltr'>Ro.</span> <span class='ocrx_word' id='word_1_307' title='bbox 1428 1167 1485 1201; x_wconf 71' lang='lat' dir='ltr'>ivs.</span> <span class='ocrx_word' id='word_1_308' title='bbox 1511 1166 1584 1202; x_wconf 61' lang='lat' dir='ltr'>lozz]</span> <span class='ocrx_word' id='word_1_309' title='bbox 1603 1164 1690 1193; x_wconf 86' lang='lat' dir='ltr'>Serui</span> <span class='ocrx_word' id='word_1_310' title='bbox 1711 1166 1788 1193; x_wconf 84' lang='lat' dir='ltr'>estis</span> <span class='ocrx_word' id='word_1_311' title='bbox 1808 1166 1876 1193; x_wconf 82' lang='lat' dir='ltr'>siue</span> <span class='ocrx_word' id='word_1_312' title='bbox 1892 1167 2007 1203; x_wconf 83' lang='lat' dir='ltr'>peccati</span> <span class='ocrx_word' id='word_1_313' title='bbox 2020 1166 2059 1194; x_wconf 87' lang='lat' dir='ltr'>ad</span> 
     </span>
     <span class='ocr_line' id='line_1_27' title="bbox 376 1204 2180 1243; baseline 0 -9"><span class='ocrx_word' id='word_1_314' title='bbox 376 1211 498 1235; x_wconf 86' lang='lat' dir='ltr'>mortem</span> <span class='ocrx_word' id='word_1_315' title='bbox 518 1207 585 1234; x_wconf 83' lang='lat' dir='ltr'>siue</span> <span class='ocrx_word' id='word_1_316' title='bbox 606 1206 795 1234; x_wconf 86' lang='lat' dir='ltr'>obedientiae</span> <span class='ocrx_word' id='word_1_317' title='bbox 814 1205 850 1234; x_wconf 85' lang='lat' dir='ltr'>ad</span> <span class='ocrx_word' id='word_1_318' title='bbox 871 1206 1025 1234; x_wconf 77' lang='lat' dir='ltr'>iustitiam.</span> <span class='ocrx_word' id='word_1_319' title='bbox 1046 1206 1093 1234; x_wconf 84' lang='lat' dir='ltr'>vbi</span> <span class='ocrx_word' id='word_1_320' title='bbox 1114 1206 1224 1243; x_wconf 82' lang='lat' dir='ltr'>duplex</span> <span class='ocrx_word' id='word_1_321' title='bbox 1243 1206 1421 1234; x_wconf 78' lang='lat' dir='ltr'>describitur</span> <span class='ocrx_word' id='word_1_322' title='bbox 1444 1207 1576 1235; x_wconf 85' lang='lat' dir='ltr'>seruitus</span> <span class='ocrx_word' id='word_1_323' title='bbox 1594 1206 1697 1235; x_wconf 79' lang='lat' dir='ltr'>Altera</span> <span class='ocrx_word' id='word_1_324' title='bbox 1722 1207 1880 1236; x_wconf 80' lang='lat' dir='ltr'>affectuum</span> <span class='ocrx_word' id='word_1_325' title='bbox 1900 1208 2059 1237; x_wconf 75' lang='lat' dir='ltr'>carnalium</span> <span class='ocrx_word' id='word_1_326' title='bbox 2082 1204 2180 1242; x_wconf 61' lang='lat' dir='ltr'>Duplex</span> 
     </span>
     <span class='ocr_line' id='line_1_28' title="bbox 374 1240 2188 1289; baseline 0.002 -12"><span class='ocrx_word' id='word_1_327' title='bbox 374 1249 478 1278; x_wconf 75' lang='lat' dir='ltr'>Altera</span> <span class='ocrx_word' id='word_1_328' title='bbox 498 1249 633 1286; x_wconf 88' lang='lat' dir='ltr'>spiritus.</span> <span class='ocrx_word' id='word_1_329' title='bbox 654 1252 682 1276; x_wconf 90' lang='lat' dir='ltr'>et</span> <span class='ocrx_word' id='word_1_330' title='bbox 692 1249 821 1286; x_wconf 79' lang='lat' dir='ltr'>septimo</span> <span class='ocrx_word' id='word_1_331' title='bbox 841 1256 896 1276; x_wconf 36' lang='lat' dir='ltr'>cav‘.</span> <span class='ocrx_word' id='word_1_332' title='bbox 918 1251 976 1285; x_wconf 72' lang='lat' dir='ltr'>[vs.</span> <span class='ocrx_word' id='word_1_333' title='bbox 999 1251 1058 1285; x_wconf 74' lang='lat' dir='ltr'>5.z]</span> <span class='ocrx_word' id='word_1_334' title='bbox 1079 1246 1155 1277; x_wconf 83' lang='lat' dir='ltr'>Cum</span> <span class='ocrx_word' id='word_1_335' title='bbox 1175 1258 1317 1277; x_wconf 82' lang='lat' dir='ltr'>essemus</span> <span class='ocrx_word' id='word_1_336' title='bbox 1339 1249 1366 1277; x_wconf 91' lang='lat' dir='ltr'>in</span> <span class='ocrx_word' id='word_1_337' title='bbox 1386 1259 1487 1281; x_wconf 84' lang='lat' dir='ltr'>carne,</span> <span class='ocrx_word' id='word_1_338' title='bbox 1518 1249 1644 1278; x_wconf 78' lang='lat' dir='ltr'>affectus</span> <span class='ocrx_word' id='word_1_339' title='bbox 1671 1254 1857 1288; x_wconf 86' lang='lat' dir='ltr'>peccatorum</span> <span class='ocrx_word' id='word_1_340' title='bbox 1878 1252 1929 1288; x_wconf 88' lang='lat' dir='ltr'>qui</span> <span class='ocrx_word' id='word_1_341' title='bbox 1948 1261 2001 1289; x_wconf 85' lang='lat' dir='ltr'>per</span> <span class='ocrx_word' id='word_1_342' title='bbox 2018 1250 2059 1279; x_wconf 89' lang='lat' dir='ltr'>le·</span> <span class='ocrx_word' id='word_1_343' title='bbox 2078 1240 2188 1264; x_wconf 68' lang='lat' dir='ltr'><strong>senmus</strong></span> 
     </span>
     <span class='ocr_line' id='line_1_29' title="bbox 375 1289 2196 1331; baseline 0.002 -12"><span class='ocrx_word' id='word_1_344' title='bbox 375 1302 440 1329; x_wconf 76' lang='lat' dir='ltr'>gem</span> <span class='ocrx_word' id='word_1_345' title='bbox 461 1295 541 1319; x_wconf 89' lang='lat' dir='ltr'>erant</span> <span class='ocrx_word' id='word_1_346' title='bbox 562 1291 757 1329; x_wconf 87' lang='lat' dir='ltr'>operabantur</span> <span class='ocrx_word' id='word_1_347' title='bbox 777 1291 803 1318; x_wconf 90' lang='lat' dir='ltr'>in</span> <span class='ocrx_word' id='word_1_348' title='bbox 823 1291 964 1319; x_wconf 80' lang='lat' dir='ltr'>membris</span> <span class='ocrx_word' id='word_1_349' title='bbox 986 1292 1096 1319; x_wconf 88' lang='lat' dir='ltr'>nostris</span> <span class='ocrx_word' id='word_1_350' title='bbox 1117 1295 1145 1319; x_wconf 89' lang='lat' dir='ltr'>ut</span> <span class='ocrx_word' id='word_1_351' title='bbox 1168 1291 1373 1320; x_wconf 73' lang='lat' dir='ltr'>fructificarent</span> <span class='ocrx_word' id='word_1_352' title='bbox 1392 1292 1485 1320; x_wconf 85' lang='lat' dir='ltr'>morti.</span> <span class='ocrx_word' id='word_1_353' title='bbox 1528 1291 1567 1320; x_wconf 86' lang='lat' dir='ltr'>Et</span> <span class='ocrx_word' id='word_1_354' title='bbox 1587 1296 1603 1321; x_wconf 81' lang='grc' dir='ltr'>ὅ</span> <span class='ocrx_word' id='word_1_355' title='bbox 1624 1302 1674 1321; x_wconf 86' lang='lat' dir='ltr'>ca:</span> <span class='ocrx_word' id='word_1_356' title='bbox 1696 1295 1754 1329; x_wconf 68' lang='lat' dir='ltr'>[VS.</span> <span class='ocrx_word' id='word_1_357' title='bbox 1772 1295 1818 1321; x_wconf 85' lang='lat'>14.</span> <span class='ocrx_word' id='word_1_358' title='bbox 1831 1296 1851 1330; x_wconf 74' lang='lat' dir='ltr'>z]</span> <span class='ocrx_word' id='word_1_359' title='bbox 1872 1293 1933 1328; x_wconf 81' lang='lat' dir='ltr'>Qui</span> <span class='ocrx_word' id='word_1_360' title='bbox 1951 1294 2060 1331; x_wconf 86' lang='lat' dir='ltr'>spiritu</span> <span class='ocrx_word' id='word_1_361' title='bbox 2077 1289 2196 1327; x_wconf 56' lang='lat' dir='ltr'>nqnfflffit</span> 
     </span>
     <span class='ocr_line' id='line_1_30' title="bbox 374 1324 2211 1373; baseline 0.002 -11"><span class='ocrx_word' id='word_1_362' title='bbox 374 1334 422 1362; x_wconf 83' lang='lat' dir='ltr'>dei</span> <span class='ocrx_word' id='word_1_363' title='bbox 443 1337 568 1371; x_wconf 74' lang='lat' dir='ltr'>aguntur</span> <span class='ocrx_word' id='word_1_364' title='bbox 588 1333 617 1361; x_wconf 90' lang='lat' dir='ltr'>hi</span> <span class='ocrx_word' id='word_1_365' title='bbox 638 1333 689 1361; x_wconf 84' lang='lat' dir='ltr'>filii</span> <span class='ocrx_word' id='word_1_366' title='bbox 705 1334 732 1365; x_wconf 75' lang='lat'>⁵&gt;</span> <span class='ocrx_word' id='word_1_367' title='bbox 753 1333 800 1361; x_wconf 84' lang='lat' dir='ltr'>dei</span> <span class='ocrx_word' id='word_1_368' title='bbox 820 1337 900 1361; x_wconf 87' lang='lat' dir='ltr'>sunt.</span> <span class='ocrx_word' id='word_1_369' title='bbox 948 1332 1068 1368; x_wconf 84' lang='lat' dir='ltr'>Quibus</span> <span class='ocrx_word' id='word_1_370' title='bbox 1096 1332 1173 1361; x_wconf 82' lang='lat' dir='ltr'>locis</span> <span class='ocrx_word' id='word_1_371' title='bbox 1200 1334 1277 1362; x_wconf 86' lang='lat' dir='ltr'>satis</span> <span class='ocrx_word' id='word_1_372' title='bbox 1297 1333 1427 1363; x_wconf 82' lang='lat' dir='ltr'>declarat</span> <span class='ocrx_word' id='word_1_373' title='bbox 1453 1334 1589 1363; x_wconf 81' lang='lat' dir='ltr'>affectum</span> <span class='ocrx_word' id='word_1_374' title='bbox 1610 1344 1712 1372; x_wconf 86' lang='lat' dir='ltr'>regere</span> <span class='ocrx_word' id='word_1_375' title='bbox 1732 1346 1788 1364; x_wconf 90' lang='lat' dir='ltr'>non</span> <span class='ocrx_word' id='word_1_376' title='bbox 1809 1337 1871 1373; x_wconf 85' lang='lat' dir='ltr'>regi</span> <span class='ocrx_word' id='word_1_377' title='bbox 1889 1337 1926 1364; x_wconf 88' lang='lat' dir='ltr'>ab</span> <span class='ocrx_word' id='word_1_378' title='bbox 1950 1328 2108 1364; x_wconf 69' lang='lat' dir='ltr'>affectuqffl</span> <span class='ocrx_word' id='word_1_379' title='bbox 2125 1324 2211 1352; x_wconf 58' lang='lat' dir='ltr'><strong>agunt‘</strong></span> 
     </span>
     <span class='ocr_line' id='line_1_31' title="bbox 375 1373 2187 1415; baseline 0.002 -11"><span class='ocrx_word' id='word_1_380' title='bbox 375 1376 488 1415; x_wconf 90' lang='lat' dir='ltr'>impelli</span> <span class='ocrx_word' id='word_1_381' title='bbox 510 1376 659 1404; x_wconf 87' lang='lat' dir='ltr'>bominem</span> <span class='ocrx_word' id='word_1_382' title='bbox 678 1386 776 1413; x_wconf 85' lang='lat' dir='ltr'>neque</span> <span class='ocrx_word' id='word_1_383' title='bbox 800 1376 826 1404; x_wconf 94' lang='lat' dir='ltr'>in</span> <span class='ocrx_word' id='word_1_384' title='bbox 847 1380 948 1404; x_wconf 82' lang='lat' dir='ltr'>nostra</span> <span class='ocrx_word' id='word_1_385' title='bbox 966 1379 1118 1414; x_wconf 84' lang='lat' dir='ltr'>potestate</span> <span class='ocrx_word' id='word_1_386' title='bbox 1137 1386 1210 1404; x_wconf 69' lang='lat' dir='ltr'>esse</span> <span class='ocrx_word' id='word_1_387' title='bbox 1229 1375 1377 1405; x_wconf 78' lang='lat' dir='ltr'>affectum.</span> <span class='ocrx_word' id='word_1_388' title='bbox 1423 1376 1462 1406; x_wconf 90' lang='lat' dir='ltr'>Et</span> <span class='ocrx_word' id='word_1_389' title='bbox 1482 1376 1529 1405; x_wconf 84' lang='lat' dir='ltr'>hic</span> <span class='ocrx_word' id='word_1_390' title='bbox 1547 1376 1673 1406; x_wconf 79' lang='lat' dir='ltr'>affectus</span> <span class='ocrx_word' id='word_1_391' title='bbox 1698 1377 1806 1406; x_wconf 79' lang='lat' dir='ltr'>affectu</span> <span class='ocrx_word' id='word_1_392' title='bbox 1832 1379 1958 1407; x_wconf 80' lang='lat' dir='ltr'>vincitur</span> <span class='ocrx_word' id='word_1_393' title='bbox 1982 1379 2059 1407; x_wconf 88' lang='lat' dir='ltr'>Sunt</span> <span class='ocrx_word' id='word_1_394' title='bbox 2076 1373 2187 1412; x_wconf 53' lang='lat' dir='ltr'>Aff‘ffctus</span> 
     </span>
     <span class='ocr_line' id='line_1_32' title="bbox 373 1408 2196 1467; baseline 0.002 -20"><span class='ocrx_word' id='word_1_395' title='bbox 373 1419 450 1447; x_wconf 86' lang='lat' dir='ltr'>enim</span> <span class='ocrx_word' id='word_1_396' title='bbox 471 1418 521 1447; x_wconf 88' lang='lat' dir='ltr'>alii</span> <span class='ocrx_word' id='word_1_397' title='bbox 542 1417 610 1447; x_wconf 86' lang='lat' dir='ltr'>aliis</span> <span class='ocrx_word' id='word_1_398' title='bbox 622 1420 648 1452; x_wconf 76' lang='grc' dir='ltr'>ὃ)</span> <span class='ocrx_word' id='word_1_399' title='bbox 675 1418 860 1447; x_wconf 87' lang='lat' dir='ltr'>ardentiores</span> <span class='ocrx_word' id='word_1_400' title='bbox 886 1423 917 1447; x_wconf 88' lang='lat' dir='ltr'>ut</span> <span class='ocrx_word' id='word_1_401' title='bbox 943 1428 1122 1456; x_wconf 77' lang='lat' dir='ltr'>quamquain</span> <span class='ocrx_word' id='word_1_402' title='bbox 1149 1422 1304 1447; x_wconf 84' lang='lat' dir='ltr'>auersetur</span> <span class='ocrx_word' id='word_1_403' title='bbox 1329 1423 1357 1448; x_wconf 90' lang='lat' dir='ltr'>et</span> <span class='ocrx_word' id='word_1_404' title='bbox 1377 1419 1531 1448; x_wconf 82' lang='lat' dir='ltr'>exhorreat</span> <span class='ocrx_word' id='word_1_405' title='bbox 1555 1419 1718 1458; x_wconf 88' lang='lat' dir='ltr'>periculum</span> <span class='ocrx_word' id='word_1_406' title='bbox 1739 1419 1834 1449; x_wconf 88' lang='lat' dir='ltr'>lulius</span> <span class='ocrx_word' id='word_1_407' title='bbox 1863 1424 1960 1450; x_wconf 85' lang='lat' dir='ltr'>tamen</span> <span class='ocrx_word' id='word_1_408' title='bbox 1988 1422 2058 1459; x_wconf 77' lang='lat' dir='ltr'>quIa</span> <span class='ocrx_word' id='word_1_409' title='bbox 2072 1408 2196 1467; x_wconf 49' lang='lat' dir='ltr'>rfffiaelssn</span> 
     </span>
     <span class='ocr_line' id='line_1_33' title="bbox 372 1447 2186 1501; baseline 0 -9"><span class='ocrx_word' id='word_1_410' title='bbox 372 1461 454 1492; x_wconf 80' lang='lat' dir='ltr'>ardet</span> <span class='ocrx_word' id='word_1_411' title='bbox 475 1460 714 1495; x_wconf 65' lang='lat' dir='ltr'>(sehementiori</span> <span class='ocrx_word' id='word_1_412' title='bbox 735 1460 853 1489; x_wconf 80' lang='lat' dir='ltr'>scilicet</span> <span class='ocrx_word' id='word_1_413' title='bbox 865 1460 998 1494; x_wconf 82' lang='lat' dir='ltr'>affectu.)</span> <span class='ocrx_word' id='word_1_414' title='bbox 1019 1461 1139 1498; x_wconf 79' lang='lat' dir='ltr'>gratiam</span> <span class='ocrx_word' id='word_1_415' title='bbox 1153 1461 1219 1489; x_wconf 84' lang='lat' dir='ltr'>siue</span> <span class='ocrx_word' id='word_1_416' title='bbox 1230 1462 1331 1499; x_wconf 86' lang='lat' dir='ltr'>potius</span> <span class='ocrx_word' id='word_1_417' title='bbox 1343 1463 1368 1497; x_wconf 84' lang='lat'>⁷)</span> <span class='ocrx_word' id='word_1_418' title='bbox 1388 1461 1509 1499; x_wconf 81' lang='lat' dir='ltr'>gloriam</span> <span class='ocrx_word' id='word_1_419' title='bbox 1523 1472 1579 1490; x_wconf 90' lang='lat' dir='ltr'>non</span> <span class='ocrx_word' id='word_1_420' title='bbox 1593 1463 1735 1492; x_wconf 87' lang='lat' dir='ltr'>detrectat</span> <span class='ocrx_word' id='word_1_421' title='bbox 1747 1467 1776 1491; x_wconf 87' lang='lat' dir='ltr'>et</span> <span class='ocrx_word' id='word_1_422' title='bbox 1785 1464 1871 1501; x_wconf 85' lang='lat' dir='ltr'>quasi</span> <span class='ocrx_word' id='word_1_423' title='bbox 1885 1464 2055 1493; x_wconf 83' lang='lat' dir='ltr'>contemnit.</span> <span class='ocrx_word' id='word_1_424' title='bbox 2112 1447 2137 1471; x_wconf 53' lang='grc' dir='ltr'>ἕ]</span> <span class='ocrx_word' id='word_1_425' title='bbox 2181 1460 2186 1465; x_wconf 77' lang='grc'><strong>”</strong></span> 
     </span>
    </p>
   </div>
   <div class='ocr_carea' id='block_1_9' title="bbox 527 1520 1431 1551">
    <p class='ocr_par' dir='ltr' id='par_1_9' title="bbox 527 1520 1431 1551">
     <span class='ocr_line' id='line_1_34' title="bbox 527 1520 1431 1551; baseline -0.001 -5"><span class='ocrx_word' id='word_1_426' title='bbox 527 1520 553 1549; x_wconf 71' lang='lat'>‘)</span> <span class='ocrx_word' id='word_1_427' title='bbox 578 1520 642 1546; x_wconf 74' lang='lat' dir='ltr'>Nihil</span> <span class='ocrx_word' id='word_1_428' title='bbox 655 1520 680 1549; x_wconf 74' lang='lat'>⁸)</span> <span class='ocrx_word' id='word_1_429' title='bbox 699 1524 737 1545; x_wconf 85' lang='lat' dir='ltr'>est</span> <span class='ocrx_word' id='word_1_430' title='bbox 757 1520 863 1551; x_wconf 82' lang='lat' dir='ltr'>positum</span> <span class='ocrx_word' id='word_1_431' title='bbox 883 1520 908 1545; x_wconf 90' lang='lat' dir='ltr'>in</span> <span class='ocrx_word' id='word_1_432' title='bbox 926 1521 1020 1545; x_wconf 81' lang='lat' dir='ltr'>nostris</span> <span class='ocrx_word' id='word_1_433' title='bbox 1039 1521 1133 1545; x_wconf 75' lang='lat' dir='ltr'>vii-ibus</span> <span class='ocrx_word' id='word_1_434' title='bbox 1153 1521 1210 1545; x_wconf 85' lang='lat' dir='ltr'>Siue</span> <span class='ocrx_word' id='word_1_435' title='bbox 1229 1524 1286 1545; x_wconf 79' lang='lat' dir='ltr'>ante</span> <span class='ocrx_word' id='word_1_436' title='bbox 1306 1521 1431 1546; x_wconf 78' lang='lat' dir='ltr'>collatum.</span> 
     </span>
    </p>
   </div>
   <div class='ocr_carea' id='block_1_10' title="bbox 374 1568 2204 1652">
    <p class='ocr_par' dir='ltr' id='par_1_10' title="bbox 374 1568 2204 1652">
     <span class='ocr_line' id='line_1_35' title="bbox 463 1568 2204 1610; baseline 0 -10"><span class='ocrx_word' id='word_1_437' title='bbox 463 1571 664 1600; x_wconf 79' lang='lat' dir='ltr'>octauum:</span> <span class='ocrx_word' id='word_1_438' title='bbox 697 1568 765 1599; x_wconf 89' lang='lat' dir='ltr'>Iam</span> <span class='ocrx_word' id='word_1_439' title='bbox 785 1572 817 1599; x_wconf 82' lang='lat' dir='ltr'>si</span> <span class='ocrx_word' id='word_1_440' title='bbox 838 1571 942 1599; x_wconf 84' lang='lat' dir='ltr'>dicas</span> <span class='ocrx_word' id='word_1_441' title='bbox 962 1571 995 1599; x_wconf 92' lang='lat' dir='ltr'>Si</span> <span class='ocrx_word' id='word_1_442' title='bbox 1016 1580 1114 1608; x_wconf 85' lang='lat' dir='ltr'>neque</span> <span class='ocrx_word' id='word_1_443' title='bbox 1136 1572 1163 1599; x_wconf 85' lang='lat' dir='ltr'>in</span> <span class='ocrx_word' id='word_1_444' title='bbox 1183 1572 1271 1600; x_wconf 82' lang='lat' dir='ltr'>bonis</span> <span class='ocrx_word' id='word_1_445' title='bbox 1291 1581 1389 1609; x_wconf 88' lang='lat' dir='ltr'>neque</span> <span class='ocrx_word' id='word_1_446' title='bbox 1404 1572 1431 1600; x_wconf 94' lang='lat' dir='ltr'>in</span> <span class='ocrx_word' id='word_1_447' title='bbox 1441 1571 1529 1600; x_wconf 85' lang='lat' dir='ltr'>malis</span> <span class='ocrx_word' id='word_1_448' title='bbox 1544 1572 1637 1601; x_wconf 87' lang='lat' dir='ltr'>libera</span> <span class='ocrx_word' id='word_1_449' title='bbox 1652 1576 1700 1601; x_wconf 87' lang='lat' dir='ltr'>est</span> <span class='ocrx_word' id='word_1_450' title='bbox 1715 1572 1864 1605; x_wconf 77' lang='lat' dir='ltr'>voluntas,</span> <span class='ocrx_word' id='word_1_451' title='bbox 1885 1581 1955 1610; x_wconf 88' lang='lat' dir='ltr'>ergo</span> <span class='ocrx_word' id='word_1_452' title='bbox 1969 1572 2055 1600; x_wconf 82' lang='lat' dir='ltr'>Sicut</span> <span class='ocrx_word' id='word_1_453' title='bbox 2069 1581 2204 1605; x_wconf 80' lang='lat' dir='ltr'>argumen-</span> 
     </span>
     <span class='ocr_line' id='line_1_36' title="bbox 374 1611 2168 1652; baseline -0.001 -9"><span class='ocrx_word' id='word_1_454' title='bbox 374 1625 388 1643; x_wconf 89' lang='lat' dir='ltr'>a</span> <span class='ocrx_word' id='word_1_455' title='bbox 411 1614 499 1643; x_wconf 79' lang='lat' dir='ltr'>malis</span> <span class='ocrx_word' id='word_1_456' title='bbox 520 1614 556 1642; x_wconf 90' lang='lat' dir='ltr'>ad</span> <span class='ocrx_word' id='word_1_457' title='bbox 576 1614 652 1642; x_wconf 85' lang='lat' dir='ltr'>bona</span> <span class='ocrx_word' id='word_1_458' title='bbox 672 1624 728 1642; x_wconf 89' lang='lat' dir='ltr'>non</span> <span class='ocrx_word' id='word_1_459' title='bbox 748 1617 851 1652; x_wconf 82' lang='lat' dir='ltr'>potest</span> <span class='ocrx_word' id='word_1_460' title='bbox 869 1613 958 1642; x_wconf 90' lang='lat' dir='ltr'>homo</span> <span class='ocrx_word' id='word_1_461' title='bbox 978 1613 1055 1642; x_wconf 85' lang='lat' dir='ltr'>ssecti</span> <span class='ocrx_word' id='word_1_462' title='bbox 1077 1612 1117 1641; x_wconf 88' lang='lat' dir='ltr'>Ita</span> <span class='ocrx_word' id='word_1_463' title='bbox 1138 1623 1193 1641; x_wconf 88' lang='lat' dir='ltr'>non</span> <span class='ocrx_word' id='word_1_464' title='bbox 1214 1615 1321 1651; x_wconf 85' lang='lat' dir='ltr'>poterit</span> <span class='ocrx_word' id='word_1_465' title='bbox 1339 1623 1356 1641; x_wconf 94' lang='lat' dir='ltr'>a</span> <span class='ocrx_word' id='word_1_466' title='bbox 1375 1614 1463 1642; x_wconf 84' lang='lat' dir='ltr'>bonis</span> <span class='ocrx_word' id='word_1_467' title='bbox 1483 1614 1520 1642; x_wconf 88' lang='lat' dir='ltr'>ad</span> <span class='ocrx_word' id='word_1_468' title='bbox 1539 1614 1626 1643; x_wconf 85' lang='lat' dir='ltr'>mala.</span> <span class='ocrx_word' id='word_1_469' title='bbox 1689 1614 1818 1643; x_wconf 89' lang='lat' dir='ltr'>Solutio.</span> <span class='ocrx_word' id='word_1_470' title='bbox 2108 1611 2168 1635; x_wconf 59' lang='lat'>‘⁰¹¹¹-</span> 
     </span>
    </p>
   </div>
   <div class='ocr_carea' id='block_1_11' title="bbox 373 1672 2055 1881">
    <p class='ocr_par' dir='ltr' id='par_1_11' title="bbox 373 1672 2055 1881">
     <span class='ocr_line' id='line_1_37' title="bbox 462 1672 2055 1711; baseline -0.001 -10"><span class='ocrx_word' id='word_1_471' title='bbox 462 1673 529 1702; x_wconf 75' lang='lat' dir='ltr'>Hic</span> <span class='ocrx_word' id='word_1_472' title='bbox 549 1673 721 1711; x_wconf 80' lang='lat' dir='ltr'>expende</span> <span class='ocrx_word' id='word_1_473' title='bbox 736 1675 763 1707; x_wconf 74' lang='lat'>⁹)</span> <span class='ocrx_word' id='word_1_474' title='bbox 784 1674 841 1701; x_wconf 82' lang='lat' dir='ltr'>vim</span> <span class='ocrx_word' id='word_1_475' title='bbox 861 1672 1029 1701; x_wconf 75' lang='lat' dir='ltr'>affectuum.</span> <span class='ocrx_word' id='word_1_476' title='bbox 1075 1672 1151 1701; x_wconf 80' lang='lat' dir='ltr'>Nam</span> <span class='ocrx_word' id='word_1_477' title='bbox 1172 1673 1199 1700; x_wconf 87' lang='lat' dir='ltr'>in</span> <span class='ocrx_word' id='word_1_478' title='bbox 1219 1683 1255 1701; x_wconf 89' lang='lat' dir='ltr'>eo</span> <span class='ocrx_word' id='word_1_479' title='bbox 1276 1673 1324 1710; x_wconf 87' lang='lat' dir='ltr'>qui</span> <span class='ocrx_word' id='word_1_480' title='bbox 1346 1677 1393 1701; x_wconf 84' lang='lat' dir='ltr'>est</span> <span class='ocrx_word' id='word_1_481' title='bbox 1413 1676 1493 1701; x_wconf 79' lang='lat' dir='ltr'>extra</span> <span class='ocrx_word' id='word_1_482' title='bbox 1512 1674 1647 1711; x_wconf 79' lang='lat' dir='ltr'>spiritum</span> <span class='ocrx_word' id='word_1_483' title='bbox 1666 1673 1734 1702; x_wconf 80' lang='lat' dir='ltr'>Non</span> <span class='ocrx_word' id='word_1_484' title='bbox 1761 1677 1831 1702; x_wconf 88' lang='lat' dir='ltr'>sunt</span> <span class='ocrx_word' id='word_1_485' title='bbox 1850 1674 1907 1702; x_wconf 85' lang='lat' dir='ltr'>nisi</span> <span class='ocrx_word' id='word_1_486' title='bbox 1927 1672 1997 1701; x_wconf 91' lang='lat' dir='ltr'>mali</span> <span class='ocrx_word' id='word_1_487' title='bbox 2016 1672 2055 1701; x_wconf 85' lang='lat' dir='ltr'>af-</span> 
     </span>
     <span class='ocr_line' id='line_1_38' title="bbox 373 1714 2054 1754; baseline -0.002 -9"><span class='ocrx_word' id='word_1_488' title='bbox 373 1717 472 1745; x_wconf 78' lang='lat' dir='ltr'>fectus</span> <span class='ocrx_word' id='word_1_489' title='bbox 493 1726 583 1754; x_wconf 89' lang='lat' dir='ltr'>quare</span> <span class='ocrx_word' id='word_1_490' title='bbox 601 1715 639 1743; x_wconf 90' lang='lat' dir='ltr'>ad</span> <span class='ocrx_word' id='word_1_491' title='bbox 659 1716 735 1744; x_wconf 89' lang='lat' dir='ltr'>bona</span> <span class='ocrx_word' id='word_1_492' title='bbox 755 1726 811 1744; x_wconf 90' lang='lat' dir='ltr'>non</span> <span class='ocrx_word' id='word_1_493' title='bbox 831 1715 972 1744; x_wconf 87' lang='lat' dir='ltr'>deflectit.</span> <span class='ocrx_word' id='word_1_494' title='bbox 1019 1714 1178 1744; x_wconf 80' lang='lat' dir='ltr'>Contra:</span> <span class='ocrx_word' id='word_1_495' title='bbox 1200 1716 1227 1743; x_wconf 89' lang='lat' dir='ltr'>iu</span> <span class='ocrx_word' id='word_1_496' title='bbox 1247 1725 1283 1743; x_wconf 88' lang='lat' dir='ltr'>eo</span> <span class='ocrx_word' id='word_1_497' title='bbox 1303 1715 1353 1753; x_wconf 89' lang='lat' dir='ltr'>qui</span> <span class='ocrx_word' id='word_1_498' title='bbox 1373 1719 1421 1744; x_wconf 85' lang='lat' dir='ltr'>est</span> <span class='ocrx_word' id='word_1_499' title='bbox 1441 1716 1622 1744; x_wconf 86' lang='lat' dir='ltr'>instauratus</span> <span class='ocrx_word' id='word_1_500' title='bbox 1642 1716 1748 1754; x_wconf 79' lang='lat' dir='ltr'>spiritu</span> <span class='ocrx_word' id='word_1_501' title='bbox 1759 1715 1907 1753; x_wconf 84' lang='lat' dir='ltr'>Duplices</span> <span class='ocrx_word' id='word_1_502' title='bbox 1926 1717 1997 1743; x_wconf 86' lang='lat' dir='ltr'>sunt</span> <span class='ocrx_word' id='word_1_503' title='bbox 2015 1714 2054 1743; x_wconf 78' lang='lat' dir='ltr'>at-</span> 
     </span>
     <span class='ocr_line' id='line_1_39' title="bbox 373 1757 2053 1796; baseline -0.001 -9"><span class='ocrx_word' id='word_1_504' title='bbox 373 1759 472 1787; x_wconf 82' lang='lat' dir='ltr'>sectus</span> <span class='ocrx_word' id='word_1_505' title='bbox 492 1762 521 1786; x_wconf 88' lang='lat' dir='ltr'>et</span> <span class='ocrx_word' id='word_1_506' title='bbox 541 1759 609 1786; x_wconf 90' lang='lat' dir='ltr'>boni</span> <span class='ocrx_word' id='word_1_507' title='bbox 630 1762 658 1786; x_wconf 89' lang='lat' dir='ltr'>et</span> <span class='ocrx_word' id='word_1_508' title='bbox 678 1757 757 1786; x_wconf 88' lang='lat' dir='ltr'>mali.</span> <span class='ocrx_word' id='word_1_509' title='bbox 778 1758 834 1786; x_wconf 84' lang='lat' dir='ltr'>Hic</span> <span class='ocrx_word' id='word_1_510' title='bbox 847 1759 899 1786; x_wconf 81' lang='lat' dir='ltr'>vtri</span> <span class='ocrx_word' id='word_1_511' title='bbox 910 1758 1042 1796; x_wconf 78' lang='lat' dir='ltr'>potiores</span> <span class='ocrx_word' id='word_1_512' title='bbox 1063 1761 1132 1786; x_wconf 88' lang='lat' dir='ltr'>sunt</span> <span class='ocrx_word' id='word_1_513' title='bbox 1151 1760 1181 1786; x_wconf 80' lang='lat' dir='ltr'>et</span> <span class='ocrx_word' id='word_1_514' title='bbox 1199 1757 1439 1786; x_wconf 75' lang='lat' dir='ltr'>vehementiores</span> <span class='ocrx_word' id='word_1_515' title='bbox 1459 1757 1522 1786; x_wconf 85' lang='lat' dir='ltr'>illis</span> <span class='ocrx_word' id='word_1_516' title='bbox 1541 1759 1724 1796; x_wconf 86' lang='lat' dir='ltr'>obtemperat</span> <span class='ocrx_word' id='word_1_517' title='bbox 1734 1757 1834 1786; x_wconf 90' lang='lat' dir='ltr'>homo.</span> <span class='ocrx_word' id='word_1_518' title='bbox 1861 1757 1913 1786; x_wconf 87' lang='lat' dir='ltr'>Sic</span> <span class='ocrx_word' id='word_1_519' title='bbox 1927 1767 1998 1786; x_wconf 85' lang='lat' dir='ltr'>uero</span> <span class='ocrx_word' id='word_1_520' title='bbox 2013 1757 2053 1793; x_wconf 86' lang='lat'>¹⁰)</span> 
     </span>
     <span class='ocr_line' id='line_1_40' title="bbox 374 1799 2053 1839; baseline -0.001 -10"><span class='ocrx_word' id='word_1_521' title='bbox 374 1801 500 1830; x_wconf 79' lang='lat' dir='ltr'>affectus</span> <span class='ocrx_word' id='word_1_522' title='bbox 515 1810 639 1839; x_wconf 81' lang='lat' dir='ltr'>compos</span> <span class='ocrx_word' id='word_1_523' title='bbox 654 1804 701 1829; x_wconf 81' lang='lat' dir='ltr'>est</span> <span class='ocrx_word' id='word_1_524' title='bbox 716 1800 862 1829; x_wconf 83' lang='lat' dir='ltr'>humanus</span> <span class='ocrx_word' id='word_1_525' title='bbox 881 1801 998 1828; x_wconf 87' lang='lat' dir='ltr'>animus</span> <span class='ocrx_word' id='word_1_526' title='bbox 1015 1801 1064 1836; x_wconf 77' lang='lat'>¹¹),</span> <span class='ocrx_word' id='word_1_527' title='bbox 1085 1803 1186 1838; x_wconf 86' lang='lat' dir='ltr'>potest</span> <span class='ocrx_word' id='word_1_528' title='bbox 1197 1810 1214 1828; x_wconf 91' lang='lat' dir='ltr'>a</span> <span class='ocrx_word' id='word_1_529' title='bbox 1227 1800 1314 1829; x_wconf 87' lang='lat' dir='ltr'>bonis</span> <span class='ocrx_word' id='word_1_530' title='bbox 1333 1800 1369 1828; x_wconf 90' lang='lat' dir='ltr'>ad</span> <span class='ocrx_word' id='word_1_531' title='bbox 1389 1799 1498 1829; x_wconf 86' lang='lat' dir='ltr'>malum</span> <span class='ocrx_word' id='word_1_532' title='bbox 1518 1800 1675 1828; x_wconf 87' lang='lat' dir='ltr'>deflectere</span> <span class='ocrx_word' id='word_1_533' title='bbox 1695 1800 1763 1838; x_wconf 87' lang='lat' dir='ltr'>quia</span> <span class='ocrx_word' id='word_1_534' title='bbox 1776 1801 1885 1838; x_wconf 88' lang='lat' dir='ltr'>rapitur</span> <span class='ocrx_word' id='word_1_535' title='bbox 1896 1799 2053 1828; x_wconf 86' lang='lat' dir='ltr'>vehemen-</span> 
     </span>
     <span class='ocr_line' id='line_1_41' title="bbox 374 1842 1722 1881; baseline -0.001 -9"><span class='ocrx_word' id='word_1_536' title='bbox 374 1845 449 1872; x_wconf 91' lang='lat' dir='ltr'>tiore</span> <span class='ocrx_word' id='word_1_537' title='bbox 469 1843 546 1872; x_wconf 85' lang='lat' dir='ltr'>maio</span> <span class='ocrx_word' id='word_1_538' title='bbox 566 1842 674 1871; x_wconf 79' lang='lat' dir='ltr'>affectu</span> <span class='ocrx_word' id='word_1_539' title='bbox 693 1844 795 1881; x_wconf 82' lang='lat' dir='ltr'>Atque</span> <span class='ocrx_word' id='word_1_540' title='bbox 815 1843 854 1871; x_wconf 88' lang='lat' dir='ltr'>ita</span> <span class='ocrx_word' id='word_1_541' title='bbox 873 1843 960 1871; x_wconf 80' lang='lat' dir='ltr'>vides</span> <span class='ocrx_word' id='word_1_542' title='bbox 980 1853 1037 1871; x_wconf 91' lang='lat' dir='ltr'>non</span> <span class='ocrx_word' id='word_1_543' title='bbox 1057 1852 1131 1871; x_wconf 87' lang='lat' dir='ltr'>esse</span> <span class='ocrx_word' id='word_1_544' title='bbox 1151 1843 1177 1870; x_wconf 89' lang='lat' dir='ltr'>in</span> <span class='ocrx_word' id='word_1_545' title='bbox 1198 1843 1311 1871; x_wconf 78' lang='lat' dir='ltr'>viribus</span> <span class='ocrx_word' id='word_1_546' title='bbox 1331 1843 1442 1870; x_wconf 84' lang='lat' dir='ltr'>nostris</span> <span class='ocrx_word' id='word_1_547' title='bbox 1460 1843 1722 1880; x_wconf 73' lang='lat' dir='ltr'>perseueranfiam.</span> 
     </span>
    </p>
   </div>
   <div class='ocr_carea' id='block_1_12' title="bbox 375 1900 2052 1983">
    <p class='ocr_par' dir='ltr' id='par_1_12' title="bbox 375 1900 2052 1983">
     <span class='ocr_line' id='line_1_42' title="bbox 459 1900 2051 1939; baseline -0.002 -8"><span class='ocrx_word' id='word_1_548' title='bbox 459 1903 621 1931; x_wconf 76' lang='lat' dir='ltr'>Nonum:</span> <span class='ocrx_word' id='word_1_549' title='bbox 642 1902 810 1931; x_wconf 86' lang='lat' dir='ltr'>Scholae</span> <span class='ocrx_word' id='word_1_550' title='bbox 828 1904 866 1935; x_wconf 73' lang='lat' dir='ltr'>l²¹)</span> <span class='ocrx_word' id='word_1_551' title='bbox 886 1901 986 1930; x_wconf 80' lang='lat' dir='ltr'>salso</span> <span class='ocrx_word' id='word_1_552' title='bbox 1011 1902 1161 1939; x_wconf 83' lang='lat' dir='ltr'>fingunt</span> <span class='ocrx_word' id='word_1_553' title='bbox 1185 1901 1334 1930; x_wconf 81' lang='lat' dir='ltr'>Affectum</span> <span class='ocrx_word' id='word_1_554' title='bbox 1359 1901 1479 1939; x_wconf 86' lang='lat' dir='ltr'>quidem</span> <span class='ocrx_word' id='word_1_555' title='bbox 1505 1912 1577 1930; x_wconf 77' lang='lat' dir='ltr'>esse</span> <span class='ocrx_word' id='word_1_556' title='bbox 1604 1902 1632 1930; x_wconf 88' lang='lat' dir='ltr'>in</span> <span class='ocrx_word' id='word_1_557' title='bbox 1652 1901 1771 1930; x_wconf 89' lang='lat' dir='ltr'>homine</span> <span class='ocrx_word' id='word_1_558' title='bbox 1790 1901 1852 1929; x_wconf 85' lang='lat' dir='ltr'>Sed</span> <span class='ocrx_word' id='word_1_559' title='bbox 1871 1900 2051 1929; x_wconf 78' lang='lat' dir='ltr'>voluntatem</span> 
     </span>
     <span class='ocr_line' id='line_1_43' title="bbox 375 1943 2052 1983; baseline -0.002 -9"><span class='ocrx_word' id='word_1_560' title='bbox 375 1956 448 1975; x_wconf 86' lang='lat' dir='ltr'>esse</span> <span class='ocrx_word' id='word_1_561' title='bbox 467 1945 542 1973; x_wconf 86' lang='lat' dir='ltr'>adeo</span> <span class='ocrx_word' id='word_1_562' title='bbox 562 1945 684 1973; x_wconf 86' lang='lat' dir='ltr'>liberam</span> <span class='ocrx_word' id='word_1_563' title='bbox 705 1944 785 1982; x_wconf 91' lang='lat' dir='ltr'>quod</span> <span class='ocrx_word' id='word_1_564' title='bbox 803 1948 893 1983; x_wconf 87' lang='lat' dir='ltr'>ponat</span> <span class='ocrx_word' id='word_1_565' title='bbox 911 1943 1047 1973; x_wconf 79' lang='lat' dir='ltr'>affectum</span> <span class='ocrx_word' id='word_1_566' title='bbox 1067 1946 1106 1980; x_wconf 77' lang='lat'>¹3)</span> <span class='ocrx_word' id='word_1_567' title='bbox 1126 1954 1191 1972; x_wconf 90' lang='lat' dir='ltr'>cum</span> <span class='ocrx_word' id='word_1_568' title='bbox 1210 1943 1284 1972; x_wconf 86' lang='lat' dir='ltr'>libet</span> <span class='ocrx_word' id='word_1_569' title='bbox 1303 1947 1333 1972; x_wconf 91' lang='lat' dir='ltr'>ut</span> <span class='ocrx_word' id='word_1_570' title='bbox 1353 1945 1380 1972; x_wconf 85' lang='lat' dir='ltr'>si</span> <span class='ocrx_word' id='word_1_571' title='bbox 1400 1945 1468 1981; x_wconf 89' lang='lat' dir='ltr'>quis</span> <span class='ocrx_word' id='word_1_572' title='bbox 1489 1945 1657 1982; x_wconf 89' lang='lat' dir='ltr'>quempiam</span> <span class='ocrx_word' id='word_1_573' title='bbox 1676 1944 1745 1973; x_wconf 91' lang='lat' dir='ltr'>odio</span> <span class='ocrx_word' id='word_1_574' title='bbox 1765 1943 1872 1972; x_wconf 85' lang='lat' dir='ltr'>habeat</span> <span class='ocrx_word' id='word_1_575' title='bbox 1890 1952 1985 1982; x_wconf 79' lang='lat' dir='ltr'>posse</span> <span class='ocrx_word' id='word_1_576' title='bbox 2004 1952 2052 1970; x_wconf 83' lang='lat' dir='ltr'>vo-</span> 
     </span>
    </p>
   </div>
   <div class='ocr_carea' id='block_1_13' title="bbox 310 2014 424 2021">
    <p class='ocr_par' dir='ltr' id='par_1_13' title="bbox 310 2014 424 2021">
     <span class='ocr_line' id='line_1_44' title="bbox 310 2014 424 2021; baseline 0 0"><span class='ocrx_word' id='word_1_577' title='bbox 310 2014 424 2021; x_wconf 95' lang='lat' dir='ltr'> </span> 
     </span>
    </p>
   </div>
   <div class='ocr_carea' id='block_1_14' title="bbox 1055 2046 1366 2071">
    <p class='ocr_par' dir='ltr' id='par_1_14' title="bbox 1055 2046 1366 2071">
     <span class='ocr_line' id='line_1_45' title="bbox 1055 2046 1366 2071; baseline 0.003 -1"><span class='ocrx_word' id='word_1_578' title='bbox 1055 2046 1170 2071; x_wconf 86' lang='lat' dir='ltr'>CODICIS</span> <span class='ocrx_word' id='word_1_579' title='bbox 1188 2046 1366 2071; x_wconf 77' lang='lat' dir='ltr'>DIVERSITAS.</span> 
     </span>
    </p>
   </div>
   <div class='ocr_carea' id='block_1_15' title="bbox 374 2094 2052 2300">
    <p class='ocr_par' dir='ltr' id='par_1_15' title="bbox 374 2094 2052 2300">
     <span class='ocr_line' id='line_1_46' title="bbox 447 2094 2049 2129; baseline -0.002 -7"><span class='ocrx_word' id='word_1_580' title='bbox 447 2100 473 2128; x_wconf 97' lang='grc'>1)</span> <span class='ocrx_word' id='word_1_581' title='bbox 492 2098 591 2123; x_wconf 84' lang='lat' dir='ltr'>induret</span> <span class='ocrx_word' id='word_1_582' title='bbox 630 2099 658 2127; x_wconf 80' lang='lat'>2)</span> <span class='ocrx_word' id='word_1_583' title='bbox 683 2098 752 2122; x_wconf 85' lang='lat' dir='ltr'>achie</span> <span class='ocrx_word' id='word_1_584' title='bbox 777 2097 875 2122; x_wconf 86' lang='lat' dir='ltr'>silonite</span> <span class='ocrx_word' id='word_1_585' title='bbox 916 2098 944 2125; x_wconf 84' lang='lat'>3)</span> <span class='ocrx_word' id='word_1_586' title='bbox 967 2098 1071 2126; x_wconf 77' lang='lat' dir='ltr'>mistery</span> <span class='ocrx_word' id='word_1_587' title='bbox 1112 2098 1141 2125; x_wconf 76' lang='lat'>4)</span> <span class='ocrx_word' id='word_1_588' title='bbox 1165 2096 1236 2127; x_wconf 83' lang='lat' dir='ltr'>capd&#39;</span> <span class='ocrx_word' id='word_1_589' title='bbox 1271 2098 1300 2126; x_wconf 86' lang='lat'>5)</span> <span class='ocrx_word' id='word_1_590' title='bbox 1318 2097 1350 2126; x_wconf 82' lang='lat' dir='ltr'>hy</span> <span class='ocrx_word' id='word_1_591' title='bbox 1368 2097 1411 2126; x_wconf 78' lang='lat' dir='ltr'>fily</span> <span class='ocrx_word' id='word_1_592' title='bbox 1432 2096 1516 2122; x_wconf 77' lang='lat' dir='ltr'>Talia</span> <span class='ocrx_word' id='word_1_593' title='bbox 1535 2103 1631 2129; x_wconf 74' lang='lat' dir='ltr'>saepe.</span> <span class='ocrx_word' id='word_1_594' title='bbox 1669 2098 1697 2126; x_wconf 85' lang='grc'>6)</span> <span class='ocrx_word' id='word_1_595' title='bbox 1715 2097 1756 2127; x_wconf 71' lang='lat' dir='ltr'>aly</span> <span class='ocrx_word' id='word_1_596' title='bbox 1774 2098 1827 2126; x_wconf 70' lang='lat' dir='ltr'>aiys</span> <span class='ocrx_word' id='word_1_597' title='bbox 1850 2094 1933 2120; x_wconf 82' lang='lat' dir='ltr'>Talia</span> <span class='ocrx_word' id='word_1_598' title='bbox 1953 2100 2049 2127; x_wconf 72' lang='lat' dir='ltr'>saepe.</span> 
     </span>
     <span class='ocr_line' id='line_1_47' title="bbox 375 2128 2052 2164; baseline -0.003 -7"><span class='ocrx_word' id='word_1_599' title='bbox 375 2134 402 2162; x_wconf 81' lang='grc'>7)</span> <span class='ocrx_word' id='word_1_600' title='bbox 423 2133 531 2161; x_wconf 75' lang='lat' dir='ltr'>gratiam</span> <span class='ocrx_word' id='word_1_601' title='bbox 552 2133 605 2157; x_wconf 82' lang='lat' dir='ltr'>siue</span> <span class='ocrx_word' id='word_1_602' title='bbox 625 2132 707 2162; x_wconf 83' lang='lat' dir='ltr'>potius</span> <span class='ocrx_word' id='word_1_603' title='bbox 726 2133 756 2156; x_wconf 80' lang='lat' dir='ltr'>in</span> <span class='ocrx_word' id='word_1_604' title='bbox 770 2131 869 2157; x_wconf 57' lang='lat' dir='ltr'>Misia.</span> <span class='ocrx_word' id='word_1_605' title='bbox 884 2130 981 2156; x_wconf 69' lang='lat' dir='ltr'>verbis·</span> <span class='ocrx_word' id='word_1_606' title='bbox 997 2131 1103 2160; x_wconf 80' lang='lat' dir='ltr'>gloriam</span> <span class='ocrx_word' id='word_1_607' title='bbox 1122 2137 1172 2155; x_wconf 90' lang='lat' dir='ltr'>non</span> <span class='ocrx_word' id='word_1_608' title='bbox 1192 2131 1315 2156; x_wconf 80' lang='lat' dir='ltr'>detrectat</span> <span class='ocrx_word' id='word_1_609' title='bbox 1333 2132 1376 2155; x_wconf 80' lang='lat' dir='ltr'>ita</span> <span class='ocrx_word' id='word_1_610' title='bbox 1396 2134 1462 2156; x_wconf 70' lang='lat' dir='ltr'>mne</span> <span class='ocrx_word' id='word_1_611' title='bbox 1481 2132 1649 2164; x_wconf 53' lang='lat' dir='ltr'>supposita,</span> <span class='ocrx_word' id='word_1_612' title='bbox 1671 2133 1703 2155; x_wconf 79' lang='lat' dir='ltr'>uc</span> <span class='ocrx_word' id='word_1_613' title='bbox 1722 2138 1779 2155; x_wconf 82' lang='lat' dir='ltr'>non</span> <span class='ocrx_word' id='word_1_614' title='bbox 1798 2131 1916 2155; x_wconf 72' lang='lat' dir='ltr'>omnino</span> <span class='ocrx_word' id='word_1_615' title='bbox 1941 2128 2052 2161; x_wconf 80' lang='lat' dir='ltr'>liqueat</span> 
     </span>
     <span class='ocr_line' id='line_1_48' title="bbox 374 2162 2052 2198; baseline -0.003 -7"><span class='ocrx_word' id='word_1_616' title='bbox 374 2165 425 2191; x_wconf 79' lang='lat' dir='ltr'>ubi</span> <span class='ocrx_word' id='word_1_617' title='bbox 439 2167 498 2190; x_wconf 70' lang='lat' dir='ltr'>m&#39;nt</span> <span class='ocrx_word' id='word_1_618' title='bbox 519 2167 667 2190; x_wconf 73' lang='lat' dir='ltr'>contestis</span> <span class='ocrx_word' id='word_1_619' title='bbox 686 2166 906 2195; x_wconf 74' lang='lat' dir='ltr'>inter.=·erenda‚·</span> <span class='ocrx_word' id='word_1_620' title='bbox 924 2165 976 2190; x_wconf 74' lang='lat' dir='ltr'>sed</span> <span class='ocrx_word' id='word_1_621' title='bbox 991 2173 1042 2190; x_wconf 66' lang='grc' dir='ltr'>Ιπω</span> <span class='ocrx_word' id='word_1_622' title='bbox 1055 2165 1122 2191; x_wconf 83' lang='lat' dir='ltr'>loco</span> <span class='ocrx_word' id='word_1_623' title='bbox 1130 2166 1265 2198; x_wconf 70' lang='lat' dir='ltr'>posuisse</span> <span class='ocrx_word' id='word_1_624' title='bbox 1277 2164 1353 2189; x_wconf 79' lang='lat' dir='ltr'>mihi</span> <span class='ocrx_word' id='word_1_625' title='bbox 1365 2165 1474 2190; x_wconf 78' lang='lat' dir='ltr'>videor.</span> <span class='ocrx_word' id='word_1_626' title='bbox 1512 2167 1540 2195; x_wconf 89' lang='lat'>8)</span> <span class='ocrx_word' id='word_1_627' title='bbox 1558 2166 1635 2191; x_wconf 72' lang='lat' dir='ltr'>Nichii</span> <span class='ocrx_word' id='word_1_628' title='bbox 1654 2164 1708 2190; x_wconf 73' lang='lat' dir='ltr'>Sic</span> <span class='ocrx_word' id='word_1_629' title='bbox 1721 2171 1845 2197; x_wconf 64' lang='lat' dir='ltr'>semper.</span> <span class='ocrx_word' id='word_1_630' title='bbox 1881 2166 1910 2194; x_wconf 89' lang='grc'>9)</span> <span class='ocrx_word' id='word_1_631' title='bbox 1923 2162 2023 2196; x_wconf 76' lang='lat' dir='ltr'>Supra</span> <span class='ocrx_word' id='word_1_632' title='bbox 2036 2168 2052 2192; x_wconf 86' lang='lat' dir='ltr'>p</span> 
     </span>
     <span class='ocr_line' id='line_1_49' title="bbox 374 2194 2052 2233; baseline -0.002 -9"><span class='ocrx_word' id='word_1_633' title='bbox 374 2201 404 2224; x_wconf 77' lang='lat' dir='ltr'>in</span> <span class='ocrx_word' id='word_1_634' title='bbox 427 2200 541 2230; x_wconf 81' lang='lat' dir='ltr'>expende</span> <span class='ocrx_word' id='word_1_635' title='bbox 558 2201 689 2232; x_wconf 58' lang='lat' dir='ltr'>positum</span> <span class='ocrx_word' id='word_1_636' title='bbox 705 2203 746 2225; x_wconf 68' lang='lat' dir='ltr'>est</span> <span class='ocrx_word' id='word_1_637' title='bbox 759 2204 767 2225; x_wconf 92' lang='lat' dir='ltr'>t</span> <span class='ocrx_word' id='word_1_638' title='bbox 780 2203 811 2225; x_wconf 78' lang='lat' dir='ltr'>ut</span> <span class='ocrx_word' id='word_1_639' title='bbox 824 2199 968 2225; x_wconf 74' lang='lat' dir='ltr'>librarius</span> <span class='ocrx_word' id='word_1_640' title='bbox 980 2203 1077 2225; x_wconf 68' lang='lat' dir='ltr'>utrum</span> <span class='ocrx_word' id='word_1_641' title='bbox 1093 2200 1206 2231; x_wconf 80' lang='lat' dir='ltr'>expende</span> <span class='ocrx_word' id='word_1_642' title='bbox 1215 2207 1254 2224; x_wconf 81' lang='lat' dir='ltr'>un</span> <span class='ocrx_word' id='word_1_643' title='bbox 1267 2200 1375 2225; x_wconf 81' lang='lat' dir='ltr'>extende</span> <span class='ocrx_word' id='word_1_644' title='bbox 1389 2200 1427 2224; x_wconf 71' lang='lat' dir='ltr'>sit</span> <span class='ocrx_word' id='word_1_645' title='bbox 1440 2198 1591 2233; x_wconf 75' lang='lat' dir='ltr'>leqendum</span> <span class='ocrx_word' id='word_1_646' title='bbox 1604 2198 1754 2223; x_wconf 74' lang='lat' dir='ltr'>dubitasse</span> <span class='ocrx_word' id='word_1_647' title='bbox 1770 2198 1914 2223; x_wconf 71' lang='lat' dir='ltr'>videatur.</span> <span class='ocrx_word' id='word_1_648' title='bbox 1953 2198 1997 2227; x_wconf 87' lang='lat'>10)</span> <span class='ocrx_word' id='word_1_649' title='bbox 2017 2194 2052 2221; x_wconf 80' lang='lat' dir='ltr'>u⁹</span> 
     </span>
     <span class='ocr_line' id='line_1_50' title="bbox 379 2232 2050 2268; baseline -0.003 -9"><span class='ocrx_word' id='word_1_650' title='bbox 379 2236 422 2264; x_wconf 85' lang='lat' dir='ltr'>ll)</span> <span class='ocrx_word' id='word_1_651' title='bbox 441 2240 502 2259; x_wconf 84' lang='lat' dir='ltr'>uero</span> <span class='ocrx_word' id='word_1_652' title='bbox 515 2253 520 2259; x_wconf 89' lang='lat'>.</span> <span class='ocrx_word' id='word_1_653' title='bbox 577 2235 675 2259; x_wconf 82' lang='lat' dir='ltr'>animus</span> <span class='ocrx_word' id='word_1_654' title='bbox 693 2233 760 2259; x_wconf 78' lang='lat' dir='ltr'>MS.</span> <span class='ocrx_word' id='word_1_655' title='bbox 779 2235 809 2258; x_wconf 82' lang='lat' dir='ltr'>in</span> <span class='ocrx_word' id='word_1_656' title='bbox 828 2242 924 2268; x_wconf 75' lang='lat' dir='ltr'>mary.</span> <span class='ocrx_word' id='word_1_657' title='bbox 935 2234 1051 2267; x_wconf 80' lang='lat' dir='ltr'>quidem</span> <span class='ocrx_word' id='word_1_658' title='bbox 1066 2233 1198 2263; x_wconf 61' lang='lat' dir='ltr'>eslzibet,</span> <span class='ocrx_word' id='word_1_659' title='bbox 1217 2233 1267 2258; x_wconf 74' lang='lat' dir='ltr'>sed</span> <span class='ocrx_word' id='word_1_660' title='bbox 1284 2232 1392 2258; x_wconf 82' lang='lat' dir='ltr'>lineola</span> <span class='ocrx_word' id='word_1_661' title='bbox 1411 2236 1494 2258; x_wconf 80' lang='lat' dir='ltr'>recta</span> <span class='ocrx_word' id='word_1_662' title='bbox 1508 2234 1646 2266; x_wconf 72' lang='lat' dir='ltr'>apposita</span> <span class='ocrx_word' id='word_1_663' title='bbox 1660 2236 1760 2266; x_wconf 76' lang='lat' dir='ltr'>utpote</span> <span class='ocrx_word' id='word_1_664' title='bbox 1773 2232 1926 2258; x_wconf 79' lang='lat' dir='ltr'>indicante</span> <span class='ocrx_word' id='word_1_665' title='bbox 1937 2234 1970 2256; x_wconf 77' lang='lat' dir='ltr'>ut</span> <span class='ocrx_word' id='word_1_666' title='bbox 1983 2237 2050 2255; x_wconf 84' lang='lat' dir='ltr'>con—</span> 
     </span>
     <span class='ocr_line' id='line_1_51' title="bbox 376 2266 2052 2300; baseline -0.002 -9"><span class='ocrx_word' id='word_1_667' title='bbox 376 2269 467 2292; x_wconf 60' lang='lat' dir='ltr'>tenis</span> <span class='ocrx_word' id='word_1_668' title='bbox 480 2269 660 2292; x_wconf 62' lang='lat' dir='ltr'>inserantur.</span> <span class='ocrx_word' id='word_1_669' title='bbox 684 2270 726 2298; x_wconf 82' lang='grc'>12)</span> <span class='ocrx_word' id='word_1_670' title='bbox 745 2269 826 2294; x_wconf 78' lang='lat' dir='ltr'>Scolie</span> <span class='ocrx_word' id='word_1_671' title='bbox 845 2276 946 2293; x_wconf 73' lang='lat' dir='ltr'>errore</span> <span class='ocrx_word' id='word_1_672' title='bbox 959 2267 1077 2293; x_wconf 63' lang='lat' dir='ltr'>scr-ibae</span> <span class='ocrx_word' id='word_1_673' title='bbox 1091 2274 1148 2300; x_wconf 79' lang='lat' dir='ltr'>pro</span> <span class='ocrx_word' id='word_1_674' title='bbox 1167 2269 1238 2293; x_wconf 83' lang='lat' dir='ltr'>Scole</span> <span class='ocrx_word' id='word_1_675' title='bbox 1249 2278 1286 2289; x_wconf 94' lang='lat'><strong><em>=</em></strong></span> <span class='ocrx_word' id='word_1_676' title='bbox 1297 2268 1409 2293; x_wconf 77' lang='lat' dir='ltr'>scholae.</span> <span class='ocrx_word' id='word_1_677' title='bbox 1431 2269 1474 2297; x_wconf 82' lang='lat'>13)</span> <span class='ocrx_word' id='word_1_678' title='bbox 1492 2267 1565 2292; x_wconf 79' lang='lat' dir='ltr'>Ante</span> <span class='ocrx_word' id='word_1_679' title='bbox 1577 2268 1695 2293; x_wconf 79' lang='lat' dir='ltr'>affectum</span> <span class='ocrx_word' id='word_1_680' title='bbox 1716 2268 1747 2292; x_wconf 81' lang='lat' dir='ltr'>t‘n</span> <span class='ocrx_word' id='word_1_681' title='bbox 1762 2267 1822 2299; x_wconf 76' lang='lat' dir='ltr'>fine</span> <span class='ocrx_word' id='word_1_682' title='bbox 1839 2266 1935 2292; x_wconf 82' lang='lat' dir='ltr'>lineae</span> <span class='ocrx_word' id='word_1_683' title='bbox 1950 2269 2052 2289; x_wconf 81' lang='lat' dir='ltr'>errore</span> 
     </span>
    </p>
   </div>
   <div class='ocr_carea' id='block_1_16' title="bbox 377 2302 664 2334">
    <p class='ocr_par' dir='ltr' id='par_1_16' title="bbox 377 2302 664 2334">
     <span class='ocr_line' id='line_1_52' title="bbox 377 2302 664 2334; baseline 0.007 -9"><span class='ocrx_word' id='word_1_684' title='bbox 377 2303 518 2334; x_wconf 72' lang='lat' dir='ltr'>repetitus</span> <span class='ocrx_word' id='word_1_685' title='bbox 531 2304 571 2325; x_wconf 69' lang='lat' dir='ltr'>est</span> <span class='ocrx_word' id='word_1_686' title='bbox 585 2302 664 2327; x_wconf 76' lang='lat' dir='ltr'>affec-</span> 
     </span>
    </p>
   </div>
   <div class='ocr_carea' id='block_1_17' title="bbox 965 2396 1468 2421">
    <p class='ocr_par' dir='ltr' id='par_1_17' title="bbox 965 2396 1468 2421">
     <span class='ocr_line' id='line_1_53' title="bbox 965 2396 1468 2421; baseline 0 -1"><span class='ocrx_word' id='word_1_687' title='bbox 965 2396 1110 2421; x_wconf 75' lang='lat' dir='ltr'>EDITIONIS</span> <span class='ocrx_word' id='word_1_688' title='bbox 1128 2396 1274 2421; x_wconf 77' lang='lat' dir='ltr'>PRINCIPIS</span> <span class='ocrx_word' id='word_1_689' title='bbox 1292 2396 1468 2421; x_wconf 72' lang='lat' dir='ltr'>mvERsrsAs.</span> 
     </span>
    </p>
   </div>
   <div class='ocr_carea' id='block_1_18' title="bbox 376 2441 2051 2648">
    <p class='ocr_par' dir='ltr' id='par_1_18' title="bbox 376 2441 2051 2648">
     <span class='ocr_line' id='line_1_54' title="bbox 449 2441 2048 2477; baseline -0.001 -8"><span class='ocrx_word' id='word_1_690' title='bbox 449 2447 476 2473; x_wconf 88' lang='lat' dir='ltr'>a)</span> <span class='ocrx_word' id='word_1_691' title='bbox 497 2446 562 2470; x_wconf 74' lang='lat' dir='ltr'>Sicut</span> <span class='ocrx_word' id='word_1_692' title='bbox 577 2465 581 2470; x_wconf 92' lang='lat'>.</span> <span class='ocrx_word' id='word_1_693' title='bbox 595 2465 618 2470; x_wconf 90' lang='lat'>..</span> <span class='ocrx_word' id='word_1_694' title='bbox 637 2446 695 2475; x_wconf 69' lang='lat' dir='ltr'>eto]</span> <span class='ocrx_word' id='word_1_695' title='bbox 721 2447 788 2471; x_wconf 82' lang='lat' dir='ltr'>Paui.</span> <span class='ocrx_word' id='word_1_696' title='bbox 807 2447 837 2471; x_wconf 84' lang='lat' dir='ltr'>ad</span> <span class='ocrx_word' id='word_1_697' title='bbox 856 2447 898 2472; x_wconf 82' lang='lat' dir='ltr'>Ro.</span> <span class='ocrx_word' id='word_1_698' title='bbox 917 2447 953 2472; x_wconf 83' lang='lat' dir='ltr'>XI.</span> <span class='ocrx_word' id='word_1_699' title='bbox 973 2446 1094 2476; x_wconf 83' lang='lat' dir='ltr'>Quoniam</span> <span class='ocrx_word' id='word_1_700' title='bbox 1113 2453 1144 2471; x_wconf 82' lang='lat' dir='ltr'>ex</span> <span class='ocrx_word' id='word_1_701' title='bbox 1162 2447 1224 2477; x_wconf 78' lang='lat' dir='ltr'>ipso,</span> <span class='ocrx_word' id='word_1_702' title='bbox 1243 2450 1267 2471; x_wconf 88' lang='lat' dir='ltr'>et</span> <span class='ocrx_word' id='word_1_703' title='bbox 1286 2447 1310 2471; x_wconf 88' lang='lat' dir='ltr'>in</span> <span class='ocrx_word' id='word_1_704' title='bbox 1329 2447 1382 2477; x_wconf 84' lang='lat' dir='ltr'>ipso</span> <span class='ocrx_word' id='word_1_705' title='bbox 1401 2448 1458 2477; x_wconf 71' lang='lat' dir='ltr'>etc]</span> <span class='ocrx_word' id='word_1_706' title='bbox 1494 2448 1522 2477; x_wconf 85' lang='lat' dir='ltr'>b)</span> <span class='ocrx_word' id='word_1_707' title='bbox 1548 2448 1587 2473; x_wconf 76' lang='lat' dir='ltr'>Sic</span> <span class='ocrx_word' id='word_1_708' title='bbox 1599 2467 1604 2471; x_wconf 96' lang='lat'>.</span> <span class='ocrx_word' id='word_1_709' title='bbox 1618 2466 1641 2471; x_wconf 94' lang='lat'>..</span> <span class='ocrx_word' id='word_1_710' title='bbox 1671 2446 1801 2477; x_wconf 76' lang='lat' dir='ltr'>populum]</span> <span class='ocrx_word' id='word_1_711' title='bbox 1827 2452 1883 2469; x_wconf 88' lang='lat' dir='ltr'>om.</span> <span class='ocrx_word' id='word_1_712' title='bbox 1907 2443 1958 2468; x_wconf 81' lang='lat' dir='ltr'>sed</span> <span class='ocrx_word' id='word_1_713' title='bbox 1982 2441 2048 2467; x_wconf 81' lang='lat' dir='ltr'>add-</span> 
     </span>
     <span class='ocr_line' id='line_1_55' title="bbox 377 2478 2051 2516; baseline -0.001 -13"><span class='ocrx_word' id='word_1_714' title='bbox 377 2480 411 2503; x_wconf 70' lang='grc' dir='ltr'>Λα</span> <span class='ocrx_word' id='word_1_715' title='bbox 433 2479 508 2508; x_wconf 76' lang='lat' dir='ltr'>Ephe.</span> <span class='ocrx_word' id='word_1_716' title='bbox 521 2498 526 2503; x_wconf 91' lang='lat'>.</span> <span class='ocrx_word' id='word_1_717' title='bbox 540 2498 563 2504; x_wconf 85' lang='lat'>..</span> <span class='ocrx_word' id='word_1_718' title='bbox 583 2480 797 2510; x_wconf 74' lang='lat' dir='ltr'>inauguraturque</span> <span class='ocrx_word' id='word_1_719' title='bbox 816 2486 902 2510; x_wconf 70' lang='lat' dir='ltr'>regno.</span> <span class='ocrx_word' id='word_1_720' title='bbox 953 2478 1012 2505; x_wconf 77' lang='lat' dir='ltr'>Vid.</span> <span class='ocrx_word' id='word_1_721' title='bbox 1025 2479 1078 2512; x_wconf 82' lang='lat' dir='ltr'>sol.</span> <span class='ocrx_word' id='word_1_722' title='bbox 1099 2482 1121 2507; x_wconf 85' lang='lat'>7.</span> <span class='ocrx_word' id='word_1_723' title='bbox 1141 2489 1166 2505; x_wconf 83' lang='grc' dir='ltr'>ιι.</span> <span class='ocrx_word' id='word_1_724' title='bbox 1185 2482 1224 2506; x_wconf 74' lang='grc'>22.</span> <span class='ocrx_word' id='word_1_725' title='bbox 1243 2494 1273 2497; x_wconf 94' lang='grc'>-</span> <span class='ocrx_word' id='word_1_726' title='bbox 1290 2480 1344 2514; x_wconf 82' lang='lat' dir='ltr'>fol.</span> <span class='ocrx_word' id='word_1_727' title='bbox 1364 2482 1387 2507; x_wconf 83' lang='lat'>7.</span> <span class='ocrx_word' id='word_1_728' title='bbox 1407 2480 1433 2505; x_wconf 85' lang='lat' dir='ltr'>b.</span> <span class='ocrx_word' id='word_1_729' title='bbox 1456 2482 1493 2506; x_wconf 92' lang='grc'>17.</span> <span class='ocrx_word' id='word_1_730' title='bbox 1537 2482 1562 2511; x_wconf 83' lang='lat' dir='ltr'>c)</span> <span class='ocrx_word' id='word_1_731' title='bbox 1581 2482 1620 2507; x_wconf 83' lang='lat' dir='ltr'>Sic</span> <span class='ocrx_word' id='word_1_732' title='bbox 1633 2501 1638 2505; x_wconf 95' lang='lat'>.</span> <span class='ocrx_word' id='word_1_733' title='bbox 1651 2500 1674 2505; x_wconf 91' lang='lat'>..</span> <span class='ocrx_word' id='word_1_734' title='bbox 1693 2480 1735 2510; x_wconf 83' lang='lat' dir='ltr'>eo]</span> <span class='ocrx_word' id='word_1_735' title='bbox 1753 2480 1860 2504; x_wconf 86' lang='lat' dir='ltr'>Rursum</span> <span class='ocrx_word' id='word_1_736' title='bbox 1878 2479 1903 2503; x_wconf 92' lang='lat' dir='ltr'>in</span> <span class='ocrx_word' id='word_1_737' title='bbox 1920 2478 2002 2516; x_wconf 77' lang='lat' dir='ltr'>primo</span> <span class='ocrx_word' id='word_1_738' title='bbox 2010 2482 2051 2502; x_wconf 88' lang='lat' dir='ltr'>re-</span> 
     </span>
     <span class='ocr_line' id='line_1_56' title="bbox 376 2512 2049 2546; baseline -0.001 -9"><span class='ocrx_word' id='word_1_739' title='bbox 376 2518 490 2542; x_wconf 82' lang='lat' dir='ltr'>gnorum.</span> <span class='ocrx_word' id='word_1_740' title='bbox 516 2519 568 2543; x_wconf 80' lang='lat' dir='ltr'>cap.</span> <span class='ocrx_word' id='word_1_741' title='bbox 587 2514 613 2538; x_wconf 82' lang='grc' dir='ltr'>Χ.</span> <span class='ocrx_word' id='word_1_742' title='bbox 632 2514 691 2538; x_wconf 84' lang='lat' dir='ltr'>abiit</span> <span class='ocrx_word' id='word_1_743' title='bbox 710 2520 765 2539; x_wconf 88' lang='lat' dir='ltr'>cum</span> <span class='ocrx_word' id='word_1_744' title='bbox 785 2515 860 2539; x_wconf 84' lang='lat' dir='ltr'>Saule</span> <span class='ocrx_word' id='word_1_745' title='bbox 889 2515 918 2545; x_wconf 88' lang='lat' dir='ltr'>d)</span> <span class='ocrx_word' id='word_1_746' title='bbox 935 2514 998 2539; x_wconf 84' lang='lat' dir='ltr'>deus</span> <span class='ocrx_word' id='word_1_747' title='bbox 1018 2515 1113 2546; x_wconf 71' lang='lat' dir='ltr'>corda]</span> <span class='ocrx_word' id='word_1_748' title='bbox 1131 2515 1205 2539; x_wconf 80' lang='lat' dir='ltr'>corda</span> <span class='ocrx_word' id='word_1_749' title='bbox 1226 2515 1296 2541; x_wconf 81' lang='lat' dir='ltr'>deus.</span> <span class='ocrx_word' id='word_1_750' title='bbox 1324 2515 1354 2543; x_wconf 87' lang='lat' dir='ltr'>e)</span> <span class='ocrx_word' id='word_1_751' title='bbox 1373 2515 1412 2540; x_wconf 83' lang='lat' dir='ltr'>Sic</span> <span class='ocrx_word' id='word_1_752' title='bbox 1483 2516 1543 2546; x_wconf 92' lang='lat' dir='ltr'>non]</span> <span class='ocrx_word' id='word_1_753' title='bbox 1562 2516 1588 2540; x_wconf 87' lang='lat' dir='ltr'>In</span> <span class='ocrx_word' id='word_1_754' title='bbox 1607 2515 1679 2540; x_wconf 83' lang='lat' dir='ltr'>tertio</span> <span class='ocrx_word' id='word_1_755' title='bbox 1698 2519 1847 2543; x_wconf 81' lang='lat' dir='ltr'>regnorum,</span> <span class='ocrx_word' id='word_1_756' title='bbox 1872 2512 1980 2543; x_wconf 55' lang='lat' dir='ltr'>capitii.</span> <span class='ocrx_word' id='word_1_757' title='bbox 1999 2516 2049 2535; x_wconf 88' lang='lat' dir='ltr'>non</span> 
     </span>
     <span class='ocr_line' id='line_1_57' title="bbox 376 2546 2049 2583; baseline 0.002 -12"><span class='ocrx_word' id='word_1_758' title='bbox 376 2546 399 2576; x_wconf 71' lang='lat' dir='ltr'>t&#39;)</span> <span class='ocrx_word' id='word_1_759' title='bbox 418 2547 560 2577; x_wconf 81' lang='lat' dir='ltr'>leroboam]</span> <span class='ocrx_word' id='word_1_760' title='bbox 582 2548 730 2573; x_wconf 81' lang='lat' dir='ltr'>Hieroboam</span> <span class='ocrx_word' id='word_1_761' title='bbox 767 2549 797 2578; x_wconf 86' lang='lat' dir='ltr'>g)</span> <span class='ocrx_word' id='word_1_762' title='bbox 821 2549 929 2579; x_wconf 82' lang='lat' dir='ltr'>Naboth]</span> <span class='ocrx_word' id='word_1_763' title='bbox 948 2549 1044 2574; x_wconf 74' lang='lat' dir='ltr'>Nabath</span> <span class='ocrx_word' id='word_1_764' title='bbox 1079 2550 1108 2580; x_wconf 86' lang='lat' dir='ltr'>h)</span> <span class='ocrx_word' id='word_1_765' title='bbox 1127 2549 1214 2582; x_wconf 77' lang='lat' dir='ltr'>Seqq.</span> <span class='ocrx_word' id='word_1_766' title='bbox 1230 2557 1305 2583; x_wconf 79' lang='lat' dir='ltr'>quae</span> <span class='ocrx_word' id='word_1_767' title='bbox 1318 2548 1384 2575; x_wconf 78' lang='lat' dir='ltr'>MS.</span> <span class='ocrx_word' id='word_1_768' title='bbox 1397 2547 1460 2582; x_wconf 82' lang='lat' dir='ltr'>foll.</span> <span class='ocrx_word' id='word_1_769' title='bbox 1476 2551 1499 2579; x_wconf 80' lang='grc'>3,</span> <span class='ocrx_word' id='word_1_770' title='bbox 1519 2557 1546 2573; x_wconf 83' lang='lat' dir='ltr'>a.</span> <span class='ocrx_word' id='word_1_771' title='bbox 1561 2563 1592 2567; x_wconf 86' lang='lat'>—</span> <span class='ocrx_word' id='word_1_772' title='bbox 1605 2551 1629 2580; x_wconf 87' lang='lat'>5,</span> <span class='ocrx_word' id='word_1_773' title='bbox 1644 2547 1669 2572; x_wconf 90' lang='lat' dir='ltr'>b.</span> <span class='ocrx_word' id='word_1_774' title='bbox 1683 2547 1758 2573; x_wconf 82' lang='lat' dir='ltr'>med.</span> <span class='ocrx_word' id='word_1_775' title='bbox 1774 2546 1893 2572; x_wconf 62' lang='lat' dir='ltr'>ewhz&#39;bet</span> <span class='ocrx_word' id='word_1_776' title='bbox 1905 2546 1981 2577; x_wconf 73' lang='lat' dir='ltr'>(Ergss</span> <span class='ocrx_word' id='word_1_777' title='bbox 1999 2550 2049 2570; x_wconf 72' lang='lat'>¹¹⁰¹¹</span> 
     </span>
     <span class='ocr_line' id='line_1_58' title="bbox 376 2579 2047 2617; baseline 0.002 -12"><span class='ocrx_word' id='word_1_778' title='bbox 376 2585 415 2605; x_wconf 81' lang='lat' dir='ltr'>est</span> <span class='ocrx_word' id='word_1_779' title='bbox 428 2600 541 2606; x_wconf 88' lang='grc'><em>......</em></span> <span class='ocrx_word' id='word_1_780' title='bbox 567 2585 701 2611; x_wconf 80' lang='lat' dir='ltr'>occupatur</span> <span class='ocrx_word' id='word_1_781' title='bbox 720 2585 745 2606; x_wconf 83' lang='lat' dir='ltr'>et</span> <span class='ocrx_word' id='word_1_782' title='bbox 763 2583 944 2613; x_wconf 77' lang='lat' dir='ltr'>anteuertitur)</span> <span class='ocrx_word' id='word_1_783' title='bbox 961 2584 992 2608; x_wconf 85' lang='lat' dir='ltr'>in</span> <span class='ocrx_word' id='word_1_784' title='bbox 1006 2583 1049 2608; x_wconf 81' lang='lat' dir='ltr'>ed.</span> <span class='ocrx_word' id='word_1_785' title='bbox 1060 2590 1109 2617; x_wconf 83' lang='lat' dir='ltr'>pr.</span> <span class='ocrx_word' id='word_1_786' title='bbox 1120 2591 1246 2617; x_wconf 68' lang='lat' dir='ltr'>prorsus</span> <span class='ocrx_word' id='word_1_787' title='bbox 1256 2582 1320 2616; x_wconf 79' lang='lat' dir='ltr'>fere</span> <span class='ocrx_word' id='word_1_788' title='bbox 1333 2585 1448 2608; x_wconf 74' lang='lat' dir='ltr'>mutatu</span> <span class='ocrx_word' id='word_1_789' title='bbox 1463 2586 1537 2609; x_wconf 75' lang='lat' dir='ltr'>sunt.</span> <span class='ocrx_word' id='word_1_790' title='bbox 1569 2582 1628 2608; x_wconf 80' lang='lat' dir='ltr'>Vid.</span> <span class='ocrx_word' id='word_1_791' title='bbox 1641 2582 1694 2615; x_wconf 78' lang='lat' dir='ltr'>sol.</span> <span class='ocrx_word' id='word_1_792' title='bbox 1715 2583 1738 2611; x_wconf 76' lang='lat'>8,</span> <span class='ocrx_word' id='word_1_793' title='bbox 1757 2590 1784 2606; x_wconf 87' lang='lat' dir='ltr'>a.</span> <span class='ocrx_word' id='word_1_794' title='bbox 1803 2583 1822 2606; x_wconf 90' lang='grc'>1.</span> <span class='ocrx_word' id='word_1_795' title='bbox 1843 2596 1872 2599; x_wconf 94' lang='grc'>-</span> <span class='ocrx_word' id='word_1_796' title='bbox 1889 2579 1942 2613; x_wconf 82' lang='lat' dir='ltr'>fol·</span> <span class='ocrx_word' id='word_1_797' title='bbox 1964 2581 2000 2609; x_wconf 79' lang='lat'>13.</span> <span class='ocrx_word' id='word_1_798' title='bbox 2019 2587 2047 2603; x_wconf 86' lang='lat' dir='ltr'>a.</span> 
     </span>
     <span class='ocr_line' id='line_1_59' title="bbox 377 2615 1201 2648; baseline 0.006 -10"><span class='ocrx_word' id='word_1_799' title='bbox 377 2615 404 2638; x_wconf 83' lang='lat' dir='ltr'>Et</span> <span class='ocrx_word' id='word_1_800' title='bbox 422 2616 478 2644; x_wconf 84' lang='lat' dir='ltr'>quid</span> <span class='ocrx_word' id='word_1_801' title='bbox 498 2615 565 2640; x_wconf 80' lang='lat' dir='ltr'>aliud</span> <span class='ocrx_word' id='word_1_802' title='bbox 580 2634 694 2640; x_wconf 89' lang='lat'>......</span> <span class='ocrx_word' id='word_1_803' title='bbox 715 2617 738 2641; x_wconf 90' lang='lat' dir='ltr'>in</span> <span class='ocrx_word' id='word_1_804' title='bbox 757 2617 860 2648; x_wconf 85' lang='lat' dir='ltr'>reliquis</span> <span class='ocrx_word' id='word_1_805' title='bbox 879 2617 1020 2648; x_wconf 83' lang='lat' dir='ltr'>compendii</span> <span class='ocrx_word' id='word_1_806' title='bbox 1038 2619 1116 2643; x_wconf 83' lang='lat' dir='ltr'>nostri</span> <span class='ocrx_word' id='word_1_807' title='bbox 1135 2619 1201 2644; x_wconf 79' lang='lat' dir='ltr'>locis.</span> 
     </span>
    </p>
   </div>
  </div>
 </body>
</html>
