2358 2933
255 123 311 152 991

255 223 378 251 manet,
408 223 559 245 servatur
582 214 654 245 Deo
687 215 827 245 iuvante.
874 214 968 246 Voco
991 223 1098 247 antem
1121 215 1225 257 politi-

255 268 326 287 cum
346 258 502 288 ordinem,
527 265 558 286 nt
583 266 683 296 supra
705 258 826 293 monui,
849 267 915 288 non
938 258 1076 289 iniustas
1099 265 1226 298 pertur-

255 301 415 330 bationes.
440 299 500 329 sed
523 299 614 339 ipsas
640 298 732 340 leges
756 309 830 330 cum
854 300 980 330 ratione
994 307 1224 341 congruentes,

255 343 491 382 coniungentes
515 342 706 372 societatem
729 340 869 377 civilem,
891 348 926 371 ut
937 341 1130 372 multitudini
1143 345 1225 374 certi

254 384 400 414 homines
425 384 585 423 praesint;
630 383 710 414 ltem
732 390 940 419 contractus,
965 385 1099 422 iudicia,
1121 384 1226 426 legiti-

255 437 324 456 mus
348 436 491 466 poenas.
526 423 751 466 depulsionem
775 425 1035 458 latrociniorum.
1068 426 1225 458 militiam.

339 511 387 539 Ar
412 510 452 539 de
465 508 624 550 Coniugio
648 510 832 541 testimonia
855 511 937 540 satis
960 516 1037 541 nota
1050 518 1134 541 sunt.
1166 510 1225 542 Est

254 560 361 583 autem
396 552 590 593 Coniugium
635 557 790 592 perpetua
835 553 1020 583 coniunctio
1054 554 1158 583 mariti
1193 561 1224 584 et

256 595 365 624 uxoris
388 594 534 624 instituta
559 595 658 625 certis
681 594 810 635 legibus
841 605 859 624 a
883 594 976 627 Deo.
1009 605 1093 635 quae
1117 602 1225 626 osten-

255 637 349 667 dunt.
384 645 466 676 quas
500 646 661 676 personas
691 643 723 667 et
746 637 909 677 quomodo
933 638 1019 678 iungi
1044 636 1158 674 liceat,
1191 644 1225 668 ut

255 679 337 709 Gen.
361 678 390 707 2.
417 682 497 714 lvss.
521 679 563 709 :23
576 682 641 719 sq.l
665 678 770 709 Levit.
794 678 840 710 18.
866 679 1034 719 [vss.6sq
1061 683 1082 717 .Ι
1106 679 1223 710 Manli.

260 721 306 751 19.
327 725 409 758 lvss.
433 721 454 751 4
476 725 541 761 sq.1
566 723 655 759 et·”·7)
694 721 719 751 l.
744 720 820 751 Cor.
847 721 874 751 7.
921 721 956 751 ln
978 721 1030 751 his
1066 722 1135 752 ocis
1158 732 1224 752 ma—

257 761 374 794 nifeste
396 764 642 803 conspiciuntur
665 763 839 794 institutio.
869 764 1063 803 approbatio
1086 770 1117 794 et
1140 764 1224 795 ordi-

257 807 342 836 natio
355 803 516 845 Coniugii.
540 807 580 836 de
603 815 667 846 quo
691 803 772 835 alias
785 805 944 845 prolixius
959 806 1094 837 dicetur.
1128 806 1224 837 Nunc

256 848 440 877 testimonia
473 848 590 878 addam
624 848 665 878 de
687 847 935 888 magistratibus
966 858 1025 878 5811
1059 846 1144 879 civili
1166 859 1225 889 gu·

257 890 458 920 bernatione.

341 973 581 1006 Paludanus-”m-‘t
616 976 663 1005 sic
697 981 819 1005 tantum
852 985 871 1005 a
904 974 975 1006 Deo
1009 982 1116 1006 ortum
1150 984 1225 1006 esse

257 1016 420 1055 politicum
443 1017 588 1047 ordinem
611 1017 700 1054 dicit,
723 1018 798 1057 quia
820 1016 940 1048 1101111111
965 1018 1047 1048 13110
1072 1018 1111 1047 sit
1125 1018 1226 1048 indita

256 1065 287 1089 et
303 1059 416 1089 notitia
439 1057 547 1099 legum
571 1066 716 1096 naturae,
739 1070 823 1099 quae
846 1060 965 1090 indicat
974 1061 1018 1100 3⁹)
1064 1059 1150 1090 hunc
1174 1070 1225 1090 or-

256 1101 361 1131 dinem
393 1102 474 1131 inter
504 1100 652 1132 homines
676 1103 897 1132 necessarium
921 1111 1006 1133 esse.
1051 1102 1123 1132 Etsi
1146 1112 1226 1132 vera

257 1151 304 1173 est
329 1142 409 1173 haec
433 1145 609 1175 sententia.
639 1151 747 1174 tamen
772 1144 914 1174 nondum
937 1145 1018 1174 satis
1041 1145 1081 1174 de
1105 1154 1226 1175 caussa

257 1184 360 1215 civilis
395 1186 561 1216 societatis
595 1196 654 1216 seu
677 1187 885 1226 imperiorum
904 1186 991 1217 dixit.
1036 1187 1120 1217 Nam
1143 1185 1224 1217 solis

256 1227 404 1258 humanis
429 1227 574 1258 consiliis
599 1235 629 1258 et
653 1229 775 1258 viribus
799 1238 1004 1269 nequaquam
1023 1230 1156 1259 retineri
1168 1228 1226 1259 ho-

257 1278 369 1300 nestae
403 1269 495 1310 leges
531 1276 561 1300 et
586 1269 690 1300 civilis
713 1271 856 1301 societas
879 1275 1029 1310 possunt.
1075 1271 1225 1302 Sciamus

257 1322 336 1353 crgo
370 1322 452 1342 voce
480 1311 542 1342 Dei
577 1313 754 1344 institutum
787 1323 863 1343 esse
896 1312 983 1343 hunc
1017 1314 1163 1343 ordinem
1193 1320 1224 1343 et

257 1355 502 1394 comprobatum
536 1362 566 1385 et
597 1365 674 1385 vere
698 1356 739 1385 ab
764 1365 803 1385 eo
822 1356 934 1386 iurari.
980 1355 1032 1385 De
1055 1354 1117 1386 hac
1141 1365 1225 1386 voce

257 1395 461 1426 manifestum
497 1397 716 1428 testimonium
740 1403 788 1427 est
812 1404 882 1427 tota
905 1396 956 1427 lex
979 1397 1106 1438 Moysi,
1141 1407 1226 1437 quae

258 1439 316 1468 etsi
352 1439 403 1469 uni
437 1437 558 1478 populo
593 1440 760 1479 proposita
784 1446 851 1476 est,
875 1444 982 1469 tamen
1007 1439 1225 1469 testimonium

258 1490 305 1509 est
331 1479 508 1511 voluntatis
532 1480 593 1511 Dei
617 1482 657 1511 de
680 1480 741 1511 hac
766 1482 829 1511 vita
853 1479 993 1521 politica.
1035 1481 1096 1511 Est
1119 1487 1226 1512 autem

258 1523 323 1553 Lex
345 1521 489 1553 moralis.
514 1521 566 1553 1118
589 1524 660 1562 ipse
682 1524 763 1554 ordo
787 1524 956 1553 societatis
979 1523 1095 1557 civilis,
1109 1524 1136 1553 si
1150 1524 1226 1553 dex-

257 1574 305 1595 tre
338 1564 547 1605 intelligatur.
593 1565 633 1595 Et
663 1566 795 1596 eaedem
831 1564 924 1606 leges
958 1565 1032 1596 inde
1055 1576 1161 1606 usque
1184 1566 1224 1596 ab

257 1609 345 1638 initio
379 1608 487 1638 mundi
522 1608 659 1638 traditae
692 1615 722 1638 et
757 1618 858 1648 saepe
881 1609 1036 1647 repetitae
1059 1615 1145 1639 sunt.
1190 1608 1225 1637 111

258 1650 414 1680 Paradiso
446 1649 627 1689 prohibitae
655 1657 731 1681 sunt
755 1660 860 1691 vagae
883 1648 1043 1680 libidines.
1091 1651 1174 1681 Gen.
1193 1651 1223 1681 4.

258 1696 338 1728 [iss.
365 1693 402 1721 10
415 1697 500 1733 sqq-1
524 1691 687 1732 prohibita
711 1699 743 1723 et
767 1693 919 1723 damnata
937 1699 986 1722 est
1009 1693 1128 1723 iniusta
1152 1702 1225 1723 cae·

257 1735 324 1764 des.
371 1734 410 1764 Et
434 1735 515 1765 (jen.
540 1734 570 1765 9.
597 1738 659 1771 ivs.
683 1734 726 1772 6.]
752 1744 908 1775 expresse
933 1735 1103 1765 ordinatur
1125 1736 1224 1775 impe-

257 1778 335 1807 rium
359 1777 445 1807 edita
467 1776 529 1807 hac
548 1776 639 1818 lege:
673 1777 867 1817 Quicunque
891 1776 1009 1807 fuderit
1031 1778 1226 1819 sangninem

256 1818 450 1855 humanum,
484 1830 542 1858 per
576 1819 737 1850 hominem
772 1818 924 1849 fundetur
959 1821 1093 1860 sanguis
1127 1818 1225 1856 illius,

256 1862 328 1900 quia
357 1862 399 1891 ad
423 1862 592 1903 imaginem
616 1861 679 1892 Dei
702 1860 809 1892 factus
838 1867 889 1891 est
911 1861 1019 1892 homo.
1064 1861 1157 1892 Hanc
1180 1860 1225 1890 le-

257 1913 329 1944 gem
363 1902 484 1943 politici
519 1904 641 1933 ordinis
677 1911 773 1943 caput
807 1913 884 1934 esse
907 1902 985 1933 nihil
1009 1904 1140 1934 dubium
1163 1910 1225 1940 est,

257 1956 319 1976 nec
342 1945 464 1976 frustra
488 1952 636 1985 putemus·
659 1945 745 1976 hanc
768 1956 882 1976 vocem
905 1956 924 1976 a
946 1945 1019 1976 Deo
1044 1946 1162 1976 editam
1177 1947 1223 1984 ⁴⁰)

257 1998 339 2018 esse.
387 1988 531 2028 Cumque
554 1989 741 2018 nominatim
765 1989 860 2024 dicat,
885 1987 948 2018 Per
970 1987 1134 2018 hominem
1155 1986 1224 2018 fun-

257 2031 347 2060 detur
380 2031 515 2072 sanguis
550 2030 747 2067 homicidae,
781 2030 916 2060 instituit
939 2029 1101 2061 hominem
1125 2030 1224 2071 magi-

258 2159 302 2186 ;)·τ)
321 2158 355 2188 et]
378 2159 412 2181 sic
430 2158 500 2183 Editt„
525 2160 546 2180 1.
567 2158 606 2184 3.;
642 2163 742 2183 ceterae
761 2158 832 2183 Editt.
851 2158 923 2183 itanc
940 2164 1032 2183 rocem
1050 2158 1188 2183 omittunt.

257 2209 301 2234 5²8)
321 2209 408 2232 petru<
435 2208 579 2233 Paludantis
604 2210 716 2239 (proprie
744 2208 774 2232 de
794 2209 817 2233 la
837 2210 911 2234 Pano
938 2209 1035 2233 Ordinis
1052 2208 1225 2233 nominitant)-

325 2248 388 2268 rum.
407 2249 430 2266 a.
452 2244 522 2267 1314.
542 2243 633 2267 [hoctor
652 2242 801 2267 Academiae
813 2243 961 2267 Pax-isicnsis
981 2246 1088 2268 creatus
1107 2249 1130 2266 a.
1152 2241 1223 2265 1317.

324 2276 435 2300 Vicat-ius
464 2277 590 2304 generatis
619 2277 684 2301 iliius
705 2276 810 2304 ordinis,
830 2283 851 2300 a.
875 2277 944 2301 1329.
974 2277 1120 2301 Patriarcba
1139 2276 1225 2300 Hiero—

324 2310 496 2339 soly-mitanas.
516 2317 539 2334 a.
563 2310 634 2333 1342.
654 2311 694 2336 31.
712 2311 763 2335 ian.
784 2311 885 2335 Parisiis
905 2312 1018 2335 mortuus
1038 2314 1084 2335 est.
1122 2309 1224 2339 Scripsit

324 2345 522 2368 t'omnwmarins
554 2344 577 2368 in
605 2345 633 2368 iv
662 2345 738 2368 libros
758 2344 868 2372 Magistri
896 2345 1080 2369 sententiarum
1100 2344 1224 2373 (venetiis

326 2378 396 2402 1⁴95.
415 2378 486 2405 Fet).
505 2379 538 2402 De
565 2378 663 2402 caussis
682 2378 810 2407 potentiae
830 2378 1017 2402 ecclesiasticae
1036 2378 1128 2404 (Paris.
1152 2377 1224 2400 1506.

322 2412 371 2440 4⁰).
392 2413 425 2436 De
444 2411 611 2439 confessione,
631 2413 744 2442 aliosque
764 2411 854 2439 1111105ς

323 2445 379 2469 Lex.
397 2445 422 2470 Τ.
440 2446 517 2470 xxxi.
538 2445 615 2475 (Lips.
636 2448 660 2469 et.
679 2446 731 2471 HaJ.
754 2445 825 2470 1740.
843 2446 908 2474 Fol.)
927 2453 951 2476 p.
972 2445 1020 2468 423
1040 2452 1076 2476 sq.

255 2496 298 2522 39)
319 2496 422 2526 iudicat]
442 2496 510 2520 Εὼιι
532 2496 572 2518 22.
594 2496 633 2518 24.
654 2497 694 2519 2⁷3.
715 2496 754 2518 30.
775 2496 824 2521 34..
843 2497 903 2526 opp.
923 2498 942 2520 1.
961 2497 983 2519 2.
1002 2496 1093 2520 indicat

254 2548 300 2567 -ῑῡι
321 2546 425 2577 editum]
447 2546 518 2571 Editt.
541 2547 580 2571 22.
600 2548 638 2571 2³..
659 2546 774 2572 ἐδ-31..
793 2547 850 2576 01111,
873 2548 892 2569 1.
913 2547 933 2571 2.
954 2546 1070 2571 traditam

891 2412 947 2436 vide
966 2412 1064 2436 Zedleri
1083 2411 1225 2436 [nivei-sal·
1244 2437 1246 2440 ,

880 122 990 154 Ptin„
1011 122 1114 155 MEL.
1137 124 1320 157 SCRIPTA
1343 125 1615 158 DOGMATICA.

2177 129 2240 160 992

1269 225 1425 256 stratum,
1458 220 1512 259 qui
1545 225 1636 250 certo
1670 216 1900 250 ordinetollat
1915 222 2067 250 ¹temnet
2088 221 2240 253 iudicium

1268 259 1332 292 Dei
1342 261 1555 292 administret.
1593 260 1713 292 Extant
1728 271 1808 302 ergo
1819 262 2009 293 testimonia
2019 263 2240 294 institutionis.

1352 301 1393 333 Et
1416 314 1488 334 cum
1503 302 1624 333 Paulus
1645 304 1741 334 tradit
1765 304 1945 334 doctrinam
1968 304 2008 334 de
2031 303 2164 344 politico
2188 308 2240 336 01-

1269 344 1343 375 dine
1365 344 1458 379 Rom.
1485 344 1533 376 13.
1564 343 1660 376 simul
1694 351 1832 377 testatur
1865 351 1897 376 et
1919 346 2099 377 institutum
2122 356 2196 378 esse
2220 358 2239 378 a

1269 384 1342 417 Deo
1366 392 1398 418 et.
1421 385 1627 428 comprobari
1652 388 1684 418 et
1706 389 1747 418 ab
1776 397 1816 419 eo
1836 388 1950 418 iuvari.
1994 388 2120 430 Estque
2143 396 2241 431 caput

1269 426 1347 459 illud
1381 439 1499 474 magno
1535 427 1672 462 consilio
1706 440 1726 460 a
1745 429 1868 470 Spiritu
1898 435 2014 461 sancto
2037 432 2241 471 propositum

1269 469 1440 509 Ecclesiis,
1463 478 1496 502 ut
1520 469 1692 502 manifeste
1714 470 1834 502 refutet
1855 470 2017 502 fanaticos
2040 471 2171 504 furores
2184 473 2240 505 da-

1267 514 1446 544 mnantium
1469 513 1614 556 ordinepn
1637 512 1805 555 politicum
1828 523 1886 544 seu
1900 512 2114 555 Magistratus
2133 521 2165 546 et
2185 516 2239 547 im-

1269 555 1368 595 peria.
1405 554 1497 590 Quae
1519 561 1595 586 Sunt
1617 562 1810 596 potestates,
1833 555 1937 587 aDeo
1963 557 2131 588 ordinatae
2153 564 2240 596 sunt,

1267 597 1300 627 id
1331 603 1400 634 est,
1434 595 1503 627 vult
1533 607 1592 628 suo
1639 608 1777 639 nemque
1800 605 1945 638 tempore
1969 604 2000 628 et
2022 597 2098 629 loco
2118 599 2240 631 obtem—

1268 649 1384 679 perare
1417 637 1569 679 legitimis
1602 609 1851 681 §agistratibus
1884 641 2133 679 praesentibus,
2167 641 2239 672 ideo

1269 682 1364 719 dicit,
1398 679 1491 716 Quae
1516 688 1607 718 sunt,
1642 682 1736 722 quasi
1760 683 1862 720 dicat,
1897 692 1962 712 non
1987 683 2136 723 requiras
2160 682 2240 724 Cyri

1268 729 1322 754 aut
1346 721 1524 753 Alexandri
1559 724 1735 764 imperium.
1782 724 1872 755 Haec
1896 722 1988 755 Deus
2015 725 2120 755 iustus
2143 725 2238 757 iudex

1268 763 1367 796 multo
1391 771 1466 795 ante
1489 766 1616 802 evertit,
1641 772 1672 796 et
1695 767 1861 796 constitnit
1883 764 1946 796 alia
1968 767 2113 807 imperia.
2148 766 2242 802 Quae,

1269 813 1342 837 sunt
1367 807 1474 847 igitur,
1493 807 1526 837 id
1551 814 1612 844 est,
1648 818 1731 848 qnae
1754 807 1899 848 quolibet
1920 813 2067 847 tempore
2089 815 2241 851 regnant,

1268 849 1350 880 haec
1384 850 1469 880 scito
1492 860 1512 879 a
1535 848 1608 880 Deo
1638 850 1787 881 ordinata
1811 859 1896 880 esse.
1942 849 1983 880 Et
2004 856 2121 890 postea
2142 851 2240 892 impe-

1268 893 1315 921 ria
1334 891 1479 922 nominat
1490 891 1726 922 ordinationem
1739 891 1813 922 Dei.
1832 891 1966 922 Pondus
1979 892 2072 923 verbi
2084 893 2240 924 observe-

1267 941 1330 971 tur,
1338 934 1425 974 quod
1438 935 1581 964 nominat
1590 935 1722 975 imperia
1732 935 1979 965 ordinationem.
1993 933 2134 965 Primum
2142 935 2242 966 mani-

1268 975 1352 1006 feste
1365 976 1522 1006 discernit
1533 975 1666 1016 imperia
1678 987 1696 1006 a
1709 977 1867 1017 peccatis.
1891 976 1974 1007 Nam
1991 983 2164 1018 peccatum
2175 981 2241 1008 11011

1269 1023 1319 1048 est
1333 1018 1492 1048 ordinatio
1505 1017 1578 1055 Dei,
1597 1019 1656 1049 sed
1669 1025 1719 1049 est
1731 1017 1881 1050 confusio
1895 1025 1925 1048 et
1939 1018 2103 1050 horrenda
2114 1025 2240 1060 pertur-

1267 1061 1356 1091 batio
1381 1060 1478 1090 divini
1502 1061 1636 1099 ordinis,
1661 1071 1756 1101 qnam
1779 1060 1872 1091 Deus
1896 1067 2026 1101 semper
2044 1061 2111 1092 odit
2134 1067 2165 1092 et
2187 1061 2241 1092 e'x-

1270 1108 1409 1133 ecratur.
1455 1101 1583 1133 Deinde
1616 1109 1726 1134 monet
1756 1113 1834 1140 nos,
1865 1102 1971 1144 qualis
1993 1112 2049 1133 res
2071 1104 2115 1134 sit
2136 1102 2240 1135 civilis

1269 1151 1374 1175 status
1409 1154 1468 1175 seu
1501 1145 1679 1184 imperium.
1725 1145 1816 1176 Ordo
1840 1151 1907 1182 est,
1940 1144 2059 1186 inquit,
2088 1143 2243 1177 videlicet

1269 1188 1372 1218 series
1396 1197 1610 1227 personarum
1634 1194 1665 1217 et
1684 1197 1802 1225 rerum,
1829 1196 2018 1229 congruens
2042 1187 2084 1218 ad
2095 1184 2240 1230 reguiam

1269 1230 1385 1260 mentis
1420 1229 1548 1260 divinae
1583 1228 1745 1260 lucentem
1777 1236 1808 1260 et
1832 1231 1864 1260 in
1888 1230 1984 1260 nobis
2006 1229 2096 1260 iuxta
2118 1230 2241 1272 Legem

1270 1278 1418 1308 naturae,
1445 1278 1476 1301 ut
1499 1267 1621 1301 usitate
1641 1282 1809 1301 vocamus.

1356 1313 1404 1343 Sit
1433 1313 1601 1353 imperinm
1626 1314 1706 1343 ordo
1729 1323 1960 1354 personarum,
1993 1314 2116 1354 praesit
2137 1313 2240 1355 Magi-

1269 1362 1410 1392 stratus,
1445 1356 1667 1395 obtemperent
1701 1357 1790 1385 cives
1826 1366 1885 1385 suo
1909 1356 2048 1396 quisque
2070 1354 2166 1393 loco,
2200 1357 2241 1387 sit.

1270 1405 1379 1428 certus
1394 1398 1474 1427 ordo
1488 1398 1570 1427 inter
1583 1398 1732 1427 maritum
1746 1404 1778 1427 et
1791 1398 1975 1438 coniugem,
1983 1398 2068 1427 inter
2078 1403 2241 1437 patremet

1268 1439 1403 1475 liberos,
1416 1440 1457 1469 sit
1471 1439 1552 1468 ordo
1566 1439 1890 1480 iudicioruni3Leges
1903 1439 2047 1469 ordinem
2060 1438 2242 1471 officiorum

1269 1487 1301 1512 et
1314 1487 1539 1511 contractuum
1551 1487 1738 1521 proponant
1750 1487 1779 1511 et
1792 1481 1951 1518 sanciant,
1962 1486 2146 1513 monstrent
2157 1483 2242 1513 ordi-

1268 1534 1342 1554 nem
1351 1524 1481 1564 generis
1493 1523 1623 1553 humani
1636 1533 1716 1565 erga
1723 1523 1840 1560 Deum,
1849 1523 2045 1563 prohibeant
2055 1533 2160 1564 vagas
2171 1523 2242 1555 libi-

1269 1567 1374 1603 dines,
1407 1575 1491 1606 quae
1514 1571 1589 1595 sunt
1613 1567 1798 1596 contrariae
1821 1566 1925 1596 ordini
1950 1566 2060 1596 divino
2083 1566 2116 1596 in
2138 1565 2240 1597 homi-

1267 1619 1345 1639 num
1373 1613 1492 1638 natura
1525 1608 1690 1645 instituto,
1724 1608 1923 1647 praecipiant
1955 1606 2187 1648 aequalitatem
2208 1609 2240 1639 in

1270 1651 1504 1680 contractibus.
1534 1649 1698 1684 Quantum
1721 1651 1839 1690 accipit
1861 1656 1998 1690 emptor,
2020 1656 2145 1681 tantum
2168 1652 2240 1681 ned-

1269 1693 1332 1723 dat.
1377 1692 1427 1722 Ne
1461 1691 1569 1722 laedat
1593 1693 1674 1722 civis
1698 1693 1819 1729 civem,
1854 1692 1914 1722 sed
1937 1701 2050 1723 01111185
2074 1693 2182 1723 sciant
2203 1702 2241 1723 se

1267 1736 1350 1765 inter
1383 1744 1460 1765 sese
1490 1734 1662 1765 devinctos
1686 1744 1762 1765 esse
1785 1735 1827 1765 ad
1849 1740 1993 1765 mutuam
2017 1733 2240 1766 defensionem

1269 1783 1299 1807 et
1324 1786 1528 1807 communem
1551 1776 1705 1813 salutem,
1740 1786 1823 1817 quae
1847 1777 1998 1807 consistit
2024 1777 2056 1807 in
2086 1787 2239 1817 compen-

1268 1820 1395 1849 satione
1428 1817 1557 1859 aequali
1591 1818 1814 1855 voluntatum,
1848 1817 2032 1849 officiorum
2066 1824 2098 1849 et
2121 1828 2238 1850 rernm.

1269 1862 1303 1892 Si
1327 1862 1399 1902 quis
1423 1867 1531 1891 autem
1553 1860 1728 1891 violaverit
1757 1860 1843 1891 hunc
1867 1861 2030 1898 ordinem,
2062 1869 2171 1901 poena
2192 1859 2239 1891 as-

1267 1904 1404 1934 ficiatur.

1353 1946 1427 1976 Non
1457 1952 1506 1975 est
1531 1946 1653 1975 ordinis
1677 1944 1861 1975 intellectus
1879 1945 1911 1974 in
1936 1945 2066 1982 bestiis,
2100 1945 2160 1975 sed
2178 1945 2239 1977 ho-

1267 1989 1342 2018 mini
1365 1989 1525 2028 impressa
1548 1994 1599 2017 851
1617 1988 1740 2018 ordinis
1762 1987 1886 2023 notitia,
1905 1996 1979 2017 cnm
2002 1996 2077 2027 qua,
2099 1988 2129 2018 si
2146 1992 2239 2019 natu-

1267 2042 1304 2060 ra
1336 2030 1502 2061 hominum
1535 2040 1600 2060 non
1634 2035 1788 2068 corrupta
1821 2035 1912 2059 esset
1940 2034 2097 2069 peccato,
2142 2030 2238 2060 etiam

1267 2083 1358 2103 amor
1381 2073 1504 2103 ordinis
1528 2072 1635 2102 tuendi
1659 2081 1739 2112 erga
1762 2071 1868 2100 Deum
1892 2077 1924 2101 et
1946 2070 2110 2108 homines,
2140 2081 2238 2102 verus

1268 2121 1298 2145 et
1332 2115 1454 2145 ardens
1482 2115 1514 2144 in
1537 2114 1740 2154 pectoribus,
1776 2113 1970 2144 coniunctus
1999 2118 2099 2143 esset.
2142 2113 2238 2144 Nunc

1267 2167 1347 2187 vero
1371 2155 1469 2187 facile
1490 2162 1587 2186 ruunt
1609 2155 1758 2186 homines
1783 2161 1898 2186 contra
1920 2161 2058 2185 naturae
2080 2155 2238 2193 ordinem,

1268 2198 1320 2229 alii
1345 2205 1452 2230 tamcn
1475 2199 1592 2238 1113ςί5,
1616 2197 1669 2228 3111
1693 2199 1799 2229 minus
1823 2203 1931 2227 amant
1953 2197 2110 2235 ordinem,
2127 2197 2238 2231 111Εο-

1268 2242 1387 2281 ripides
1423 2241 1463 2272 de
1486 2239 1686 2281 Cyclopibns
1710 2239 1816 2281 [Cycl.
1848 2239 1919 2269 120.
1943 2239 1994 2270 ed.
2017 2239 2169 2277 Barnes;]
2191 2240 2238 2270 in-

1269 2285 1351 2323 quit:
1409 2283 1549 2321 Νομάδες
1581 2282 1678 2313 ᾰκούει
1706 2281 1788 2313 οὐδὲν
1821 2281 1915 2317 οὐδεὶς
1949 2281 2073 2316 οὐδενός.
2133 2280 2237 2312 Multa

1268 2325 1339 2355 fera
1372 2326 1503 2366 ingenia
1535 2331 1650 2365 putant
1671 2335 1768 2355 unum
1798 2323 1862 2354 hoc
1885 2333 1962 2354 esse
1985 2325 2080 2354 beate
2113 2324 2236 2360 vivere,

1268 2378 1332 2398 non
1358 2368 1504 2397 coerceri
1534 2367 1681 2408 legibus,
1721 2367 1845 2403 ordine,
1879 2364 2049 2406 disciplina
2082 2372 2236 2406 tanquam

1269 2420 1418 2447 carcere,
1442 2410 1499 2439 scd
1524 2409 1626 2439 libere
1650 2409 1766 2450 vagari
1790 2415 1819 2438 et
1845 2408 2074 2448 cupiditatibus
2098 2408 2235 2448 obsequi

1244 2481 1246 2485 ,
1268 2453 1337 2482 sine
1357 2450 1461 2482 freno.
1491 2451 1624 2482 Talibus
1648 2451 1785 2492 ingeniis
1808 2449 1941 2480 difficile
1964 2455 2014 2480 est
2036 2449 2237 2490 persuadere

1245 2502 1246 2506 ¹
1269 2504 1419 2535 magnum
1443 2494 1544 2524 decus
1568 2503 1644 2524 esse
1667 2494 1801 2529 ordiniS,
1825 2498 1879 2523 aut
1897 2491 2076 2530 declarare,
2095 2497 2235 2533 quantas

1244 2548 1247 2570 ;
1268 2547 1322 2566 185
1356 2536 1408 2566 hic
1444 2535 1636 2576 complexus
1671 2536 1712 2566 sit
1735 2533 1867 2572 Paulus,
1891 2541 1923 2565 et
1945 2545 2041 2575 quam
2063 2534 2236 2575 perspicue
