2358 2933
185 110 228 142 23
814 111 923 142 PHIL.
947 111 1050 142 MEL.
1074 109 1260 143 SCRIPTA
1282 109 1555 142 DOGMATICAi
2140 115 2183 146 24

339 214 396 242 pus
442 203 480 232 Et
499 204 578 242 quod
599 208 647 233 est
666 205 694 233 in
713 204 841 233 humana
859 208 961 234 natura
979 206 1138 243 optimum:
1158 203 1317 234 Rationem
1336 204 1520 234 voluntatem
1539 208 1569 234 et
1588 204 1678 234 huius
1698 204 1916 243 pulcherrimos
1941 217 2027 236 cona-

338 251 387 275 tus
407 251 439 275 ut
457 246 607 275 videntur:
628 246 755 275 Fructus
775 248 872 275 carnis
892 251 940 276 est
959 247 1032 276 Tam
1051 248 1285 286 speciosissima
1297 247 1431 277 Socratis
1450 251 1500 277 aut
1519 246 1645 277 Catonis
1660 249 1682 283 ¹)
1702 248 1814 276 virtus:
1835 258 1923 286 quam
1941 259 2028 279 vene-

338 299 388 317 rea
406 289 510 317 libido.
556 289 625 317 Nisi
651 290 748 317 carnis
767 289 945 318 vocabulum
966 300 1017 328 pro
1038 289 1166 320 humana
1184 293 1286 319 natura
1304 289 1504 328 humanisque
1522 291 1637 319 viribus
1657 291 1847 328 quantumvis
1858 292 1887 327 2)
1911 293 2028 330 specio-

338 332 384 360 sis
409 332 562 369 acceperis
588 341 737 369 nunquam
764 330 851 360 Pauli
875 334 1055 362 sententiam
1078 334 1266 371 assequeris.
1336 333 1376 362 Et
1394 334 1440 362 sic
1458 333 1661 371 vsurpandum
1687 342 1760 361 esse
1786 334 1883 362 carnis
1902 335 2029 364 vocabu-

338 373 398 402 lum
418 374 505 402 docet
525 375 649 402 Sextum
669 378 757 412 caput
777 374 911 403 Genesis
922 376 948 412 3)
969 378 1027 412 [νε.
1049 378 1106 413 3.:]
1136 375 1205 404 Non
1232 376 1417 414 permanebit
1434 376 1558 414 spiritus
1578 385 1665 404 meus
1685 376 1713 404 in
1733 374 1853 404 homine
1873 376 1942 413 quia
1961 386 2028 406 caro

338 420 386 445 est
416 420 445 444 et
465 416 542 444 Heb.
564 420 592 445 9.
613 419 672 453 [vs.
696 419 775 454 10.:]
798 415 829 445 ln
845 418 938 456 varijs
959 418 1092 457 iusticijs
1112 422 1141 447 et
1167 419 1400 456 baptismatibus
1426 419 1573 456 carnis.⁴)
1591 419 1642 448 vbi
1660 421 1747 448 vocat
1761 419 1911 447 iusticiam
1929 420 2028 448 carnis

339 469 415 496 quae
434 462 481 487 est
501 458 692 487 humanarum
711 460 828 488 virium.
891 458 995 498 ltaque
1021 471 1137 489 carnem
1153 463 1155 484 Ι
1171 462 1346 490 vocabimus
1380 462 1524 499 quicquid
1550 465 1598 491 est
1622 465 1703 491 extra
1728 462 1864 500 spiritum
1889 465 1922 491 ut
1940 471 2029 500 quan·
2071 463 2094 493 8,
2115 462 2138 487 b·

337 502 448 529 tumuis
468 502 629 539 speciosas
655 500 742 530 Pauli
761 502 887 531 virtutes
906 503 1037 532 nondum
1056 503 1226 532 credentis:
1254 503 1411 533 humanam
1437 505 1615 543 sapientiam
1639 508 1671 534 ut
1695 505 1845 533 Socratis:
1871 504 2029 535 humanam

338 544 486 571 iusticiam
506 546 538 572 ut
556 542 682 572 Catonis
693 545 720 581 ⁵)
739 544 906 574 Humanam
924 547 1149 584 temperantiam
1168 549 1200 575 ut
1218 546 1347 585 Fabrieij
1372 547 1539 576 Humanam
1563 548 1773 576 continentiam
1798 550 1830 576 ut
1847 547 2029 577 Xenocratis

338 585 510 614 Humanam
523 585 724 615 fortitudinem
737 591 769 616 ut
781 587 914 617 Zenonis
934 588 1061 617 eleatae.
1083 588 1170 624 Quae
1189 590 1315 618 virtutes
1342 593 1413 618 sunt
1431 590 1541 618 veriss.
1555 591 1632 619 vicia
1644 593 1674 618 et
1692 589 1781 628 plane
1793 590 1906 619 fructus
1920 592 2028 620 caruis.

490 645 504 658 ⁸
527 646 604 671 Multo
628 646 735 671 viuatior
751 649 792 671 est
809 647 895 672 anima
913 648 971 677 igne
991 650 1017 673 et
1034 651 1128 679 quanto
1146 649 1254 674 viuatior
1273 651 1312 674 est
1330 651 1399 675 tanto
1418 651 1569 680 propensior
1587 650 1620 675 ad
1635 651 1800 680 peccandum.
1828 651 1856 675 In
1874 650 1968 676 intimis
1987 657 2028 676 ra-

542 679 638 705 dicibus
656 681 747 705 haeret
763 681 848 706 odium
868 684 893 707 et
906 683 932 707 'si
951 685 1117 712 cognosceret
1134 684 1209 708 homo
1227 690 1278 708 non
1296 685 1384 714 posset
1402 684 1470 709 ferre
1489 685 1555 709 hanc
1568 685 1698 709 miseriam
1718 686 1744 709 et
1755 685 1933 709 vacuationem
1947 685 2029 710 omnis

542 714 601 739 boni
619 720 684 745 quae
703 718 858 746 propagatur
876 722 908 741 ex
924 722 1012 742 amore
1031 717 1078 742 sui.
1089 716 1112 748 ⁶)

423 762 562 793 Contra
581 765 759 802 spiritum
778 767 945 794 vocabis
966 767 1154 804 quicquid
1173 768 1344 806 spiritus
1365 770 1566 802 sanctus7)
1587 770 1621 797 in
1642 769 1776 803 nobis,
1796 779 1896 798 veram
1921 773 1952 798 et
1980 770 2029 798 ab·

336 806 465 835 solutam
485 806 676 845 solidamque
695 809 873 845 sapientiam
893 809 1035 846 pietatem
1056 810 1205 838 iusticiam
1224 811 1449 848 temperantiam
1468 811 1706 841 Moderationem
1725 810 1905 841 Castitatem
1931 814 1961 840 et
1986 821 2028 840 re·
2344 834 2345 838 ,

336 849 437 887 liquos
457 848 570 878 fructus
590 854 761 879 numeratos
781 860 798 879 a
820 849 916 879 Paulo
935 851 994 879 Ro.
1016 853 1045 880 8.
2349 834 2355 890 Ξ

422 892 473 920 Sic
493 895 593 920 autem
611 896 761 930 comparat
779 893 918 931 spiritum
947 904 1014 922 cum
1040 904 1128 923 carne
1147 893 1263 923 Paulus
1289 895 1437 924 rhetorica
1445 897 1474 931 8)
1499 899 1529 925 et
1547 895 1726 933 elegantiss.
1751 897 1948 925 contencione
1966 899 2028 934 [vs.

337 937 365 963 6.
385 937 468 972 sq.:]
486 934 668 963 Affectus
688 936 818 964 carnis
844 935 930 964 Mors
956 940 1005 965 est
1028 936 1215 966 Affectus
1235 938 1401 975 spiritus
1421 939 1482 966 vita
1512 941 1542 966 et
1560 937 1624 967 Pax
1643 938 1793 973 Quoniam
1817 938 1944 967 affectus
1970 948 2029 967 car-

336 978 383 1005 nis
403 981 451 1005 est
471 978 659 1014 inimicitia9)
678 977 828 1006 aduersus
848 978 938 1007 deum
956 979 1034 1017 Legi
1054 980 1132 1008 enim
1153 980 1201 1008 dei
1220 990 1278 1008 non
1303 983 1352 1009 est
1376 981 1535 1009 subiectus
1563 991 1660 1019 neque
1680 982 1759 1009 enim
1785 981 1896 1019 subijci
1915 984 2028 1019 potest.

335 1017 366 1047 Iu
387 1030 446 1057 qua
464 1020 684 1058 comparatione
703 1031 769 1049 cum
789 1020 888 1059 palam
907 1022 948 1050 sit
960 1021 1103 1060 Spiritum
1122 1023 1221 1050 vocari
1241 1023 1363 1060 gratiam
1383 1021 1498 1052 Christi
1516 1023 1657 1052 Necesse
1676 1027 1725 1052 est
1738 1021 1865 1051 Carnem
1884 1032 2029 1052 vocemus

335 1062 478 1100 quicquid
498 1073 554 1090 non
575 1066 623 1091 est
641 1064 766 1100 spiritus
787 1067 816 1092 et
835 1067 918 1093 extra
934 1065 1082 1102 spiritum.
1119 1065 1208 1093 Alias
1229 1075 1286 1094 non
1306 1066 1360 1094 erit
1379 1066 1492 1103 integra
1510 1066 1689 1104 comparatio
1710 1066 1738 1094 si
1757 1065 1880 1093 Medius
1900 1065 2027 1094 affectus

335 1105 375 1133 sit
402 1106 476 1133 inter
499 1105 637 1142 spiritum
661 1109 691 1134 et
716 1105 853 1134 Carnem.
900 1104 1003 1144 Itaque
1028 1118 1095 1135 cum
1120 1107 1192 1136 dicit
1212 1106 1319 1136 Carnis
1345 1108 1484 1136 affectum
1509 1118 1583 1136 esse
1609 1111 1732 1137 mortem
1750 1107 1835 1137 Esse
1859 1108 1961 1136 odium
1979 1107 2029 1136 dei

334 1146 409 1185 Legi
430 1147 478 1175 dei
499 1148 610 1186 suhijci
631 1158 687 1177 non
707 1158 803 1186 posse
823 1148 905 1184 Quid
924 1149 1005 1177 aliud
1026 1149 1097 1178 dicit
1117 1160 1204 1187 quam
1225 1161 1330 1179 omnes
1346 1149 1349 1172 ἔ
1365 1150 1512 1179 humanos
1533 1150 1659 1179 affectus
1680 1161 1753 1179 esse
1772 1153 1904 1188 peccata.
2076 1150 2135 1180 9‚⁸-

421 1189 517 1218 Tota
535 1191 615 1219 vita
633 1190 881 1230 Euangelicaque
900 1192 1034 1220 doctrina
1053 1192 1271 1230 comprehensa
1289 1196 1338 1221 est
1358 1194 1385 1221 in
1405 1192 1532 1221 Paulina
1551 1192 1693 1231 Epistola
1711 1193 1748 1221 ad
1767 1192 1874 1221 Roma.

419 1232 520 1270 Ergo
540 1234 598 1261 vis
622 1235 775 1271 peccati
795 1234 1006 1272 originalis
1026 1234 1085 1263 Est
1104 1236 1225 1273 energia
1243 1236 1362 1274 rapiens
1383 1235 1532 1264 hominem
1550 1236 1717 1264 secundum
1741 1235 1883 1264 Naturam
1908 1245 2029 1274 semper

332 1274 370 1302 ad
388 1275 563 1312 pccandum.
611 1275 697 1311 Quid
724 1286 794 1314 ergo
821 1277 967 1306 iactamus
994 1277 1032 1305 de
1051 1277 1123 1306 libe.
1144 1279 1224 1306 arbi:
1251 1278 1333 1313 Quid
1353 1278 1499 1307 humanas
1526 1278 1617 1307 vires.
1663 1278 1703 1308 Et
1726 1288 1763 1306 ex
1781 1277 1831 1306 his
1853 1278 1930 1306 satis
1952 1287 2023 1306 con-

333 1321 394 1345 stat
413 1316 503 1352 Quod
523 1318 699 1356 principium
718 1320 922 1357 poenitentiae
941 1330 998 1348 non
1019 1323 1067 1348 est
1087 1321 1114 1348 in
1134 1321 1246 1349 nostris
1263 1321 1376 1349 viribus
1395 1321 1529 1359 positum
1549 1323 1570 1358 (.
1580 1321 1609 1349 id
1620 1322 1697 1350 satis
1714 1320 1898 1359 experientia
1913 1320 2028 1357 docet.)

333 1360 418 1388 Sicut
437 1363 466 1388 et
484 1360 593 1388 Hiere:
612 1364 739 1390 testatur
764 1372 829 1400 cap.
855 1365 905 1391 31.
921 1364 959 1399 ¹⁰)
1021 1364 1082 1400 [vs.
1108 1364 1143 1391 18
1164 1373 1212 1401 sq.
1223 1364 1261 1401 :]‘
1276 1362 1428 1392 Conuerte
1451 1373 1499 1392 me
1526 1367 1556 1392 et
1581 1367 1735 1393 conuertar
1762 1366 1923 1402 postquam
1949 1363 2028 1391 enim

333 1403 509 1431 conuertisti
529 1413 576 1431 me
595 1404 643 1441 egi
663 1405 886 1441 poenitentiam.

333 1443 498 1473 Constat
517 1446 611 1474 enim
636 1446 717 1484 quod
736 1446 835 1485 legem
859 1447 908 1475 dei
935 1457 1022 1475 nemo
1049 1447 1202 1476 hominum
1228 1458 1266 1476 ex
1284 1449 1399 1477 viribus
1420 1449 1486 1477 suis
1511 1448 1609 1477 facere
1632 1452 1744 1487 potest.
1790 1448 1830 1478 Et
1849 1457 2028 1486 quamquam

333 1487 360 1515 in
381 1488 516 1525 sepeiem
537 1498 594 1516 non
615 1488 775 1527 indulgeas
795 1489 913 1518 libidini
932 1489 1000 1518 Non
1025 1490 1132 1518 fureris
1151 1490 1219 1519 Non
1240 1491 1362 1519 occidas
1382 1491 1494 1520 Tamen
1514 1501 1584 1519 vere
1603 1491 1678 1520 haec
1697 1501 1788 1530 opera
1811 1495 1893 1520 metu
1910 1500 2029 1529 poenae

330 1530 471 1558 commod
507 1530 658 1568 planeque
684 1542 816 1561 necesse
843 1536 891 1561 est
916 1536 948 1561 ut
967 1532 1088 1561 fatearis
1107 1533 1177 1561 Nisi
1203 1533 1253 1561 lex
1273 1533 1461 1563 interdiceret
1480 1533 1574 1562 Malle
1593 1538 1623 1563 te
1643 1534 1766 1572 explere
1790 1535 1920 1562 animum
1939 1536 1969 1562 et
1987 1533 2028 1561 in-

332 1571 456 1610 dulgere
475 1574 563 1610 genio
583 1583 672 1611 quam
691 1584 744 1612 per
762 1574 861 1613 legem
881 1579 911 1603 et
930 1578 1010 1604 metu
1029 1576 1171 1603 coerceri.
1218 1575 1302 1604 Haec
1322 1576 1359 1604 de
1378 1575 1456 1605 libe:
1476 1577 1567 1604 Arbi:

1074 1643 1130 1671 De
1159 1642 1280 1681 Lege:

418 1698 595 1729 Primum:
620 1700 699 1729 Lex
717 1701 776 1730 Est
791 1704 815 1737 ⁸)
836 1703 988 1731 sententia
1007 1712 1066 1739 qua
1085 1706 1114 1730 et
1132 1703 1212 1730 bona
1229 1702 1452 1740 praecipiuntur
1471 1706 1500 1731 et
1520 1701 1598 1731 mala
1616 1705 1762 1731 vetantur.
1779 1703 1805 1736 ¹’)

419 1744 473 1771 2¹¹¹.
494 1743 565 1771 Alia
584 1743 754 1772 Naturalis:
775 1744 834 1773 alia
853 1744 955 1772 diuina
973 1744 1045 1772 Alia
1063 1744 1201 1772 humana.
1221 1747 1246 1781 ⁰)

419 1787 472 1813 3¹¹¹.
493 1785 646 1814 Naturalis
666 1786 716 1814 lex
734 1786 793 1815 Est
807 1788 836 1825 ¹¹)
855 1787 1006 1815 sententia
1024 1787 1192 1815 communis
1212 1787 1259 1814 cui
1279 1796 1384 1815 omnes
1400 1792 1403 1816 Ι
1418 1787 1557 1815 homines
1586 1787 1695 1825 pariter
1723 1787 1907 1815 assentimur
1925 1787 2029 1824 Atque
2076 1811 2091 1835 9
2114 1810 2129 1834 b

332 1828 407 1856 adeo
435 1837 523 1865 quam
543 1828 620 1856 deus
651 1830 801 1867 cuiusque
820 1830 918 1857 animo
940 1828 1103 1867 insculpsit
1122 1829 1347 1858 accommodata
1370 1829 1408 1857 ad
1427 1839 1527 1858 mores
1547 1829 1625 1858 Sunt
1644 1830 1723 1857 enim
1742 1839 1916 1857 communes
1937 1838 2026 1866 quae·
2093 1829 2100 1840 '
2132 1828 2137 1833 '

331 1870 398 1898 dam
418 1871 585 1899 sententiae
605 1881 662 1899 seu
681 1871 804 1900 Theses
824 1876 847 1907 (.
869 1872 887 1899 i.
909 1882 935 1899 e.
956 1881 1131 1900 communes
1153 1871 1324 1905 formulae.)
1336 1871 1374 1899 ad
1386 1871 1568 1900 formandam
1581 1873 1670 1900 vitam
1683 1871 1924 1900 accommodatae
1939 1871 2026 1905 Quas

332 1922 438 1941 omnes
464 1913 602 1941 homines
633 1914 889 1952 comprehendunt
915 1917 946 1942 ut
972 1917 1043 1942 sunt
1069 1914 1215 1951 principia
1234 1913 1381 1942 Theorica
1407 1924 1464 1942 seu
1484 1914 1699 1952 speculabilia:
1719 1918 1767 1943 ut:
1795 1913 1961 1949 Quodlibet
1980 1916 2030 1942 est

333 1958 382 1983 aut
401 1965 458 1983 non
478 1959 526 1984 est
545 1955 654 1984 Totum
674 1959 723 1984 est
742 1957 839 1984 maius
866 1966 923 1985 sua
947 1960 1029 1994 parte
1056 1954 1099 1985 lta
1117 1960 1188 1985 sunt
1213 1960 1243 1985 et
1261 1956 1349 1994 leges
1369 1960 1490 1985 naturae
1515 1957 1659 1995 principia
1678 1956 1824 1994 quaedam
1843 1957 1972 1994 practica
1990 1956 2028 1984 ad

1027 2066 1143 2091 CODICIS
1161 2067 1341 2092 DIVERSITAS.

689 2096 810 2104 ‘-

404 2117 429 2145 1)
449 2116 567 2141 Cathonis
632 2118 660 2145 2)
686 2110 811 2146 quatenus
830 2116 874 2140 sic
894 2116 1069 2149 iusiynitnm
1089 2116 1169 2141 hamt
1187 2116 1275 2141 dubie
1293 2119 1324 2141 ut
1349 2115 1483 2141 deleatur
1502 2117 1620 2149 eiusque
1638 2115 1703 2141 loco
1726 2119 1859 2150 ponatur
1890 2115 1968 2148 quod
1995 2116 2027 2140 z'n

336 2157 433 2183 mary.
454 2150 594 2173 interiori
612 2152 711 2175 cans-tat
729 2151 890 2179 quantumvis
954 2152 983 2181 3)
1002 2151 1083 2181 capud
1102 2151 1199 2181 genes’.
1260 2152 1288 2182 4)
1315 2149 1369 2175 Sic
1388 2150 1454 2175 MS.
1470 2157 1548 2182 pro.-
1569 2152 1593 2175 in
1617 2151 1693 2176 variis
1718 2152 1912 2182 baptismatibus
1940 2153 1965 2175 et
1989 2150 2027 2174 iu-

334 2184 406 2208 stitiis
425 2185 516 2209 carnis.
554 2182 599 2216 Cf.
619 2182 701 2216 infra
719 2182 772 2216 fol.
796 2185 834 2214 12,
854 2183 880 2208 b.
900 2185 964 2210 init.
1017 2186 1045 2214 5)
1066 2186 1182 2210 Cathonis
1236 2186 1264 2216 fi)
1285 2184 1369 2209 Haec
1387 2183 1454 2209 MS.
1473 2183 1526 2216 fol.
1546 2187 1569 2210 8.
1590 2183 1615 2208 b.
1636 2185 1668 2209 in
1688 2193 1782 2219 mar-9.
1803 2183 1944 2217 inferiori
1956 2183 2024 2208 add.

335 2223 424 2241 cruce
443 2219 630 2250 11ntepos1'm;
649 2217 751 2242 scriba.
772 2217 886 2242 videtur
905 2217 1063 2249 dubitasse,
1083 2218 1207 2243 ubinam
1234 2221 1328 2243 essent
1347 2218 1571 2250 interponenda-
1644 2220 1672 2249 7)
1692 2226 1733 2244 sc.
1754 2219 1816 2244 est?
1886 2220 1914 2249 8)
1933 2219 2025 2244 Retho-

333 2253 385 2276 rica
455 2253 483 2281 9)
505 2253 629 2278 inimititia
702 2254 746 2281 10)
765 2259 819 2282 cap.
839 2253 881 2277 21.

930 2356 1076 2381 EDITIONIS
1095 2355 1243 2380 PRINCIPIS
1261 2355 1439 2379 DIYERSITAS.

403 2413 430 2439 a)
448 2413 571 2437 Primum:
590 2413 641 2437 Lex
660 2413 712 2443 Est]
731 2414 811 2438 Locus
831 2414 862 2438 de
881 2414 981 2443 legibus
1058 2415 1100 2439 Est
1119 2416 1204 2438 autem
1223 2414 1264 2438 lex
1289 2411 1350 2437 Viri.
1369 2411 1423 2445 fol.
1445 2416 1484 2443 32,
1503 2422 1532 2438 α.
1556 2417 1593 2440 15.
1614 2429 1645 2432 ψ
1662 2413 1716 2446 fol.
1737 2416 1776 2443 32,
1796 2412 1821 2437 b.
1838 2414 1875 2438 12.
1948 2414 1977 2445 b)
1998 2417 2024 2438 et

335 2447 401 2470 bona
419 2453 501 2476 praec.
522 2449 547 2471 et
565 2447 632 2471 mala
650 2448 712 2477 vet]
733 2448 797 2472 hona
816 2450 869 2472 tum
888 2454 970 2478 praec.
989 2452 1042 2473 tum
1063 2448 1130 2472 mala
1149 2448 1320 2477 prohibentur*
1356 2446 1429 2471 Add-
1450 2449 1490 2473 Ius
1515 2452 1553 2474 est
1630 2449 1804 2474 indicabimus.
1831 2446 1892 2472 Vid.
1907 2446 1960 2479 fol.
1980 2449 2021 2476 32,

336 2478 360 2502 b.
384 2482 489 2505 113—17.
561 2482 586 2510 c)
608 2482 655 2505 2¹1¹.
732 2482 863 2512 humana]
898 2482 995 2511 Legum
1021 2483 1086 2507 aliae
1112 2482 1242 2506 naturales
1262 2484 1334 2509 sunt,
1359 2482 1425 2506 aliae
1445 2482 1554 2511 diuinae,
1574 2484 1639 2508 aliae
1658 2484 1794 2508 humanae.
1832 2480 1905 2505 Add.
1924 2483 1959 2507 De
1978 2488 2021 2506 na-

335 2514 458 2538 turalibus
481 2515 580 2543 legibus
656 2515 766 2540 formula
790 2516 901 2545 petitur?
929 2514 1007 2541 vid.
1025 2514 1079 2547 fol.
1099 2517 1139 2543 32,
1174 2513 1200 2539 b.
1223 2517 1260 2540 19.
1280 2529 1311 2532 —
1329 2513 1383 2547 fol.
1403 2517 1443 2543 33,
1464 2524 1491 2539 η.
1515 2519 1560 2542 10.·
1595 2517 1631 2549 ζᾶ)
1651 2519 1700 2542 3¹1¹.
1776 2515 1828 2545 Est]
1879 2517 1921 2541 Est
1940 2516 2022 2546 itaque

334 2547 374 2571 lex
393 2550 507 2572 naturae.
