2358 2933
266 112 322 142 767

266 202 502 233 invocantium:
528 200 602 230 ideo
627 198 742 228 dicitur
765 196 855 228 loan.
893 198 942 228 14.
979 201 1042 236 [vs.
1069 197 1131 236 184
1162 198 1235 229 Non

266 243 443 284 relinquam
462 253 522 273 vos
547 240 725 280 orphanos,
749 239 777 269 si
797 240 874 279 quid
902 240 1020 279 petetis
1048 242 1090 272 ⁷⁶)
1125 240 1156 270 in
1179 250 1236 270 no-

266 289 349 317 mine
372 296 455 321 meo,
479 282 608 318 faciam,
632 289 662 312 et
686 291 749 322 ego
774 283 900 321 rogabo
919 281 1061 319 Patrem,
1084 289 1114 312 et
1139 281 1236 313 alium

267 327 469 359 Paracletum
510 325 594 355 dabit
638 323 750 360 vobis,
791 322 945 363 Spiritum
986 324 1131 354 veritatis
1172 331 1236 354 etc.

267 371 355 400 Haec
389 367 508 399 auxilia
531 376 649 397 revera
678 366 901 405 experiemur,
936 365 963 395 si
985 365 1237 396 adversabimur

266 413 375 452 pravis
399 409 570 440 affectibus
594 415 625 438 et
649 408 774 438 insidiis
799 405 948 444 Diaboli,
981 413 1013 438 et
1036 408 1069 438 in
1092 407 1143 437 his
1167 417 1237 437 cer-

265 454 436 484 taminibus
460 451 685 482 invocabimus
708 448 827 486 Demn,
862 449 980 480 fiducia
1002 447 1057 479 filii
1080 449 1237 480 Mediato-

265 496 322 533 ris,
346 496 429 525 sicut
453 494 522 533 ipse
545 492 732 522 nominatim
755 492 875 532 inquitz
908 490 942 522 Si
966 491 1042 531 quid
1066 491 1182 531 petetis
1205 492 1237 522 in

266 538 394 567 nomine
427 545 510 566 meo.
556 534 692 574 Oportet
729 534 813 564 enim
846 533 1021 564 discrimen
1056 530 1132 564 es'se
1154 534 1238 564 inter

265 579 503 610 invocationem
527 586 649 613 veram,
673 585 733 606 seu
756 574 868 616 populi
890 575 970 611 Dei,
1004 580 1036 606 et
1057 575 1237 606 invocatio-

266 632 337 652 nem
361 620 540 655 ludaicam,
574 628 634 649 seu
656 618 837 648 Turcicam.
883 617 957 648 Duo
981 618 1013 648 in
1037 618 1123 648 omni
1146 619 1238 648 invo-

266 664 394 694 catione
428 662 510 692 fides
545 661 633 691 initio
668 667 805 696 statuat,
838 660 926 700 quod
960 658 1046 690 hunc
1069 665 1237 690 aeterntnn

266 706 370 736 Deum
393 714 471 735 esse
490 704 608 734 credas
632 709 662 733 et
686 703 832 738 invoces,
856 703 910 742 qui
933 708 984 732 est
1005 700 1105 732 Pater
1125 701 1237 732 Domi-

266 749 297 778 ni
331 747 435 778 nostri
458 746 530 776 lesu
555 744 674 775 Christi
698 755 757 784 pro
781 745 876 774 nobis
901 744 1048 774 crucifixi
1072 750 1103 774 et
1126 754 1237 774 resus-

266 790 370 820 citati:
425 788 568 824 Deinde,
613 786 700 827 quod
739 792 872 825 propter
904 785 992 816 hunc
1025 784 1237 816 Mediatorem

266 841 343 862 vere
376 831 549 861 audiantur
582 835 613 859 et
650 828 848 867 recipiantur
876 834 950 858 tuae
973 837 1100 867 preces.
1148 827 1237 857 Haec

267 872 440 914 diligenter
463 873 640 902 observent
664 870 723 910 pii:
747 869 830 900 Nam
853 868 936 900 haec
958 870 1122 899 invocatio
1144 878 1237 909 prae-

266 916 359 955 cipue
392 913 468 945 facit
504 913 679 943 discrimen
712 912 796 942 inter
828 910 1012 942 Ecclesiam
1047 916 1078 941 et
1111 910 1236 941 Gentes

264 963 450 998 pugnantes
474 965 547 986 cum
571 953 763 995 Evangelio.

348 998 438 1029 Haec
472 998 620 1028 doctrina
655 997 695 1026 de
724 995 869 1027 secunda
894 996 1085 1036 quaestione
1108 1004 1237 1035 semper

266 1042 307 1072 sit
339 1041 371 1071 in
395 1046 589 1080 conspectu,
622 1039 766 1069 sciamus
788 1047 867 1068 vere
890 1038 985 1068 nobis
1010 1047 1086 1068 esse
1109 1038 1236 1067 adiuto-

265 1093 331 1114 rem
355 1090 386 1113 et
409 1080 617 1113 defensorem
639 1079 739 1110 filium
761 1079 841 1116 Dei,
876 1080 961 1111 sicut
990 1086 1021 1110 et
1044 1078 1167 1110 Paulus
1190 1079 1237 1109 in-

265 1126 349 1166 quit,
378 1123 512 1154 affuisse
536 1133 608 1154 eum
631 1121 752 1162 populo
781 1123 812 1152 in
836 1122 987 1157 desei-tm
1031 1121 1071 1152 Et
1093 1122 1236 1152 sciamus

265 1177 343 1198 vere
377 1167 447 1197 dari
481 1165 635 1205 Spiritum
669 1171 817 1194 sanctum
857 1164 1107 1200 invocantibus,
1151 1163 1235 1193 sicut

267 1210 424 1249 scriptum
447 1214 513 1238 est:
537 1207 707 1241 Ascendit,
730 1206 818 1236 dedit
842 1206 927 1236 dona
951 1205 1146 1236 hominibus.
1181 1204 1237 1235 Sic

266 1257 393 1292 regnat,
416 1256 451 1281 ut
472 1250 559 1280 dona
570 1258 642 1286 sua,
665 1248 831 1284 iustitiam,
854 1248 964 1285 vitam,
976 1247 1156 1284 consilinm,
1179 1256 1236 1287 gu-

266 1293 502 1329 bernationem,
526 1300 705 1322 successus
729 1296 758 1320 et
781 1288 844 1320 alia
869 1291 956 1320 bona
978 1290 1150 1329 impertiat.
1195 1287 1237 1318 Et

265 1342 299 1365 ut
329 1335 377 1364 sic
411 1334 451 1364 de
473 1332 593 1364 auxilio
618 1332 679 1362 Dei
703 1333 897 1369 sentiamus,
921 1331 1150 1362 continuemus
1172 1340 1235 1361 nos

266 1377 458 1407 testimoniis
482 1373 664 1415 Evangelii,
688 1381 719 1404 et
753 1374 968 1405 discutiamus
1002 1374 1155 1404 tenebras
1178 1372 1237 1403 hu-

265 1428 382 1449 manae
404 1418 531 1455 mentis,
555 1426 640 1457 quae
662 1416 754 1457 fingit
774 1415 880 1446 Deum
903 1416 1044 1446 otiosum
1063 1425 1147 1453 esse,
1170 1424 1236 1444 non

268 1470 383 1492 curare
406 1458 567 1500 singulos,
590 1464 624 1489 ut
638 1457 797 1488 Homerus
821 1457 914 1498 fingit
935 1456 1044 1487 lovem
1056 1457 1237 1497 quaesitum

266 1504 298 1533 in
322 1501 414 1533 coelo
437 1502 557 1532 abiisse
580 1501 621 1530 ad
645 1500 829 1530 convivium
850 1500 881 1529 in
895 1499 1111 1539 Aethiopiam.
1146 1498 1236 1528 Haec

268 1543 477 1575 deliramenta
500 1542 702 1584 significant,
726 1540 840 1582 quales
863 1543 928 1571 sint
940 1543 982 1581 77)
1001 1541 1161 1571 humanae
1183 1550 1237 1570 co-

267 1587 440 1627 gitationes
464 1586 504 1616 de
527 1585 611 1620 Deo,
635 1593 716 1624 quas
739 1583 813 1613 ideo
836 1584 996 1621 recensui,
1019 1590 1053 1613 ut
1077 1583 1237 1622 extirpen—

268 1635 330 1665 tur,
354 1635 385 1658 et
407 1628 606 1658 accendatur
630 1636 705 1656 vera
730 1625 852 1666 agnitio
875 1625 949 1663 Dei,
973 1635 1051 1656 vere
1074 1634 1237 1666 agnosca-

268 1680 338 1701 mus
361 1671 442 1701 iram
463 1669 526 1700 Dei
551 1675 580 1699 et
602 1668 870 1699 misericordiam.

471 1795 530 1826 DE
557 1794 715 1826 TERTIA
743 1793 1033 1829 QUAESTIONE.

422 1862 594 1898 Quomodo
624 1861 754 1902 placent
768 1861 840 1892 Deo
866 1863 951 1892 bona
964 1861 1084 1901 opera!l

354 1956 489 1987 Constat
514 1955 584 1995 pias
608 1960 733 1984 mentes
757 1954 832 1995 angi
852 1961 884 1983 et
908 1960 1031 1994 optare,
1056 1959 1091 1984 ut
1108 1951 1238 1994 placeat

271 1998 453 2029 obedientia
486 1996 569 2027 Deo.
615 1996 680 2026 Sed
714 1996 746 2026 in
780 2002 869 2026 tanta
903 1995 1086 2026 infirmitate
1124 2001 1238 2026 nostra

271 2042 377 2072 vident
403 2050 478 2070 esse
501 2037 655 2075 mutilam,
678 2037 874 2077 impeditam,
897 2036 1139 2078 imperfectam,
1161 2047 1238 2067 con-

271 2083 465 2114 taminatam.
512 2080 603 2111 Sicut
628 2079 749 2111 Paulus
773 2080 873 2121 inquit
894 2080 1001 2118 [Rom.
1015 2080 1045 2117 7,
1060 2079 1139 2118 15.]:
1162 2079 1237 2110 Non

270 2125 357 2165 quod
391 2122 467 2154 volo
502 2124 637 2160 bonum,
671 2122 735 2153 hoc
770 2121 865 2153 facio.
929 2122 1098 2157 Quaerunt
1130 2122 1237 2163 igitur,

270 2167 433 2207 quomodo
452 2164 603 2206 placeant
626 2164 722 2195 Deo?

354 2207 459 2238 Aliter
481 2214 588 2238 autem
606 2207 749 2238 iudicant
773 2206 984 2248 Hypocritae,
1007 2205 1102 2237 aliter
1123 2206 1238 2236 anxiae

270 2258 302 2282 et
325 2251 462 2291 pavidae
487 2256 622 2280 mentes.
647 2249 845 2290 Hypocritae
868 2255 982 2289 putant
995 2259 1033 2280 se
1045 2248 1130 2290 Legi
1141 2248 1237 2278 satis-

269 2292 396 2330 facere,
426 2302 463 2322 se
486 2293 604 2322 iustos.
636 2291 667 2321 id
691 2297 757 2329 est,
791 2296 946 2332 acceptos
969 2290 1043 2321 Deo
1067 2301 1142 2322 esse
1163 2301 1237 2331 pro-

270 2342 342 2376 pter
364 2335 527 2375 propriam
550 2334 740 2375 dignitatem
763 2343 824 2365 seu
835 2332 935 2375 Legis
959 2332 1188 2374 impletionem,
1202 2338 1235 2363 ut

274 2470 318 2499 76)
337 2469 439 2499 petetis]
459 2469 530 2493 Editt.
554 2470 590 2491 18.
612 2470 650 2491 20.
673 2469 791 2496 25-27.,
811 2470 881 2500 corp.
905 2471 925 2493 l.
947 2470 970 2493 ·2.
990 2471 1014 2493 4.
1036 2470 1118 2500 petitis

275 2521 319 2547 77)
340 2519 399 2549 sint]
418 2519 459 2543 Ed.
481 2520 519 2541 2¹2.
539 2525 622 2544 errore
643 2523 705 2549 tm:
725 2523 791 2544 sunt.

893 107 1005 137 PHIL.
1028 105 1128 138 MEL.
1152 105 1336 138 SCRIPTA
1357 104 1631 138 DOGMATICA.

2188 108 2250 140 768

1278 197 1476 229 Pharisaeus
1499 198 1580 229 Luc.
1606 197 1655 230 18.
1700 199 1751 230 Ac
1776 208 1906 240 semper
1927 198 2027 241 aliqui
2049 199 2132 231 tales
2160 209 2247 238 sunt,

1279 241 1333 281 qui
1355 241 1553 271 admirantur
1577 249 1654 270 suas
1677 241 1826 278 virtutes,
1849 242 1911 272 sibi
1933 242 2123 282 sapientiam
2147 249 2180 273 et
2202 244 2247 274 iu-

1279 283 1398 312 stitiam
1419 281 1546 322 prolixe
1567 282 1723 320 tribuunt,
1745 284 1936 322 praesertim
1959 284 1990 314 in
2013 283 2113 314 rebus
2131 293 2246 316 secun-

1280 324 1330 354 dis
1353 330 1383 354 et
1408 324 1613 360 florentibus,
1637 334 1719 365 quas
1744 324 1882 355 consilio
1905 335 1965 356 suo
1988 335 2107 367 regere
2125 335 2162 356 se
2181 328 2246 357 exi-

1279 366 1426 403 stimant,
1460 371 1492 396 et
1524 366 1723 397 arbitrantur
1750 376 1788 397 se
1821 367 1973 398 virtutum
2003 373 2035 398 et
2061 366 2248 409 diligentiae

1279 417 1358 439 suae
1380 406 1520 439 fructum
1544 417 1663 448 capere
1686 408 1858 446 divinitus,
1886 419 1958 439 cum
1987 415 2063 439 sunt
2086 419 2139 440 res
2161 416 2247 440 tran-

1279 448 1410 490 quillae.
1454 450 1530 480 Ideo
1555 456 1585 480 et
1606 456 1742 490 propter
1762 451 1954 489 sapientiam
1976 460 2015 481 ac
2037 451 2188 482 iustitiam
2211 461 2248 482 se

1280 493 1396 522 ceteris
1430 490 1626 529 anteferunt,
1658 497 1692 522 ut
1713 492 2031 530 Nabuchodonosor,
2042 494 2085 527 7⁸³)
2118 494 2247 534 magnis

1280 535 1379 565 rebus
1397 535 1512 574 gestis,
1534 534 1653 575 inquit:
1677 533 1768 573 Haec
1791 541 1841 565 est
1862 533 1918 565 illa
1929 533 2093 576 Babylon,
2116 533 2181 566 hoc
2199 541 2247 566 est

1279 586 1415 617 regnum
1447 586 1519 607 mea
1541 577 1661 607 virtute
1684 577 1905 607 constitutum.
1949 576 2007 607 Sic
2035 582 2067 607 et
2089 575 2172 608 Saul
2192 587 2248 608 co-

1280 618 1420 659 gitabat,
1453 627 1513 648 sua
1542 619 1659 649 virtute
1681 628 1817 659 regnum
1839 617 1942 649 lsrael
1964 618 2177 649 constitutum
2198 628 2248 650 es-

1280 670 1328 698 se,
1363 670 1435 690 cum
1469 670 1653 700 agnoscere
1687 661 1831 698 deberet,
1866 667 1897 691 et
1930 660 2016 691 hanc
2043 661 2193 691 virtutem
2216 668 2249 692 et

1280 711 1459 733 successus
1482 702 1545 732 Dei
1569 702 1726 734 beneficia
1748 701 1868 740 fuisse,
1897 707 1929 733 et
1950 712 1989 733 se
2011 712 2077 733 non
2097 703 2247 742 potuisse

1281 754 1334 774 res
1353 750 1462 774 tantas
1484 744 1669 784 gubernare
1686 750 1739 775 aut
1763 754 1894 785 gerere,
1917 754 1957 774 ac
1979 743 2052 775 Deo
2076 745 2109 774 in
2131 743 2248 775 timore

1281 786 1487 816 serviendum
1506 795 1592 823 esse,
1614 796 1656 816 ne
1678 787 1720 817 ab
1743 796 1782 817 eo
1802 787 2020 817 desereretur.
2049 785 2116 817 Sed
2137 784 2247 817 faetus

1281 827 1495 858 confidentior
1516 834 1650 868 propter
1672 837 1852 860 successus
1882 828 1979 859 sumit
2001 827 2063 858 sibi
2085 826 2248 859 licentiam

1280 871 1454 910 grassandi
1494 871 1526 900 in
1567 876 1711 907 ceteros,
1751 870 1905 900 interficit.
1944 869 2142 900 Sacerdotes
2182 875 2247 900 etc.

1280 911 1371 942 Haec
1404 912 1511 952 imago
1543 911 1787 953 hypocritarum
1819 912 2031 952 proponitur,
2059 921 2121 942 nec
2150 911 2247 952 pauci

1280 960 1357 984 sunt
1384 953 1467 984 tales
1500 954 1621 992 securi,
1655 953 1825 994 placentes
1848 954 1910 984 sibi
1931 960 2066 994 propter
2088 962 2167 984 suas
2188 953 2247 984 do-

1280 1002 1342 1033 teS,
1363 995 1600 1036 applaudentes
1622 996 1775 1036 propriae
1807 996 2004 1035 sapientiae,
2032 1000 2249 1026 extenuantes

1280 1038 1461 1068 doctrinam
1483 1038 1641 1074 divinam,
1665 1044 1698 1069 et
1719 1048 1760 1069 ex
1783 1037 1912 1068 sublimi
1935 1037 2119 1068 deridentes
2141 1037 2249 1068 Evan-

1280 1078 1411 1121 gelium,
1435 1086 1517 1117 arte,
1535 1078 1662 1117 fraude,
1685 1080 1718 1110 vi
1740 1085 1924 1119 prementes
1947 1088 2020 1109 eam
2037 1085 2174 1120 pai-tem,
2198 1079 2248 1110 eui

1279 1127 1355 1152 sunt
1367 1120 1487 1159 infesti,
1505 1127 1733 1162 praetexentes
1752 1122 1848 1152 etiam
1865 1120 2025 1152 honestos
2037 1119 2160 1159 titulos,
2173 1121 2249 1162 quia

1280 1164 1427 1195 iactitant
1449 1165 1602 1195 dimicare
1624 1173 1662 1194 se
1685 1164 1725 1195 de
1748 1162 1854 1204 gloria
1875 1163 1955 1200 Dei,
1979 1163 2020 1195 de
2041 1163 2187 1201 veritate,
2210 1172 2250 1193 se

1281 1215 1358 1237 esse
1383 1212 1572 1237 constantes
1594 1204 1766 1237 Ecclesiae
1800 1208 1901 1243 civeS,
1936 1214 1974 1235 se
2006 1214 2082 1236 esse
2102 1206 2250 1236 membra

1279 1246 1388 1288 populi
1400 1247 1475 1285 Dei,
1497 1249 1573 1289 quia
1593 1253 1801 1290 propugnent
1824 1248 2019 1278 ordinariam
2040 1252 2249 1287 potestatem,

1279 1289 1368 1331 longi
1391 1291 1546 1330 temporis
1569 1299 1779 1321 consensum.
1823 1288 1922 1320 Tales
1945 1294 2039 1319 erant
2060 1288 2251 1325 Pontifices,

1280 1333 1334 1373 qui
1363 1332 1624 1363 adversabantur
1646 1330 1827 1372 Apostolis‚
1862 1330 1947 1361 tales
1970 1330 2110 1361 vidimus
2132 1336 2165 1361 et
2186 1331 2250 1371 ipsi

1279 1373 1398 1404 multos
1431 1373 1482 1404 his
1516 1375 1621 1411 annis,
1643 1373 1826 1404 Vuicelimn
1859 1378 1891 1403 et
1923 1370 2055 1403 similes.
2099 1371 2167 1403 Sed
2195 1371 2252 1403 alii

1255 1428 1258 1459 Ι
1280 1421 1355 1446 sunt
1376 1416 1496 1455 pavidi,
1521 1416 1574 1456 qui
1587 1421 1773 1456 agnoscunt
1790 1412 2057 1451 imbecillitatem,
2080 1418 2113 1444 et
2122 1413 2249 1445 luctan-

1279 1464 1330 1488 tur
1366 1467 1438 1488 cum
1469 1458 1716 1497 desperatione,
1750 1462 1785 1487 ut
1807 1455 1926 1487 Petrus
1950 1460 2181 1486 consternatus
2203 1455 2250 1486 in—

1280 1501 1347 1539 quit
1381 1499 1461 1530 Luc.
1495 1499 1525 1529 5.
1561 1502 1624 1537 [vs.
1659 1499 1702 1537 8.]
1748 1498 1915 1539 Egredere
1947 1508 1968 1528 a
1999 1507 2067 1534 me,
2098 1496 2248 1528 Domine.

1280 1542 1461 1581 Utrumque
1493 1542 1591 1583 igitur
1623 1540 1687 1571 hoc
1719 1539 1794 1571 loco
1827 1540 1988 1581 agendum
2010 1545 2071 1576 est,
2093 1548 2251 1580 arrogan-

1280 1585 1325 1614 tia
1353 1584 1514 1621 taxanda,
1547 1589 1579 1614 et
1608 1583 1735 1624 pavidis
1758 1592 1837 1614 vera
1859 1580 2043 1613 consolatio
2065 1586 2250 1612 monstran-

1281 1626 1323 1656 da
1345 1632 1406 1656 est.

1344 1701 1453 1732 Piimo
1476 1711 1556 1733 vero
1574 1701 1639 1733 hoc
1663 1701 1923 1732 constituendum
1945 1706 2008 1737 est,
2030 1700 2094 1730 etsi
2114 1700 2250 1730 inrena-

1283 1745 1324 1774 tis
1346 1753 1486 1775 necesse
1509 1749 1561 1775 est
1583 1753 1659 1774 esse
1682 1742 1866 1774 inchoatam
1888 1741 2118 1780 obedientiam,
2152 1746 2183 1772 et
2204 1741 2251 1772 iu-

1282 1787 1400 1817 stitiam
1423 1787 1530 1817 bonae
1553 1785 1784 1822 conscientiae,
1807 1791 1916 1815 tamen
1936 1783 2043 1815 adhuc
2064 1788 2196 1814 manent
2217 1782 2250 1813 in

1282 1829 1329 1859 eis
1351 1835 1499 1868 peccata,
1522 1827 1650 1859 scilicet
1672 1827 1776 1859 morbi
1797 1827 1968 1858 nobiscum
1978 1831 2166 1858 nascentes,
2190 1825 2247 1855 du-

1281 1871 1455 1902 bitationes
1485 1876 1517 1900 et
1550 1870 1752 1911 ignorantiae
1785 1868 1916 1899 multae.
1960 1867 2050 1905 Item,
2072 1867 2161 1908 quod
2182 1876 2249 1897 non

1282 1918 1405 1943 tantum
1427 1913 1537 1943 timent
1559 1912 1677 1948 Deum,
1710 1916 1865 1952 quantum
1888 1910 2017 1947 debent,
2048 1918 2111 1939 nec
2133 1909 2177 1939 ita
2199 1918 2249 1938 ar-

1282 1955 1358 1985 dent
1381 1953 1552 1985 dilectione
1574 1953 1654 1991 Dei,
1687 1958 1723 1984 ut
1744 1952 1812 1982 Lex
1834 1952 2002 1992 praecipit.
2046 1949 2152 1982 Multa
2173 1955 2250 1981 sunt

1281 1998 1357 2027 item
1368 1999 1408 2035 79)
1431 1995 1584 2033 actualia,
1607 1993 1727 2026 multae
1750 1994 1900 2025 flammae
1923 1992 2081 2032 illiciti30)
2115 1992 2249 2028 amoris,

1281 2039 1356 2076 odii,
1380 2038 1563 2079 cupiditatis
1586 2037 1759 2073 vindictae,
1782 2036 1977 2066 invidentiae
1987 2032 2252 2071 aemulationum,

1282 2082 1448 2117 avaritiae,
1470 2078 1565 2110 Multi
1596 2078 1712 2119 lapsus
1745 2079 1776 2108 in
1811 2077 2004 2114 vocatione,
2025 2076 2171 2116 insignes
2193 2085 2249 2106 ne-

1282 2122 1469 2164 gligentiae,
1504 2131 1599 2152 acres
1633 2120 1872 2161 indignationes
1900 2119 2063 2150 adversus
2085 2117 2194 2148 Deum
2215 2117 2249 2147 in

1281 2164 1524 2201 afflictionibus,
1547 2173 1644 2202 saepe
1666 2162 1808 2193 humana
1829 2161 1993 2202 praesidia
2014 2160 2154 2191 honesta
2175 2168 2248 2199 spe-

1282 2208 1330 2238 cie
1353 2211 1563 2248 quaeruntur,
1585 2205 1645 2236 sed
1663 2210 1771 2235 tamen
1791 2214 1832 2235 ex
1854 2202 2033 2234 diffidentia
2054 2201 2128 2232 Dei.
2168 2200 2248 2232 Sae-

1279 2259 1322 2290 pe
1343 2249 1564 2288 suscipiuntur
1586 2257 1640 2278 res
1659 2257 1725 2278 non
1746 2246 1956 2277 necessariae
1978 2250 2072 2275 extra
2103 2243 2248 2274 vocatio-

1280 2301 1366 2329 nem,
1394 2290 1511 2321 fiducia
1545 2290 1698 2330 propriae
1733 2288 1911 2329 sapientiae
1932 2292 1988 2318 aut
2008 2285 2190 2328 potentiae,
2212 2291 2247 2316 ut

1281 2418 1325 2449 78)
1345 2417 1585 2448 Nabuchodonosor]
1606 2417 1677 2442 Editt.
1698 2418 1716 2442 1.
1736 2418 1758 2441 3.
1776 2415 1978 2445 Nabugdonosor

1256 2475 1259 2501 y
1281 2469 1326 2498 79)
1347 2472 1403 2493 sunt
1423 2468 1494 2498 item]
1512 2467 1583 2492 Editt.
1605 2467 1693 2491 1—17.
1715 2467 1753 2490 19.
1774 2467 1814 2489 21.
1835 2466 1874 2490 23.
1895 2465 1935 2489 26.
1955 2465 1995 2489 27.
2017 2465 2075 2490 item
2094 2468 2153 2490 sunt

1258 2530 1259 2545 2
1281 2520 1325 2548 80)
1344 2518 1431 2548 illiciti]
1450 2518 1521 2543 Etim.
1543 2506 1632 2541 *1-17.
1653 2518 1693 2541 21.
1724 2517 1822 2542 illicitae
