2358 2933
96 131 159 164 221

159 234 189 253 20

117 571 172 600 133,
191 577 213 595 a.

118 955 174 988 (69,
197 957 232 986 a.)

169 991 196 1010 ιο

166 1202 193 1221 15

162 1413 193 1432 20

114 1625 170 1655 133,
188 1624 213 1649 b.

167 2056 193 2074 10

164 2267 190 2285 15

160 2461 191 2479 *20

573 127 597 158 1.
620 126 723 158 LOCI
744 126 1020 158 THEOLOGICI:
1043 127 1081 159 Β.
1105 125 1245 158 PRIMA
1267 124 1425 157 EORUM
1447 125 1604 157 AETAS.

250 225 284 256 bi
309 221 474 254 condonat
498 230 628 251 noxam.
670 220 807 261 Signum
829 246 832 258 ,
850 220 1073 260 poenitentiae
1094 220 1096 252 ἓ

250 265 338 298 aliud
356 274 423 295 11011
440 268 492 294 est
509 268 641 303 praeter
659 263 866 303 baptismum.

437 346 497 378 DE
516 345 884 378 PARTICIPATIONE

521 405 659 437 Mensae
677 405 808 435 domini.

293 475 432 517 Signum
467 474 592 515 gratiae
621 478 746 503 certum
783 478 835 502 est
868 472 1076 512 participatio

250 527 385 549 mensae
404 517 536 554 domini,
554 514 619 545 hoc
638 521 708 551 est,
733 514 933 545 manducare
953 523 1076 554 eorpus

250 560 375 592 Christi
394 565 426 590 et
445 560 448 570 ¹
467 559 579 589 bibere
598 558 800 598 sanguinem.
847 556 904 587 Sic
926 557 1012 586 enim
1033 556 1078 587 ait

252 603 348 642 [Luc.
367 602 420 639 22,
438 601 517 640 20.],
537 599 600 630 Hic
618 606 669 629 est
689 597 775 629 calix*
794 599 871 630 novi
890 599 1078 629 testamenti

251 651 313 676 etc.
359 644 448 675 Item.
470 643 515 681 [l.
535 641 612 673 Cor.
634 641 685 679 ll,
704 641 786 679 25.],
812 642 941 682 quoties
961 639 1077 671 feceri-

249 688 305 725 tis,
334 685 434 716 facite
462 686 495 716 in
524 684 714 715 memoriam
743 683 816 714 mei.
861 683 897 714 Id
916 689 985 721 est,
1004 693 1077 714 cum

249 728 361 759 facitis
385 727 626 758 admoneamini
655 724 848 766 Evangelii,
877 736 936 756 seu
962 726 1077 756 remis-

251 771 357 802 sionis
382 778 386 790 ¹
406 775 628 810 peccatorum.
673 768 749 799 Non
773 774 824 798 est
850 768 950 809 igitur
975 768 1076 798 sacri-

250 813 372 849 ficium,
393 811 553 852 siquidem
570 811 603 841 in
615 810 679 840 hoc
692 816 743 841 est
755 811 922 848 traditum,
936 816 971 841 ut
984 816 1076 841 certo

250 856 425 886 admoneat
451 860 576 885 tantum
601 853 757 893 promissi
779 851 961 893 Evangelii.
1006 853 1077 883 Nec

252 896 339 928 delet
374 902 547 937 peccatum
585 895 793 936 participatio
830 904 976 932 mensae,
1017 895 1077 925 sed

251 940 335 970 fides
355 937 453 976 delet,
484 948 523 968 ea
541 947 620 968 vero
639 936 704 967 hoc
723 938 820 977 signo
844 936 1075 968 confirmatur..

251 982 297 1013 Ut
316 980 528 1021 Stephanum
557 990 623 1010 non
648 979 848 1010 iustificabat
873 985 1076 1019 conspectus

252 1024 389 1060 Christi,
408 1033 481 1053 cum
499 1023 564 1052 iam
582 1022 752 1052 necandus
772 1027 879 1058 esset,
900 1022 959 1051 sed
978 1021 1076 1052 fidem

251 1067 323 1097 eius
348 1064 582 1101 confirmabat,
601 1074 667 1104 qua
685 1063 926 1094 iustificabatur
945 1069 977 1094 et
996 1064 1075 1094 vivi-

250 1108 423 1139 ficabatur.
459 1106 507 1136 Ita
525 1116 586 1136 nec
604 1106 812 1146 participatio
830 1115 965 1136 mensae
984 1106 1076 1137 iusti-

250 1150 338 1188 ficat,
369 1149 429 1180 sed
461 1148 560 1179 fidem
590 1147 772 1183 confirmat,
801 1154 837 1179 ut
871 1158 972 1188 supra
998 1149 1073 1178 dixi.

249 1193 333 1224 Sunt
362 1192 460 1232 igitur
487 1191 616 1230 im‘piae
647 1191 771 1221 missae
800 1200 914 1221 omnes
944 1197 1076 1231 praeter

249 1245 309 1267 eas
340 1235 459 1276 quibus
490 1233 713 1264 conscientiae
747 1233 790 1263 ad
817 1232 1075 1264 confirmandam

250 1277 347 1308 fidem
372 1277 552 1317 eriguntur.
599 1274 805 1306 Sacrificium
832 1281 894 1313 est,
919 1286 994 1306 cum
1012 1285 1075 1306 nos

249 1319 374 1360 aliquid
393 1319 455 1349 deo
475 1318 653 1356 offerimus,
672 1324 706 1348 at
725 1316 893 1349 Christum
912 1328 979 1349 non
999 1318 1075 1349 offe-

249 1363 352 1394 rimus
376 1362 451 1399 deo,
470 1362 531 1392 sed
548 1362 621 1401 ipse
640 1370 677 1391 se
697 1359 800 1391 semel
819 1359 953 1398 obtulit,
973 1370 1076 1402 quare

249 1405 304 1446 qui
328 1405 450 1435 missas
474 1405 508 1435 in
531 1403 598 1434 hoc
616 1405 619 1416 ¹
639 1402 779 1440 faciunt,
804 1409 841 1434 ut
865 1412 926 1434 ceu
953 1405 1075 1434 bonum

249 1446 385 1488 aliquod
404 1456 489 1487 opus
508 1445 642 1484 saciant,
672 1452 708 1476 ut
728 1446 790 1477 deo
810 1444 979 1477 Christum
998 1446 1075 1477 offe-

249 1496 334 1527 rant,
363 1500 424 1530 pro
450 1489 535 1520 vivis
560 1499 600 1520 ac
621 1489 780 1526 mortuis,
804 1495 840 1519 ut
870 1495 984 1529 putent
1010 1499 1075 1529 quo

249 1533 384 1572 saepius
403 1532 638 1571 ingeminetur,
664 1541 703 1561 eo
729 1530 845 1562 melius
865 1531 954 1569 fieri,
978 1532 1075 1571 impie

249 1580 371 1604 errant.
426 1573 468 1604 Et
496 1573 559 1604 hos
590 1583 722 1604 errores
756 1584 876 1614 magna
911 1584 951 1604 ex
980 1579 1075 1614 parte

250 1616 367 1657 opinor
390 1615 536 1646 Thomae
560 1615 770 1655 imputandos
792 1616 794 1625 ¹
815 1625 908 1653 esse,
938 1617 993 1656 qui
1018 1617 1074 1647 do-

250 1659 317 1690 cuit
334 1658 470 1688 missam
492 1658 656 1698 prodesse
675 1656 749 1688 aliis
767 1664 900 1698 praeter
923 1667 997 1689 eum
1021 1659 1075 1699 qui

249 1701 436 1732 manducat.

291 1742 353 1774 Est
383 1748 492 1773 autem
517 1741 715 1782 significatio
738 1741 835 1773 huius
864 1743 1075 1779 sacramenti,

248 1785 446 1816 confirmare
481 1793 542 1814 nos
583 1784 697 1821 toties,
734 1787 862 1824 quoties
898 1784 1075 1816 labascunt

250 1826 499 1863 con'scientiae,
523 1827 654 1866 quoties
674 1827 714 1857 de
733 1827 784 1857 dei
808 1826 977 1858 voluntate
995 1837 1075 1868 erga

248 1879 311 1900 nos
335 1869 532 1899 dubitamus.
555 1868 592 1899 Id
611 1879 683 1900 cum
702 1869 785 1900 alias
804 1880 904 1909 saepe
922 1875 990 1901 tum
1008 1880 1074 1900 ma-

247 1912 335 1943 xime
366 1921 439 1941 cum
464 1911 668 1942 moriendum
692 1919 743 1943 est
761 1913 890 1943 accidit.
936 1912 1074 1943 Potissi-

247 1964 336 1985 mum
360 1954 458 1994 igitur
487 1963 527 1984 eo
556 1954 705 1985 morituri
741 1954 955 1986 confirmandi
985 1961 1072 1986 sunt.

246 1996 364 2036 Neque
382 2006 462 2027 vero
480 1996 548 2027 vita
567 1995 756 2028 Christiana
774 2003 836 2035 est,
855 1998 918 2028 nisi
937 1998 1073 2029 assiduo

248 2039 443 2069 moriamur.
477 2037 777 2077 Confirmationem,
791 2041 920 2079 opinor,
940 2041 1073 2081 imposi-

247 2081 369 2111 tionem
403 2090 557 2111 manuum
586 2091 671 2112 esse.
720 2082 912 2113 Unctionem
931 2084 1074 2114 arbitror

248 2132 329 2153 esse
352 2132 425 2153 eam
448 2123 488 2152 de
507 2133 572 2163 qua
593 2122 698 2154 Marci
717 2124 772 2154 vl.
794 2128 858 2163 [vs.
881 2125 957 2163 13.].
1004 2126 1072 2156 Sed

248 2174 288 2195 ea
317 2165 414 2205 signa
442 2174 518 2195 esse
547 2166 677 2204 tradita,
708 2173 741 2197 ut
767 2174 857 2198 certo
884 2168 1071 2209 significent

248 2207 388 2247 gratiam
410 2216 477 2237 non
496 2207 603 2238 video.
648 2209 891 2241 Matrimonium
909 2221 976 2241 11011
995 2221 1072 2242 0550

247 2249 429 2279 institutum
442 2249 502 2279 ad'
523 2250 771 2291 significandam
785 2254 924 2294 gratiam
936 2264 1002 2284 non
1021 2261 1071 2285 est

247 2292 337 2332 quod
371 2292 565 2322 dubitemus.
617 2293 702 2328 Quid
730 2302 839 2326 autem
868 2297 900 2326 in
929 2304 1070 2328 mentem

247 2335 336 2366 venit
354 2334 393 2364 iis
413 2334 468 2374 qui
490 2335 573 2365 inter
593 2336 690 2377 signa
701 2339 825 2377 gratiae
838 2338 993 2370 Ordinem
1012 2350 1070 2370 nu-

248 2377 437 2407 merarunt?
478 2388 552 2407 cum
581 2388 648 2409 non
672 2378 759 2410 aliud
782 2382 824 2411 sit
850 2382 947 2419 ordo,
971 2393 1069 2423 quam

248 2417 346 2459 deligi
374 2429 414 2450 ex
442 2419 595 2451 Ecclesia
618 2432 676 2452 005
699 2423 754 2462 qui
784 2424 941 2462 doceant,
967 2426 1069 2465 bapti-

247 2467 339 2498 zent,
369 2465 509 2493 men'sae
537 2464 743 2501 benedicant,
775 2472 805 2496 et
838 2466 1067 2502 eleemosvnas

247 2504 431 2543 partiantur
453 2507 575 2545 egenis.
628 2506 782 2548 Episcopi
806 2519 863 2538 sen
882 2503 1068 2550 presb‘vteri

248 2545 457 2585 dicebantur,
477 2549 531 2588 qui
554 2549 734 2587 docebant,
764 2549 938 2590 lavabant,
962 2546 993 2584 et
1014 2554 1068 2584 be-

1115 219 1313 250 nedicebant
1338 227 1483 249 mensae.
1529 217 1687 255 Diaconi,
1716 217 1772 258 qui
1802 216 1942 248 eleemo-

1117 271 1220 302 synas
1238 261 1467 300 partiebantur
1490 261 1575 291 inter
1593 261 1720 301 inopes.
1756 259 1873 300 Neque
1895 260 1945 289 sic

1117 304 1281 334 discretae
1299 302 1417 334 horum
1442 304 1445 314 ¹
1464 301 1651 334 functiones
1676 308 1787 340 erant,
1820 308 1857 332 ut
1885 300 1943 332 Di·
1966 311 2022 341 134,
2040 317 2062 336 a,

1096 348 1223 376 'acono
1254 343 1421 384 piaculare
1462 351 1553 376 esset
1593 346 1730 383 docere,
1764 345 1945 385 baptizare,

1117 393 1174 417 aut
1198 388 1394 418 benedicere
1417 397 1563 418 mensae.
1608 387 1709 418 limno
1734 387 1818 417 haec
1844 386 1946 417 omni-

1118 430 1182 460 bus
1205 428 1404 460 Christianis
1426 428 1537 459 licent.
1593 429 1678 460 Nam
1702 430 1845 460 omnium
1868 434 1944 459 sunt

1120 470 1231 502 claves
1249 471 1367 502 Matth.
1387 471 1502 501 XVIII.
1524 474 1588 509 [vs.
1614 471 1692 509 IS.].
1720 471 1787 502 Sed
1807 472 1945 502 de'man-

1120 513 1259 544 dabatur
1297 523 1411 544 eorum
1444 514 1634 553 procuratio
1665 514 1877 553 quibusdam,
1910 519 1946 544 ut

1120 561 1234 586 essent
1258 556 1312 596 qui
1336 556 1398 586 sibi
1417 565 1485 586 rem
1504 554 1766 586 ecclesiasticam
1790 565 1945 586 necessa-

1120 598 1169 628 rio
1193 598 1317 628 scirent
1336 598 1629 629 administrandam
1649 608 1736 636 esse,
1757 604 1786 629 et
1800 598 1843 629 ad
1861 606 1946 639 quos

1119 641 1183 671 rite
1205 639 1323 671 referri
1346 646 1472 680 posset,
1497 641 1525 671 si
1550 641 1627 681 quid
1649 641 1830 671 incidisset.
1857 641 1860 652 ¹

1163 682 1205 713 Et
1242 689 1277 713 ut
1310 682 1376 713 hoc
1412 683 1518 713 obiter
1551 692 1718 721 moneam,
1752 681 1948 714 vocabulo'

1119 724 1294 765 Episcopi,
1324 731 1380 756 aut
1403 726 1609 766 presbyteri,
1638 731 1694 756 aut
1716 725 1857 762 diaconi,
1880 734 1947 755 non

1121 768 1299 798 convenire
1323 778 1396 798 cum
1419 766 1583 799 vocabulo
1607 768 1802 798 sacerdotis.
1827 766 1946 798 Sacer-

1120 810 1181 840 dos
1205 811 1290 840 enim
1313 820 1333 840 a
1356 810 1520 841 sacrificio
1544 811 1575 840 in
1599 811 1773 851 scripturis
1796 816 1827 841 et
1849 810 1947 841 inter-

1119 850 1275 893 pellando
1321 853 1450 883 dicitur.
1519 852 1705 894 Sumusque
1751 853 1947 884 sacerdotes

1120 905 1234 925 omnes
1253 894 1442 933 Christiani,
1467 895 1545 935 quia
1568 896 1777 933 sacrificium,
1792 895 1857 927 hoc
1873 895 1953 933 est,'x

1120 946 1242 978 corpus
1273 944 1424 968 nostrum
1453 937 1630 968 offerimus.
1687 938 1772 968 Nam
1795 944 1941 978 praeter-

1121 989 1160 1010 ea
1186 978 1312 1011 nullum
1336 986 1388 1010 est
1411 979 1609 1011 sacrificium
1631 980 1665 1010 in
1683 979 1948 1019 Christianismo,

1121 1028 1152 1052 et
1178 1023 1229 1053 ius
1256 1022 1419 1053 habemus
1448 1020 1678 1062 interpellandi
1709 1023 1760 1053 dei
1787 1023 1884 1054 immo
1916 1030 1949 1054 et

1119 1063 1282 1104 placandi.
1306 1064 1379 1095 Huc
1402 1065 1542 1105 pertinet
1566 1066 1730 1096 sententia
1748 1065 1850 1103 Petri,
1864 1075 1947 1107 gens

1120 1112 1254 1144 sancta,
1284 1116 1422 1147 regnum
1450 1106 1670 1138 sacerdotale.
1723 1107 1834 1149 Reges
1863 1109 1948 1139 enim

1120 1159 1233 1180 sumus
1249 1153 1251 1164 ¹
1266 1148 1456 1187 Christiani,
1480 1151 1556 1191 quia
1580 1148 1674 1180 liberi
1697 1160 1756 1190 per
1780 1149 1948 1181 Christum

1120 1192 1262 1221 omnium
1286 1198 1522 1230 creaturarum,
1545 1193 1644 1230 vitae,
1667 1193 1794 1231 mortis,
1817 1193 1947 1233 peccati

1120 1234 1335 1272 dominamur,
1358 1240 1394 1265 ut
1418 1245 1520 1275 supra
1544 1235 1620 1266 dixi.
1645 1234 1846 1266 Sacerdotes
1871 1236 1947 1275 quia

1119 1276 1277 1317 nosipsos
1324 1277 1386 1307 deo
1418 1277 1602 1315 offerimus,
1637 1283 1668 1308 et
1697 1276 1946 1319 interpellamus

1119 1329 1180 1359 pro
1220 1320 1367 1359 peccatis
1399 1321 1535 1350 nostris.
1595 1319 1687 1351 Haec
1723 1319 1821 1351 latius
1851 1320 1950 1352 docet

1117 1360 1269 1401 Epistola
1303 1362 1345 1392 ad
1378 1361 1479 1393 Hebr.
1507 1363 1509 1373 '
1533 1361 1708 1404 Episcopi,
1744 1362 1949 1405 Presbyteri,

1118 1403 1276 1441 Diaconi,
1305 1414 1372 1435 non
1397 1411 1484 1443 sunt,
1508 1405 1570 1436 nisi
1595 1406 1650 1446 qui
1673 1406 1812 1444 docent,
1843 1407 1947 1447 bapti-

1119 1452 1214 1484 zant,
1234 1447 1431 1478 benedicunt
1453 1457 1599 1486 mensae,
1624 1447 1856 1490 eleemosynas
1881 1450 1946 1480 dis-

1120 1495 1272 1529 pensant.
1331 1489 1479 1521 Missarii
1522 1491 1717 1522 sacerdotes
1765 1490 1948 1533 prophetae

1117 1530 1290 1570 lezabelis,
1314 1532 1379 1564 hoc
1403 1539 1464 1571 est,
1487 1533 1613 1564 Romae
1638 1537 1640 1547 ¹
1668 1540 1755 1565 sunt.

1372 1616 1434 1648 DE
1458 1617 1689 1650 CARITATE.

1160 1700 1214 1731 De
1237 1707 1387 1741 peccato,
1410 1700 1497 1744 lege,
1520 1704 1638 1744 gratia,
1652 1703 1846 1747 Evangelio,
1869 1708 1945 1738 ade-

1119 1754 1205 1783 oque
1229 1750 1259 1774 et
1283 1744 1517 1776 iustificatione
1540 1746 1712 1785 haetenus,
1737 1759 1822 1789 quae
1847 1760 1944 1790 quae-

1118 1787 1183 1816 stio
1221 1787 1363 1818 omniiun
1398 1787 1564 1819 hominum
1599 1799 1730 1830 semper
1763 1793 1944 1823 communis

1117 1827 1192 1866 fuit,
1233 1830 1370 1870 eritque.
1429 1830 1492 1865 Qui
1521 1841 1596 1861 nam
1638 1832 1810 1864 iustificari
1844 1833 1942 1866 homo

1117 1871 1236 1910 possit.
1264 1876 1266 1887 ¹
1294 1871 1489 1912 Philosophi
1514 1879 1545 1903 et
1568 1873 1735 1914 pharisaei
1759 1876 1943 1908 docuerunt

1117 1913 1283 1945 hominem
1306 1915 1376 1945 suis
1399 1916 1576 1946 virtutibus
1600 1923 1632 1947 et
1655 1919 1829 1949 conatibus
1852 1920 1944 1951 iusti-

1118 1956 1221 1987 ficari.
1267 1956 1339 1988 Nos
1369 1958 1540 1988 docuimus
1569 1959 1741 1991 iustificari
1770 1960 1843 1992 sola
1867 1962 1943 2000 fide,

1116 1997 1181 2029 hoc
1205 2005 1266 2036 est,
1291 1999 1415 2031 Christi
1438 2001 1765 2043 iustitiamxnostram
1787 2004 1943 2036 iustitiam

1118 2051 1193 2072 esse
1215 2052 1274 2082 per
1298 2042 1412 2081 fidem,
1436 2053 1538 2083 opera
1560 2051 1694 2083 nostra,
1722 2053 1861 2078 conatus
1884 2057 1942 2078 no-

1117 2090 1207 2114 51105
1238 2083 1319 2115 nihil
1348 2086 1410 2116 nisi
1434 2086 1617 2126 pec'catum
1640 2098 1726 2119 esse.
1773 2088 1864 2120 Haec
1887 2091 1943 2130 qui

1117 2132 1219 2164 tenet,
1255 2138 1415 2158 summam
1438 2129 1623 2170 scripturae
1653 2137 1758 2164 tenet,
1790 2131 1942 2163 videlicet

1116 2170 1288 2200 iustificari
1323 2171 1497 2202 credentes
1526 2172 1849 2204 MISERICORDIA
1879 2175 1941 2206 dei.

1114 2211 1289 2243 Postremo
1314 2223 1368 2243 res
1392 2213 1536 2253 postulat
1565 2221 1599 2245 ut
1629 2216 1670 2246 (le
1693 2217 1829 2247 caritate
1853 2217 1941 2248 dica-

1114 2265 1197 2286 mus.
1244 2255 1353 2295 Supra
1379 2258 1491 2287 monui
1520 2267 1665 2289 amorem
1694 2259 1745 2289 dei
1774 2269 1851 2290 esse
1873 2259 1940 2291 fru-

1115 2305 1202 2329 ctum
1225 2298 1311 2329 fidei.
1358 2299 1433 2330 Non
1456 2306 1566 2340 potest
1590 2301 1674 2331 enim
1691 2302 1773 2332 'non
1793 2302 1939 2333 redama-

1113 2350 1149 2371 re
1180 2341 1293 2379 deum,
1330 2343 1385 2382 qui
1412 2342 1476 2373 fide
1509 2344 1768 2374 misericordiam
1793 2355 1938 2385 compre-

1112 2383 1235 2414 hendit.
1259 2385 1410 2425 adeoque
1433 2396 1524 2416 amor
1549 2386 1612 2424 (lei,
1636 2386 1711 2417 fidei
1734 2386 1862 2418 fructus
1876 2394 1936 2418 est.

1112 2426 1162 2456 Ex
1193 2438 1306 2457 amore
1337 2428 1387 2458 dei
1419 2429 1567 2458 nascitur
1592 2435 1632 2467 ret
1659 2430 1797 2469 proximi
1833 2440 1936 2468 amor,

1114 2479 1187 2499 cum
1216 2470 1277 2500 deo
1306 2470 1338 2500 in
1367 2472 1518 2501 omnibns
1543 2473 1703 2502 creaturis
1732 2473 1858 2503 servire
1882 2483 1936 2503 cu-

1112 2522 1228 2551 pimus.

1111 2553 1122 2584 l
1274 2512 1316 2543 Et
1348 2512 1445 2544 huius
1475 2514 1605 2554 quidem
1634 2515 1756 2546 amoris
1781 2525 1843 2556 ego
1867 2514 1937 2546 nul-

1125 2564 1175 2585 am

1970 684 2024 713 (69,
2044 683 2083 712 b.)

2010 734 2037 753 10

2014 941 2040 960 16

2015 1152 2046 1171 20

1970 1373 2026 1402 134,
2043 1372 2068 1397 b.

2017 1545 2031 1564 5

2014 1846 2040 1864 10

2015 2099 2042 2118 15

2009 2313 2039 2332 20

1202 2567 1204 2578 ι
1227 2554 1375 2598 regulam
1401 2557 1584 2588 breviorem
1607 2564 1663 2589 aut
1685 2558 1844 2598 aptiorem
1858 2568 1935 2598 pos·
1957 2568 2012 2597 135,
2031 2573 2053 2591 a.
