<?xml version="1.0" encoding="UTF-8"?>
<!DOCTYPE html PUBLIC "-//W3C//DTD XHTML 1.0 Transitional//EN"
    "http://www.w3.org/TR/xhtml1/DTD/xhtml1-transitional.dtd">
<html xmlns="http://www.w3.org/1999/xhtml" xml:lang="en" lang="en">
 <head>
  <title>
</title>
<meta http-equiv="Content-Type" content="text/html;charset=utf-8" />
  <meta name='ocr-system' content='tesseract 3.04.00' />
  <meta name='ocr-capabilities' content='ocr_page ocr_carea ocr_par ocr_line ocrx_word'/>
</head>
<body>
  <div class='ocr_page' id='page_1' title='image "./operaquaesupersu21melauoft/operaquaesupersu21melauoft_0092.png"; bbox 0 0 2358 2933; ppageno 0'>
   <div class='ocr_carea' id='block_1_1' title="bbox 253 761 370 818">
    <p class='ocr_par' dir='ltr' id='par_1_1' title="bbox 253 761 370 818">
     <span class='ocr_line' id='line_1_1' title="bbox 253 761 370 789; baseline -0.009 -6"><span class='ocrx_word' id='word_1_1' title='bbox 253 761 306 789; x_wconf 69' lang='grc'>(37.</span> <span class='ocrx_word' id='word_1_2' title='bbox 336 762 370 784; x_wconf 62' lang='grc' dir='ltr'>τυ</span> 
     </span>
     <span class='ocr_line' id='line_1_2' title="bbox 272 796 352 818; baseline 0 -1"><span class='ocrx_word' id='word_1_3' title='bbox 272 796 312 818; x_wconf 75' lang='grc'>69.</span> <span class='ocrx_word' id='word_1_4' title='bbox 332 801 352 818; x_wconf 79' lang='lat' dir='ltr'>a.</span> 
     </span>
    </p>
   </div>
   <div class='ocr_carea' id='block_1_2' title="bbox 306 1181 330 1198">
    <p class='ocr_par' dir='ltr' id='par_1_2' title="bbox 306 1181 330 1198">
     <span class='ocr_line' id='line_1_3' title="bbox 306 1181 330 1198; baseline -0.083 0"><span class='ocrx_word' id='word_1_5' title='bbox 306 1181 330 1198; x_wconf 82' lang='lat' dir='ltr'>l0</span> 
     </span>
    </p>
   </div>
   <div class='ocr_carea' id='block_1_3' title="bbox 307 1390 332 1408">
    <p class='ocr_par' dir='ltr' id='par_1_3' title="bbox 307 1390 332 1408">
     <span class='ocr_line' id='line_1_4' title="bbox 307 1390 332 1408; baseline 0 0"><span class='ocrx_word' id='word_1_6' title='bbox 307 1390 332 1408; x_wconf 71' lang='lat'>15</span> 
     </span>
    </p>
   </div>
   <div class='ocr_carea' id='block_1_4' title="bbox 301 1642 330 1660">
    <p class='ocr_par' dir='ltr' id='par_1_4' title="bbox 301 1642 330 1660">
     <span class='ocr_line' id='line_1_5' title="bbox 301 1642 330 1660; baseline -0.069 0"><span class='ocrx_word' id='word_1_7' title='bbox 301 1642 330 1660; x_wconf 71' lang='lat'>⁴20</span> 
     </span>
    </p>
   </div>
   <div class='ocr_carea' id='block_1_5' title="bbox 273 1852 355 1876">
    <p class='ocr_par' dir='ltr' id='par_1_5' title="bbox 273 1852 355 1876">
     <span class='ocr_line' id='line_1_6' title="bbox 273 1852 355 1876; baseline -0.012 0"><span class='ocrx_word' id='word_1_8' title='bbox 273 1852 313 1876; x_wconf 81' lang='lat'>69.</span> <span class='ocrx_word' id='word_1_9' title='bbox 334 1852 355 1875; x_wconf 78' lang='lat' dir='ltr'>b.</span> 
     </span>
    </p>
   </div>
   <div class='ocr_carea' id='block_1_6' title="bbox 858 111 1593 146">
    <p class='ocr_par' dir='ltr' id='par_1_6' title="bbox 858 111 1593 146">
     <span class='ocr_line' id='line_1_7' title="bbox 858 111 1593 146; baseline 0.004 -3"><span class='ocrx_word' id='word_1_10' title='bbox 858 113 965 144; x_wconf 84' lang='lat' dir='ltr'>PHJL.</span> <span class='ocrx_word' id='word_1_11' title='bbox 989 112 1089 143; x_wconf 82' lang='lat' dir='ltr'>MEL.</span> <span class='ocrx_word' id='word_1_12' title='bbox 1113 111 1297 144; x_wconf 85' lang='lat' dir='ltr'>SCRIPTA</span> <span class='ocrx_word' id='word_1_13' title='bbox 1319 112 1593 146; x_wconf 87' lang='lat' dir='ltr'>DOGMATICA.</span> 
     </span>
    </p>
   </div>
   <div class='ocr_carea' id='block_1_7' title="bbox 386 204 1207 2385">
    <p class='ocr_par' dir='ltr' id='par_1_7' title="bbox 386 204 1207 2385">
     <span class='ocr_line' id='line_1_8' title="bbox 390 204 1200 247; baseline -0.002 -10"><span class='ocrx_word' id='word_1_14' title='bbox 390 210 431 238; x_wconf 86' lang='lat' dir='ltr'>ob</span> <span class='ocrx_word' id='word_1_15' title='bbox 461 207 575 238; x_wconf 70' lang='lat' dir='ltr'>oculos</span> <span class='ocrx_word' id='word_1_16' title='bbox 604 208 711 247; x_wconf 82' lang='lat' dir='ltr'>posito</span> <span class='ocrx_word' id='word_1_17' title='bbox 742 216 800 246; x_wconf 81' lang='lat' dir='ltr'>per</span> <span class='ocrx_word' id='word_1_18' title='bbox 819 215 934 236; x_wconf 79' lang='lat' dir='ltr'>vocem</span> <span class='ocrx_word' id='word_1_19' title='bbox 954 205 1015 235; x_wconf 89' lang='lat' dir='ltr'>dei.</span> <span class='ocrx_word' id='word_1_20' title='bbox 1050 204 1200 245; x_wconf 76' lang='lat' dir='ltr'><strong>Fugiunt,</strong></span> 
     </span>
     <span class='ocr_line' id='line_1_9' title="bbox 388 247 1200 287; baseline -0.004 -7"><span class='ocrx_word' id='word_1_21' title='bbox 388 257 417 280; x_wconf 78' lang='lat' dir='ltr'>ct</span> <span class='ocrx_word' id='word_1_22' title='bbox 443 260 591 280; x_wconf 66' lang='lat' dir='ltr'>caussam</span> <span class='ocrx_word' id='word_1_23' title='bbox 614 248 709 287; x_wconf 60' lang='lat' dir='ltr'>iugat-</span> <span class='ocrx_word' id='word_1_24' title='bbox 733 248 862 287; x_wconf 78' lang='lat' dir='ltr'>exponit</span> <span class='ocrx_word' id='word_1_25' title='bbox 887 248 1006 283; x_wconf 80' lang='lat' dir='ltr'>Adam,</span> <span class='ocrx_word' id='word_1_26' title='bbox 1031 249 1034 268; x_wconf 87' lang='lat'>¹</span> <span class='ocrx_word' id='word_1_27' title='bbox 1060 257 1133 277; x_wconf 89' lang='lat' dir='ltr'>cum</span> <span class='ocrx_word' id='word_1_28' title='bbox 1155 247 1200 277; x_wconf 91' lang='lat' dir='ltr'>in-</span> 
     </span>
     <span class='ocr_line' id='line_1_10' title="bbox 389 289 1200 332; baseline -0.002 -11"><span class='ocrx_word' id='word_1_29' title='bbox 389 292 453 332; x_wconf 89' lang='lat' dir='ltr'>quit</span> <span class='ocrx_word' id='word_1_30' title='bbox 480 293 575 329; x_wconf 67' lang='lat' dir='ltr'>[flou.</span> <span class='ocrx_word' id='word_1_31' title='bbox 595 290 625 320; x_wconf 75' lang='lat'>3.</span> <span class='ocrx_word' id='word_1_32' title='bbox 648 291 726 326; x_wconf 52' lang='lat'>1⁰³1</span> <span class='ocrx_word' id='word_1_33' title='bbox 751 289 874 319; x_wconf 80' lang='lat' dir='ltr'>Vocem</span> <span class='ocrx_word' id='word_1_34' title='bbox 894 295 979 320; x_wconf 89' lang='lat' dir='ltr'>tuam</span> <span class='ocrx_word' id='word_1_35' title='bbox 999 289 1127 319; x_wconf 90' lang='lat' dir='ltr'>domine</span> <span class='ocrx_word' id='word_1_36' title='bbox 1146 299 1200 319; x_wconf 87' lang='lat' dir='ltr'>au-</span> 
     </span>
     <span class='ocr_line' id='line_1_11' title="bbox 389 332 1200 371; baseline -0.002 -8"><span class='ocrx_word' id='word_1_37' title='bbox 389 334 452 364; x_wconf 69' lang='lat' dir='ltr'>divi</span> <span class='ocrx_word' id='word_1_38' title='bbox 483 335 512 362; x_wconf 85' lang='lat' dir='ltr'>in</span> <span class='ocrx_word' id='word_1_39' title='bbox 538 332 707 371; x_wconf 75' lang='lat' dir='ltr'>paradiso.</span> <span class='ocrx_word' id='word_1_40' title='bbox 738 338 767 361; x_wconf 89' lang='lat' dir='ltr'>et</span> <span class='ocrx_word' id='word_1_41' title='bbox 799 332 886 361; x_wconf 92' lang='lat' dir='ltr'>timui</span> <span class='ocrx_word' id='word_1_42' title='bbox 916 341 954 361; x_wconf 93' lang='lat' dir='ltr'>eo</span> <span class='ocrx_word' id='word_1_43' title='bbox 985 332 1072 371; x_wconf 88' lang='lat' dir='ltr'>quod</span> <span class='ocrx_word' id='word_1_44' title='bbox 1095 332 1200 362; x_wconf 89' lang='lat' dir='ltr'>nudus</span> 
     </span>
     <span class='ocr_line' id='line_1_12' title="bbox 388 373 1201 411; baseline -0.002 -6"><span class='ocrx_word' id='word_1_45' title='bbox 388 384 506 405; x_wconf 81' lang='lat' dir='ltr'>essem.</span> <span class='ocrx_word' id='word_1_46' title='bbox 551 374 638 403; x_wconf 83' lang='lat' dir='ltr'>Ecce</span> <span class='ocrx_word' id='word_1_47' title='bbox 663 373 904 403; x_wconf 74' lang='lat' dir='ltr'>confessionem</span> <span class='ocrx_word' id='word_1_48' title='bbox 927 375 977 403; x_wconf 81' lang='grc' dir='ltr'>καὶ</span> <span class='ocrx_word' id='word_1_49' title='bbox 998 374 1201 411; x_wconf 74' lang='grc' dir='ltr'><em>ἐξομολόγησιν</em></span> 
     </span>
     <span class='ocr_line' id='line_1_13' title="bbox 388 415 1200 446; baseline -0.001 0"><span class='ocrx_word' id='word_1_50' title='bbox 388 416 617 446; x_wconf 80' lang='lat' dir='ltr'>conscientiae.</span> <span class='ocrx_word' id='word_1_51' title='bbox 663 415 791 446; x_wconf 88' lang='lat' dir='ltr'>Interim</span> <span class='ocrx_word' id='word_1_52' title='bbox 814 415 920 445; x_wconf 80' lang='lat' dir='ltr'>Adam</span> <span class='ocrx_word' id='word_1_53' title='bbox 948 415 1066 446; x_wconf 78' lang='lat' dir='ltr'>misere</span> <span class='ocrx_word' id='word_1_54' title='bbox 1089 425 1200 446; x_wconf 84' lang='lat' dir='ltr'>secmn</span> 
     </span>
     <span class='ocr_line' id='line_1_14' title="bbox 389 457 1200 497; baseline -0.001 -10"><span class='ocrx_word' id='word_1_55' title='bbox 389 457 543 494; x_wconf 84' lang='lat' dir='ltr'>luctatur,</span> <span class='ocrx_word' id='word_1_56' title='bbox 567 458 672 487; x_wconf 79' lang='lat' dir='ltr'>donec</span> <span class='ocrx_word' id='word_1_57' title='bbox 695 458 781 488; x_wconf 87' lang='lat' dir='ltr'>audit</span> <span class='ocrx_word' id='word_1_58' title='bbox 806 457 1054 497; x_wconf 75' lang='lat' dir='ltr'>promissionem</span> <span class='ocrx_word' id='word_1_59' title='bbox 1078 457 1200 486; x_wconf 89' lang='lat' dir='ltr'>miseri-</span> 
     </span>
     <span class='ocr_line' id='line_1_15' title="bbox 387 498 1183 535; baseline -0.003 -5"><span class='ocrx_word' id='word_1_60' title='bbox 387 500 529 535; x_wconf 74' lang='lat' dir='ltr'>cordiae.</span> <span class='ocrx_word' id='word_1_61' title='bbox 558 510 672 529; x_wconf 77' lang='lat' dir='ltr'>vocem</span> <span class='ocrx_word' id='word_1_62' title='bbox 696 500 736 530; x_wconf 88' lang='lat' dir='ltr'>de</span> <span class='ocrx_word' id='word_1_63' title='bbox 760 509 861 529; x_wconf 68' lang='lat' dir='ltr'>uxore</span> <span class='ocrx_word' id='word_1_64' title='bbox 890 499 1018 529; x_wconf 84' lang='lat' dir='ltr'>dictam.</span> <span class='ocrx_word' id='word_1_65' title='bbox 1063 498 1183 530; x_wconf 88' lang='lat' dir='ltr'>Semen</span> 
     </span>
     <span class='ocr_line' id='line_1_16' title="bbox 388 538 1201 581; baseline -0.001 -10"><span class='ocrx_word' id='word_1_66' title='bbox 388 543 457 572; x_wconf 82' lang='lat' dir='ltr'>eius</span> <span class='ocrx_word' id='word_1_67' title='bbox 497 547 640 571; x_wconf 82' lang='lat' dir='ltr'>conteret</span> <span class='ocrx_word' id='word_1_68' title='bbox 677 547 773 581; x_wconf 82' lang='lat' dir='ltr'>caput</span> <span class='ocrx_word' id='word_1_69' title='bbox 812 541 984 580; x_wconf 86' lang='lat' dir='ltr'>serpentis.</span> <span class='ocrx_word' id='word_1_70' title='bbox 1046 538 1201 570; x_wconf 83' lang='lat' dir='ltr'>Nonnihil</span> 
     </span>
     <span class='ocr_line' id='line_1_17' title="bbox 388 582 1200 613; baseline -0.002 0"><span class='ocrx_word' id='word_1_71' title='bbox 388 582 525 613; x_wconf 74' lang='lat' dir='ltr'>faciebat</span> <span class='ocrx_word' id='word_1_72' title='bbox 560 584 601 613; x_wconf 85' lang='lat' dir='ltr'>ad</span> <span class='ocrx_word' id='word_1_73' title='bbox 630 582 868 613; x_wconf 74' lang='lat' dir='ltr'>confirmandas</span> <span class='ocrx_word' id='word_1_74' title='bbox 896 592 1008 612; x_wconf 78' lang='lat' dir='ltr'>eorum</span> <span class='ocrx_word' id='word_1_75' title='bbox 1032 582 1200 613; x_wconf 86' lang='lat' dir='ltr'>conscien-</span> 
     </span>
     <span class='ocr_line' id='line_1_18' title="bbox 388 623 1201 664; baseline -0.004 -9"><span class='ocrx_word' id='word_1_76' title='bbox 388 626 448 655; x_wconf 86' lang='lat' dir='ltr'>tias</span> <span class='ocrx_word' id='word_1_77' title='bbox 473 626 568 655; x_wconf 83' lang='lat' dir='ltr'>etiam</span> <span class='ocrx_word' id='word_1_78' title='bbox 591 625 678 664; x_wconf 90' lang='lat' dir='ltr'>quod</span> <span class='ocrx_word' id='word_1_79' title='bbox 702 625 851 654; x_wconf 88' lang='lat' dir='ltr'>dominus</span> <span class='ocrx_word' id='word_1_80' title='bbox 875 634 932 654; x_wconf 87' lang='lat' dir='ltr'>eos</span> <span class='ocrx_word' id='word_1_81' title='bbox 958 624 1084 661; x_wconf 78' lang='lat' dir='ltr'>vestiit,</span> <span class='ocrx_word' id='word_1_82' title='bbox 1114 623 1201 653; x_wconf 88' lang='lat' dir='ltr'>haud</span> 
     </span>
     <span class='ocr_line' id='line_1_19' title="bbox 388 664 1200 707; baseline -0.004 -10"><span class='ocrx_word' id='word_1_83' title='bbox 388 668 484 698; x_wconf 87' lang='lat' dir='ltr'>dubia</span> <span class='ocrx_word' id='word_1_84' title='bbox 526 666 763 707; x_wconf 82' lang='lat' dir='ltr'>significatione</span> <span class='ocrx_word' id='word_1_85' title='bbox 802 666 1033 696; x_wconf 84' lang='lat' dir='ltr'>incarnationis</span> <span class='ocrx_word' id='word_1_86' title='bbox 1068 664 1200 702; x_wconf 77' lang='lat' dir='ltr'>Christi,</span> 
     </span>
     <span class='ocr_line' id='line_1_20' title="bbox 389 708 1197 748; baseline -0.002 -9"><span class='ocrx_word' id='word_1_87' title='bbox 389 719 460 739; x_wconf 88' lang='lat' dir='ltr'>nam</span> <span class='ocrx_word' id='word_1_88' title='bbox 491 719 528 739; x_wconf 88' lang='lat' dir='ltr'>ea</span> <span class='ocrx_word' id='word_1_89' title='bbox 553 719 630 738; x_wconf 88' lang='lat' dir='ltr'>caro</span> <span class='ocrx_word' id='word_1_90' title='bbox 654 709 783 739; x_wconf 84' lang='lat' dir='ltr'>tandem</span> <span class='ocrx_word' id='word_1_91' title='bbox 807 709 910 748; x_wconf 87' lang='lat' dir='ltr'>operit</span> <span class='ocrx_word' id='word_1_92' title='bbox 934 708 1111 738; x_wconf 87' lang='lat' dir='ltr'>nuditatem</span> <span class='ocrx_word' id='word_1_93' title='bbox 1134 717 1197 743; x_wconf 84' lang='lat' dir='ltr'>no-¹</span> 
     </span>
     <span class='ocr_line' id='line_1_21' title="bbox 389 748 1201 789; baseline 0 -10"><span class='ocrx_word' id='word_1_94' title='bbox 389 757 500 782; x_wconf 81' lang='lat' dir='ltr'>stram.</span> <span class='ocrx_word' id='word_1_95' title='bbox 531 758 560 780; x_wconf 83' lang='lat' dir='ltr'>ct</span> <span class='ocrx_word' id='word_1_96' title='bbox 590 751 696 780; x_wconf 76' lang='lat' dir='ltr'>eximit</span> <span class='ocrx_word' id='word_1_97' title='bbox 723 760 784 780; x_wconf 91' lang='lat' dir='ltr'>con</span> <span class='ocrx_word' id='word_1_98' title='bbox 808 748 969 780; x_wconf 81' lang='lat' dir='ltr'>Iusionem</span> <span class='ocrx_word' id='word_1_99' title='bbox 1005 749 1201 789; x_wconf 79' lang='lat' dir='ltr'>paventibus</span> 
     </span>
     <span class='ocr_line' id='line_1_22' title="bbox 389 792 1201 832; baseline -0.001 -10"><span class='ocrx_word' id='word_1_100' title='bbox 389 793 607 823; x_wconf 68' lang='lat' dir='ltr'>conscientiis,</span> <span class='ocrx_word' id='word_1_101' title='bbox 632 802 760 832; x_wconf 84' lang='lat' dir='ltr'>nempe,</span> <span class='ocrx_word' id='word_1_102' title='bbox 782 792 813 822; x_wconf 89' lang='lat' dir='ltr'>iu</span> <span class='ocrx_word' id='word_1_103' title='bbox 837 802 933 831; x_wconf 89' lang='lat' dir='ltr'>quam</span> <span class='ocrx_word' id='word_1_104' title='bbox 953 792 1129 831; x_wconf 85' lang='lat' dir='ltr'>opprobria</span> <span class='ocrx_word' id='word_1_105' title='bbox 1147 801 1201 821; x_wconf 81' lang='lat' dir='ltr'>ex-</span> 
     </span>
     <span class='ocr_line' id='line_1_23' title="bbox 388 831 1201 874; baseline -0.002 -10"><span class='ocrx_word' id='word_1_106' title='bbox 388 835 611 874; x_wconf 83' lang='lat' dir='ltr'>probrantium</span> <span class='ocrx_word' id='word_1_107' title='bbox 630 834 783 864; x_wconf 81' lang='lat' dir='ltr'>incidere.</span> <span class='ocrx_word' id='word_1_108' title='bbox 818 832 906 864; x_wconf 86' lang='lat' dir='ltr'>Psal.</span> <span class='ocrx_word' id='word_1_109' title='bbox 930 833 1074 863; x_wconf 77' lang='lat' dir='ltr'><strong>LXVIII.</strong></span> <span class='ocrx_word' id='word_1_110' title='bbox 1098 831 1201 863; x_wconf 86' lang='lat' dir='ltr'>Paulo</span> 
     </span>
     <span class='ocr_line' id='line_1_24' title="bbox 387 873 1202 912; baseline -0.002 -6"><span class='ocrx_word' id='word_1_111' title='bbox 387 884 462 906; x_wconf 86' lang='lat' dir='ltr'>ante</span> <span class='ocrx_word' id='word_1_112' title='bbox 486 876 621 906; x_wconf 71' lang='lat' dir='ltr'>Davidis</span> <span class='ocrx_word' id='word_1_113' title='bbox 653 876 870 912; x_wconf 86' lang='lat' dir='ltr'>meminimus,</span> <span class='ocrx_word' id='word_1_114' title='bbox 903 881 937 904; x_wconf 90' lang='lat' dir='ltr'>ut</span> <span class='ocrx_word' id='word_1_115' title='bbox 967 884 1049 905; x_wconf 76' lang='lat' dir='ltr'>voce</span> <span class='ocrx_word' id='word_1_116' title='bbox 1072 873 1202 904; x_wconf 82' lang='lat' dir='ltr'>Nathan</span> 
     </span>
     <span class='ocr_line' id='line_1_25' title="bbox 392 915 1202 958; baseline -0.001 -11"><span class='ocrx_word' id='word_1_117' title='bbox 392 917 569 958; x_wconf 86' lang='lat' dir='ltr'>prophetae</span> <span class='ocrx_word' id='word_1_118' title='bbox 597 916 752 948; x_wconf 72' lang='lat' dir='ltr'>confusus</span> <span class='ocrx_word' id='word_1_119' title='bbox 792 918 843 947; x_wconf 86' lang='lat' dir='ltr'>sit.</span> <span class='ocrx_word' id='word_1_120' title='bbox 888 916 930 947; x_wconf 88' lang='lat' dir='ltr'>Et</span> <span class='ocrx_word' id='word_1_121' title='bbox 958 917 1118 956; x_wconf 60' lang='lat' dir='ltr'>periisset</span> <span class='ocrx_word' id='word_1_122' title='bbox 1146 915 1202 946; x_wconf 88' lang='lat' dir='ltr'>ille</span> 
     </span>
     <span class='ocr_line' id='line_1_26' title="bbox 387 957 1203 1001; baseline -0.002 -11"><span class='ocrx_word' id='word_1_123' title='bbox 387 961 516 1001; x_wconf 86' lang='lat' dir='ltr'>quidem</span> <span class='ocrx_word' id='word_1_124' title='bbox 541 960 570 989; x_wconf 90' lang='lat' dir='ltr'>ni</span> <span class='ocrx_word' id='word_1_125' title='bbox 590 959 697 989; x_wconf 75' lang='lat' dir='ltr'>statim</span> <span class='ocrx_word' id='word_1_126' title='bbox 710 958 924 999; x_wconf 79' lang='lat' dir='ltr'>Evangelium</span> <span class='ocrx_word' id='word_1_127' title='bbox 942 959 1099 989; x_wconf 78' lang='lat' dir='ltr'>audisset.</span> <span class='ocrx_word' id='word_1_128' title='bbox 1134 957 1203 988; x_wconf 90' lang='lat' dir='ltr'>Do·</span> 
     </span>
     <span class='ocr_line' id='line_1_27' title="bbox 387 1000 1202 1041; baseline -0.002 -9"><span class='ocrx_word' id='word_1_129' title='bbox 387 1004 492 1033; x_wconf 79' lang='lat' dir='ltr'>minus</span> <span class='ocrx_word' id='word_1_130' title='bbox 522 1001 651 1032; x_wconf 87' lang='lat' dir='ltr'>sustulit</span> <span class='ocrx_word' id='word_1_131' title='bbox 681 1007 853 1041; x_wconf 88' lang='lat' dir='ltr'>peccatum</span> <span class='ocrx_word' id='word_1_132' title='bbox 876 1007 976 1038; x_wconf 84' lang='lat' dir='ltr'>tuum,</span> <span class='ocrx_word' id='word_1_133' title='bbox 999 1010 1065 1030; x_wconf 89' lang='lat' dir='ltr'>non</span> <span class='ocrx_word' id='word_1_134' title='bbox 1087 1000 1202 1030; x_wconf 90' lang='lat' dir='ltr'>morie-</span> 
     </span>
     <span class='ocr_line' id='line_1_28' title="bbox 386 1042 1204 1084; baseline -0.002 -10"><span class='ocrx_word' id='word_1_135' title='bbox 386 1045 440 1074; x_wconf 84' lang='lat' dir='ltr'>ris.</span> <span class='ocrx_word' id='word_1_136' title='bbox 482 1044 563 1075; x_wconf 81' lang='lat' dir='ltr'>Sunt</span> <span class='ocrx_word' id='word_1_137' title='bbox 588 1044 641 1084; x_wconf 91' lang='lat' dir='ltr'>qui</span> <span class='ocrx_word' id='word_1_138' title='bbox 664 1049 776 1083; x_wconf 88' lang='lat' dir='ltr'>putant</span> <span class='ocrx_word' id='word_1_139' title='bbox 800 1044 833 1073; x_wconf 89' lang='lat' dir='ltr'>in</span> <span class='ocrx_word' id='word_1_140' title='bbox 855 1043 975 1073; x_wconf 80' lang='lat' dir='ltr'>veteris</span> <span class='ocrx_word' id='word_1_141' title='bbox 998 1042 1204 1073; x_wconf 79' lang='lat' dir='ltr'>instrumenti</span> 
     </span>
     <span class='ocr_line' id='line_1_29' title="bbox 387 1084 1203 1126; baseline -0.001 -11"><span class='ocrx_word' id='word_1_142' title='bbox 387 1086 532 1116; x_wconf 87' lang='lat' dir='ltr'>historiis</span> <span class='ocrx_word' id='word_1_143' title='bbox 568 1092 699 1125; x_wconf 87' lang='lat' dir='ltr'>praeter</span> <span class='ocrx_word' id='word_1_144' title='bbox 725 1084 902 1126; x_wconf 72' lang='lat' dir='ltr'>allegorias</span> <span class='ocrx_word' id='word_1_145' title='bbox 926 1084 1006 1115; x_wconf 86' lang='lat' dir='ltr'>nihil</span> <span class='ocrx_word' id='word_1_146' title='bbox 1037 1085 1203 1125; x_wconf 87' lang='lat' dir='ltr'>requiren-</span> 
     </span>
     <span class='ocr_line' id='line_1_30' title="bbox 387 1127 1204 1167; baseline -0.001 -10"><span class='ocrx_word' id='word_1_147' title='bbox 387 1129 472 1158; x_wconf 91' lang='lat' dir='ltr'>dum.</span> <span class='ocrx_word' id='word_1_148' title='bbox 520 1128 585 1158; x_wconf 86' lang='lat' dir='ltr'>Sed</span> <span class='ocrx_word' id='word_1_149' title='bbox 616 1127 668 1157; x_wconf 92' lang='lat' dir='ltr'>hic</span> <span class='ocrx_word' id='word_1_150' title='bbox 698 1127 790 1158; x_wconf 78' lang='lat' dir='ltr'>vides</span> <span class='ocrx_word' id='word_1_151' title='bbox 810 1132 965 1167; x_wconf 75' lang='lat' dir='ltr'>quanttun</span> <span class='ocrx_word' id='word_1_152' title='bbox 988 1127 1028 1156; x_wconf 86' lang='lat' dir='ltr'>sit</span> <span class='ocrx_word' id='word_1_153' title='bbox 1053 1127 1204 1157; x_wconf 83' lang='lat' dir='ltr'>emditio-</span> 
     </span>
     <span class='ocr_line' id='line_1_31' title="bbox 387 1167 1205 1209; baseline -0.002 -9"><span class='ocrx_word' id='word_1_154' title='bbox 387 1171 437 1200; x_wconf 80' lang='lat' dir='ltr'>nis</span> <span class='ocrx_word' id='word_1_155' title='bbox 461 1171 492 1200; x_wconf 89' lang='lat' dir='ltr'>in</span> <span class='ocrx_word' id='word_1_156' title='bbox 516 1180 582 1200; x_wconf 90' lang='lat' dir='ltr'>uno</span> <span class='ocrx_word' id='word_1_157' title='bbox 601 1169 683 1199; x_wconf 59' lang='lat' dir='ltr'>1hoc</span> <span class='ocrx_word' id='word_1_158' title='bbox 707 1168 843 1199; x_wconf 79' lang='lat' dir='ltr'>Davidis</span> <span class='ocrx_word' id='word_1_159' title='bbox 863 1168 1025 1209; x_wconf 89' lang='lat' dir='ltr'>exemplo,</span> <span class='ocrx_word' id='word_1_160' title='bbox 1049 1169 1077 1198; x_wconf 84' lang='lat' dir='ltr'>si</span> <span class='ocrx_word' id='word_1_161' title='bbox 1099 1167 1205 1198; x_wconf 82' lang='lat' dir='ltr'>solam</span> 
     </span>
     <span class='ocr_line' id='line_1_32' title="bbox 386 1210 1204 1250; baseline -0.002 -8"><span class='ocrx_word' id='word_1_162' title='bbox 386 1211 511 1242; x_wconf 82' lang='lat' dir='ltr'>literam</span> <span class='ocrx_word' id='word_1_163' title='bbox 536 1212 737 1242; x_wconf 88' lang='lat' dir='ltr'>consideres.</span> <span class='ocrx_word' id='word_1_164' title='bbox 777 1211 876 1241; x_wconf 89' lang='lat' dir='ltr'>Immo</span> <span class='ocrx_word' id='word_1_165' title='bbox 902 1221 941 1241; x_wconf 87' lang='lat' dir='ltr'>ea</span> <span class='ocrx_word' id='word_1_166' title='bbox 962 1210 1035 1241; x_wconf 89' lang='lat' dir='ltr'>sola</span> <span class='ocrx_word' id='word_1_167' title='bbox 1058 1216 1108 1241; x_wconf 85' lang='lat' dir='ltr'>est</span> <span class='ocrx_word' id='word_1_168' title='bbox 1131 1219 1204 1250; x_wconf 89' lang='lat' dir='ltr'>spe-</span> 
     </span>
     <span class='ocr_line' id='line_1_33' title="bbox 388 1253 1205 1294; baseline -0.002 -10"><span class='ocrx_word' id='word_1_169' title='bbox 388 1254 516 1291; x_wconf 74' lang='lat' dir='ltr'>ctanda,</span> <span class='ocrx_word' id='word_1_170' title='bbox 540 1254 572 1284; x_wconf 91' lang='lat' dir='ltr'>in</span> <span class='ocrx_word' id='word_1_171' title='bbox 595 1264 659 1294; x_wconf 89' lang='lat' dir='ltr'>qua</span> <span class='ocrx_word' id='word_1_172' title='bbox 683 1264 757 1283; x_wconf 90' lang='lat' dir='ltr'>cum</span> <span class='ocrx_word' id='word_1_173' title='bbox 780 1254 847 1283; x_wconf 90' lang='lat' dir='ltr'>irae</span> <span class='ocrx_word' id='word_1_174' title='bbox 871 1260 938 1283; x_wconf 89' lang='lat' dir='ltr'>tum</span> <span class='ocrx_word' id='word_1_175' title='bbox 960 1253 1205 1283; x_wconf 78' lang='lat' dir='ltr'>misericordiae</span> 
     </span>
     <span class='ocr_line' id='line_1_34' title="bbox 387 1293 1203 1336; baseline -0.002 -10"><span class='ocrx_word' id='word_1_176' title='bbox 387 1305 467 1326; x_wconf 89' lang='lat' dir='ltr'>suae</span> <span class='ocrx_word' id='word_1_177' title='bbox 487 1306 587 1336; x_wconf 89' lang='lat' dir='ltr'>opera</span> <span class='ocrx_word' id='word_1_178' title='bbox 606 1296 739 1336; x_wconf 86' lang='lat' dir='ltr'>spiritus</span> <span class='ocrx_word' id='word_1_179' title='bbox 760 1296 811 1325; x_wconf 90' lang='lat' dir='ltr'>dei</span> <span class='ocrx_word' id='word_1_180' title='bbox 830 1296 925 1325; x_wconf 89' lang='lat' dir='ltr'>nobis</span> <span class='ocrx_word' id='word_1_181' title='bbox 944 1293 1036 1335; x_wconf 86' lang='lat' dir='ltr'>large</span> <span class='ocrx_word' id='word_1_182' title='bbox 1049 1294 1203 1325; x_wconf 77' lang='lat' dir='ltr'>exhibuit.</span> 
     </span>
     <span class='ocr_line' id='line_1_35' title="bbox 387 1336 1204 1378; baseline -0.004 -10"><span class='ocrx_word' id='word_1_183' title='bbox 387 1338 481 1372; x_wconf 83' lang='lat' dir='ltr'>Quae</span> <span class='ocrx_word' id='word_1_184' title='bbox 500 1348 564 1368; x_wconf 73' lang='lat' dir='ltr'>vox</span> <span class='ocrx_word' id='word_1_185' title='bbox 588 1339 692 1378; x_wconf 84' lang='lat' dir='ltr'>magis</span> <span class='ocrx_word' id='word_1_186' title='bbox 704 1336 907 1378; x_wconf 81' lang='lat' dir='ltr'>Evangelica</span> <span class='ocrx_word' id='word_1_187' title='bbox 931 1337 1068 1377; x_wconf 86' lang='lat' dir='ltr'>cogitari</span> <span class='ocrx_word' id='word_1_188' title='bbox 1090 1336 1204 1376; x_wconf 90' lang='lat' dir='ltr'>potuit,</span> 
     </span>
     <span class='ocr_line' id='line_1_36' title="bbox 388 1378 1206 1420; baseline -0.002 -10"><span class='ocrx_word' id='word_1_189' title='bbox 388 1390 484 1420; x_wconf 90' lang='lat' dir='ltr'>quam</span> <span class='ocrx_word' id='word_1_190' title='bbox 524 1380 628 1410; x_wconf 65' lang='lat' dir='ltr'>haec?</span> <span class='ocrx_word' id='word_1_191' title='bbox 667 1379 835 1410; x_wconf 87' lang='lat' dir='ltr'>Dominus</span> <span class='ocrx_word' id='word_1_192' title='bbox 866 1378 997 1409; x_wconf 84' lang='lat' dir='ltr'>sustulit</span> <span class='ocrx_word' id='word_1_193' title='bbox 1036 1384 1206 1418; x_wconf 87' lang='lat' dir='ltr'>peccatum</span> 
     </span>
     <span class='ocr_line' id='line_1_37' title="bbox 388 1419 1205 1461; baseline -0.002 -9"><span class='ocrx_word' id='word_1_194' title='bbox 388 1428 486 1452; x_wconf 88' lang='lat' dir='ltr'>tuum.</span> <span class='ocrx_word' id='word_1_195' title='bbox 533 1422 585 1451; x_wconf 82' lang='lat' dir='ltr'>An</span> <span class='ocrx_word' id='word_1_196' title='bbox 608 1432 673 1451; x_wconf 89' lang='lat' dir='ltr'>non</span> <span class='ocrx_word' id='word_1_197' title='bbox 696 1421 780 1452; x_wconf 91' lang='lat' dir='ltr'>haec</span> <span class='ocrx_word' id='word_1_198' title='bbox 803 1431 927 1453; x_wconf 81' lang='lat' dir='ltr'>smnma</span> <span class='ocrx_word' id='word_1_199' title='bbox 951 1426 999 1451; x_wconf 85' lang='lat' dir='ltr'>est</span> <span class='ocrx_word' id='word_1_200' title='bbox 1022 1419 1205 1461; x_wconf 82' lang='lat' dir='ltr'>Evangelii,</span> 
     </span>
     <span class='ocr_line' id='line_1_38' title="bbox 387 1462 1206 1504; baseline -0.002 -10"><span class='ocrx_word' id='word_1_201' title='bbox 387 1474 447 1494; x_wconf 88' lang='lat' dir='ltr'>seu</span> <span class='ocrx_word' id='word_1_202' title='bbox 470 1464 724 1504; x_wconf 84' lang='lat' dir='ltr'>praedicationis</span> <span class='ocrx_word' id='word_1_203' title='bbox 748 1464 824 1494; x_wconf 72' lang='lat' dir='ltr'>now&#39;</span> <span class='ocrx_word' id='word_1_204' title='bbox 848 1462 1055 1493; x_wconf 68' lang='lat' dir='ltr'>testamenti?</span> <span class='ocrx_word' id='word_1_205' title='bbox 1089 1462 1206 1493; x_wconf 88' lang='lat' dir='ltr'>Subla-</span> 
     </span>
     <span class='ocr_line' id='line_1_39' title="bbox 387 1503 1206 1545; baseline -0.002 -9"><span class='ocrx_word' id='word_1_206' title='bbox 387 1512 454 1536; x_wconf 86' lang='lat' dir='ltr'>tum</span> <span class='ocrx_word' id='word_1_207' title='bbox 478 1516 553 1536; x_wconf 88' lang='lat' dir='ltr'>esse</span> <span class='ocrx_word' id='word_1_208' title='bbox 575 1512 758 1545; x_wconf 88' lang='lat' dir='ltr'>peccatum.</span> <span class='ocrx_word' id='word_1_209' title='bbox 804 1505 918 1535; x_wconf 86' lang='lat' dir='ltr'>Addes</span> <span class='ocrx_word' id='word_1_210' title='bbox 940 1504 991 1534; x_wconf 87' lang='lat' dir='ltr'>his</span> <span class='ocrx_word' id='word_1_211' title='bbox 1015 1505 1042 1535; x_wconf 88' lang='lat' dir='ltr'>si</span> <span class='ocrx_word' id='word_1_212' title='bbox 1061 1503 1154 1535; x_wconf 86' lang='lat' dir='ltr'>voles</span> <span class='ocrx_word' id='word_1_213' title='bbox 1173 1514 1206 1534; x_wconf 90' lang='lat' dir='ltr'>a-</span> 
     </span>
     <span class='ocr_line' id='line_1_40' title="bbox 388 1545 1206 1587; baseline -0.001 -9"><span class='ocrx_word' id='word_1_214' title='bbox 388 1558 521 1578; x_wconf 76' lang='lat' dir='ltr'>cervum</span> <span class='ocrx_word' id='word_1_215' title='bbox 554 1547 761 1578; x_wconf 83' lang='lat' dir='ltr'>historiarum</span> <span class='ocrx_word' id='word_1_216' title='bbox 788 1545 1063 1587; x_wconf 78' lang='lat' dir='ltr'>Evangelicarum</span> <span class='ocrx_word' id='word_1_217' title='bbox 1095 1546 1206 1577; x_wconf 83' lang='lat' dir='ltr'>Lucae</span> 
     </span>
     <span class='ocr_line' id='line_1_41' title="bbox 386 1588 1206 1630; baseline -0.001 -11"><span class='ocrx_word' id='word_1_218' title='bbox 386 1589 456 1619; x_wconf 82' lang='lat' dir='ltr'><strong>VII.</strong></span> <span class='ocrx_word' id='word_1_219' title='bbox 490 1593 570 1626; x_wconf 80' lang='lat' dir='ltr'>[vss.</span> <span class='ocrx_word' id='word_1_220' title='bbox 604 1589 645 1620; x_wconf 81' lang='lat'>37</span> <span class='ocrx_word' id='word_1_221' title='bbox 669 1593 755 1630; x_wconf 88' lang='lat' dir='ltr'>sqq.]</span> <span class='ocrx_word' id='word_1_222' title='bbox 812 1588 930 1619; x_wconf 79' lang='lat' dir='ltr'>Mulier</span> <span class='ocrx_word' id='word_1_223' title='bbox 963 1589 1131 1629; x_wconf 79' lang='lat' dir='ltr'>peccatrix</span> <span class='ocrx_word' id='word_1_224' title='bbox 1160 1588 1206 1618; x_wconf 89' lang='lat' dir='ltr'>la-</span> 
     </span>
     <span class='ocr_line' id='line_1_42' title="bbox 388 1629 1206 1671; baseline -0.001 -10"><span class='ocrx_word' id='word_1_225' title='bbox 388 1632 508 1662; x_wconf 84' lang='lat' dir='ltr'>crumis</span> <span class='ocrx_word' id='word_1_226' title='bbox 531 1630 618 1662; x_wconf 78' lang='lat' dir='ltr'>lavat</span> <span class='ocrx_word' id='word_1_227' title='bbox 652 1632 755 1671; x_wconf 88' lang='lat' dir='ltr'>pedes</span> <span class='ocrx_word' id='word_1_228' title='bbox 780 1631 910 1668; x_wconf 71' lang='lat' dir='ltr'>domini,</span> <span class='ocrx_word' id='word_1_229' title='bbox 934 1641 1030 1670; x_wconf 90' lang='lat' dir='ltr'>quam</span> <span class='ocrx_word' id='word_1_230' title='bbox 1055 1629 1206 1660; x_wconf 87' lang='lat' dir='ltr'>consola-</span> 
     </span>
     <span class='ocr_line' id='line_1_43' title="bbox 388 1672 1206 1712; baseline -0.001 -9"><span class='ocrx_word' id='word_1_231' title='bbox 388 1680 440 1704; x_wconf 90' lang='lat' dir='ltr'>tur</span> <span class='ocrx_word' id='word_1_232' title='bbox 461 1673 513 1703; x_wconf 90' lang='lat' dir='ltr'>his</span> <span class='ocrx_word' id='word_1_233' title='bbox 537 1674 657 1710; x_wconf 76' lang='lat' dir='ltr'>verbis,</span> <span class='ocrx_word' id='word_1_234' title='bbox 681 1674 887 1704; x_wconf 86' lang='lat' dir='ltr'>remittuntur</span> <span class='ocrx_word' id='word_1_235' title='bbox 910 1673 965 1702; x_wconf 88' lang='lat' dir='ltr'>tibi</span> <span class='ocrx_word' id='word_1_236' title='bbox 988 1678 1135 1712; x_wconf 85' lang='lat' dir='ltr'>peccata.</span> <span class='ocrx_word' id='word_1_237' title='bbox 1165 1672 1206 1702; x_wconf 89' lang='lat' dir='ltr'>Et</span> 
     </span>
     <span class='ocr_line' id='line_1_44' title="bbox 388 1714 1207 1756; baseline -0.002 -10"><span class='ocrx_word' id='word_1_238' title='bbox 388 1716 464 1756; x_wconf 87' lang='lat' dir='ltr'>quid</span> <span class='ocrx_word' id='word_1_239' title='bbox 494 1714 657 1756; x_wconf 72' lang='lat' dir='ltr'>vulgatius</span> <span class='ocrx_word' id='word_1_240' title='bbox 686 1715 742 1745; x_wconf 90' lang='lat' dir='ltr'>filii</span> <span class='ocrx_word' id='word_1_241' title='bbox 773 1715 899 1756; x_wconf 78' lang='lat' dir='ltr'>prodigi</span> <span class='ocrx_word' id='word_1_242' title='bbox 932 1714 1068 1744; x_wconf 86' lang='lat' dir='ltr'>historia</span> <span class='ocrx_word' id='word_1_243' title='bbox 1095 1714 1207 1745; x_wconf 88' lang='lat' dir='ltr'>Lucae</span> 
     </span>
     <span class='ocr_line' id='line_1_45' title="bbox 388 1756 1207 1796; baseline -0.001 -9"><span class='ocrx_word' id='word_1_244' title='bbox 388 1757 460 1787; x_wconf 91' lang='lat' dir='ltr'>XV.</span> <span class='ocrx_word' id='word_1_245' title='bbox 485 1758 669 1788; x_wconf 80' lang='lat' dir='ltr'>confitentis</span> <span class='ocrx_word' id='word_1_246' title='bbox 694 1756 847 1788; x_wconf 90' lang='lat' dir='ltr'>delictum</span> <span class='ocrx_word' id='word_1_247' title='bbox 871 1767 975 1794; x_wconf 82' lang='lat' dir='ltr'>suum,</span> <span class='ocrx_word' id='word_1_248' title='bbox 999 1766 1095 1796; x_wconf 90' lang='lat' dir='ltr'>quem</span> <span class='ocrx_word' id='word_1_249' title='bbox 1113 1762 1207 1796; x_wconf 90' lang='lat' dir='ltr'>pater</span> 
     </span>
     <span class='ocr_line' id='line_1_46' title="bbox 388 1797 1207 1840; baseline -0.002 -10"><span class='ocrx_word' id='word_1_250' title='bbox 388 1810 484 1840; x_wconf 89' lang='lat' dir='ltr'>quam</span> <span class='ocrx_word' id='word_1_251' title='bbox 508 1806 653 1830; x_wconf 86' lang='lat' dir='ltr'>amanter</span> <span class='ocrx_word' id='word_1_252' title='bbox 671 1800 801 1840; x_wconf 87' lang='lat' dir='ltr'>excipit,</span> <span class='ocrx_word' id='word_1_253' title='bbox 821 1798 1059 1839; x_wconf 81' lang='lat' dir='ltr'>complectitur,</span> <span class='ocrx_word' id='word_1_254' title='bbox 1077 1797 1207 1828; x_wconf 88' lang='lat' dir='ltr'>oscula-</span> 
     </span>
     <span class='ocr_line' id='line_1_47' title="bbox 391 1839 1206 1880; baseline -0.002 -9"><span class='ocrx_word' id='word_1_255' title='bbox 391 1848 443 1872; x_wconf 89' lang='lat' dir='ltr'>tur</span> <span class='ocrx_word' id='word_1_256' title='bbox 466 1848 528 1872; x_wconf 89' lang='lat' dir='ltr'>etc.</span> <span class='ocrx_word' id='word_1_257' title='bbox 575 1841 685 1872; x_wconf 86' lang='lat' dir='ltr'>Lucae</span> <span class='ocrx_word' id='word_1_258' title='bbox 707 1841 749 1871; x_wconf 83' lang='lat' dir='ltr'>V.</span> <span class='ocrx_word' id='word_1_259' title='bbox 773 1841 892 1871; x_wconf 75' lang='lat' dir='ltr'>Petrus</span> <span class='ocrx_word' id='word_1_260' title='bbox 907 1863 909 1866; x_wconf 52' lang='grc'>,</span> <span class='ocrx_word' id='word_1_261' title='bbox 924 1839 1128 1880; x_wconf 80' lang='lat' dir='ltr'>stupefactus</span> <span class='ocrx_word' id='word_1_262' title='bbox 1151 1840 1206 1870; x_wconf 89' lang='lat' dir='ltr'>mi-</span> 
     </span>
     <span class='ocr_line' id='line_1_48' title="bbox 388 1880 1207 1924; baseline -0.002 -11"><span class='ocrx_word' id='word_1_263' title='bbox 388 1882 520 1920; x_wconf 86' lang='lat' dir='ltr'>raculo,</span> <span class='ocrx_word' id='word_1_264' title='bbox 550 1884 700 1924; x_wconf 87' lang='lat' dir='ltr'>adeoque</span> <span class='ocrx_word' id='word_1_265' title='bbox 724 1882 896 1923; x_wconf 85' lang='lat' dir='ltr'>perculsus</span> <span class='ocrx_word' id='word_1_266' title='bbox 921 1883 1020 1912; x_wconf 90' lang='lat' dir='ltr'>corde</span> <span class='ocrx_word' id='word_1_267' title='bbox 1044 1880 1207 1912; x_wconf 80' lang='lat' dir='ltr'>exclamat</span> 
     </span>
     <span class='ocr_line' id='line_1_49' title="bbox 389 1924 1206 1964; baseline -0.002 -9"><span class='ocrx_word' id='word_1_268' title='bbox 389 1928 453 1963; x_wconf 82' lang='lat' dir='ltr'>[vs.</span> <span class='ocrx_word' id='word_1_269' title='bbox 466 1925 536 1962; x_wconf 80' lang='lat'>8.:].</span> <span class='ocrx_word' id='word_1_270' title='bbox 561 1925 621 1955; x_wconf 77' lang='lat' dir='ltr'>Exi</span> <span class='ocrx_word' id='word_1_271' title='bbox 645 1936 664 1955; x_wconf 90' lang='lat' dir='ltr'>a</span> <span class='ocrx_word' id='word_1_272' title='bbox 687 1936 739 1956; x_wconf 93' lang='lat' dir='ltr'>me</span> <span class='ocrx_word' id='word_1_273' title='bbox 762 1925 901 1961; x_wconf 82' lang='lat' dir='ltr'>domine,</span> <span class='ocrx_word' id='word_1_274' title='bbox 920 1924 995 1964; x_wconf 84' lang='lat' dir='ltr'>quia</span> <span class='ocrx_word' id='word_1_275' title='bbox 1013 1924 1111 1954; x_wconf 86' lang='lat' dir='ltr'>homo</span> <span class='ocrx_word' id='word_1_276' title='bbox 1130 1933 1206 1963; x_wconf 91' lang='lat' dir='ltr'>pec-</span> 
     </span>
     <span class='ocr_line' id='line_1_50' title="bbox 391 1965 1207 2001; baseline -0.002 -4"><span class='ocrx_word' id='word_1_277' title='bbox 391 1972 482 1997; x_wconf 73' lang='lat' dir='ltr'>cator</span> <span class='ocrx_word' id='word_1_278' title='bbox 515 1976 597 1997; x_wconf 90' lang='lat' dir='ltr'>sum.</span> <span class='ocrx_word' id='word_1_279' title='bbox 644 1967 748 2001; x_wconf 86' lang='lat' dir='ltr'>Quem</span> <span class='ocrx_word' id='word_1_280' title='bbox 783 1965 973 1997; x_wconf 87' lang='lat' dir='ltr'>consolatur</span> <span class='ocrx_word' id='word_1_281' title='bbox 1006 1971 1039 1996; x_wconf 86' lang='lat' dir='ltr'>et</span> <span class='ocrx_word' id='word_1_282' title='bbox 1073 1971 1207 1996; x_wconf 85' lang='lat' dir='ltr'>revocat</span> 
     </span>
     <span class='ocr_line' id='line_1_51' title="bbox 388 2006 1206 2049; baseline -0.002 -10"><span class='ocrx_word' id='word_1_283' title='bbox 388 2008 550 2045; x_wconf 78' lang='lat' dir='ltr'>Christus.</span> <span class='ocrx_word' id='word_1_284' title='bbox 575 2019 647 2039; x_wconf 90' lang='lat' dir='ltr'>cum</span> <span class='ocrx_word' id='word_1_285' title='bbox 670 2009 787 2049; x_wconf 86' lang='lat' dir='ltr'>inquit,</span> <span class='ocrx_word' id='word_1_286' title='bbox 816 2007 890 2039; x_wconf 88' lang='lat' dir='ltr'>Noli</span> <span class='ocrx_word' id='word_1_287' title='bbox 914 2009 1026 2038; x_wconf 89' lang='lat' dir='ltr'>timere</span> <span class='ocrx_word' id='word_1_288' title='bbox 1049 2013 1111 2038; x_wconf 86' lang='lat' dir='ltr'>etc.</span> <span class='ocrx_word' id='word_1_289' title='bbox 1155 2006 1206 2037; x_wconf 82' lang='lat' dir='ltr'>Ex</span> 
     </span>
     <span class='ocr_line' id='line_1_52' title="bbox 389 2048 1206 2091; baseline -0.002 -10"><span class='ocrx_word' id='word_1_290' title='bbox 389 2051 440 2081; x_wconf 87' lang='lat' dir='ltr'>his</span> <span class='ocrx_word' id='word_1_291' title='bbox 469 2050 657 2091; x_wconf 80' lang='lat' dir='ltr'>exem&#39;plis</span> <span class='ocrx_word' id='word_1_292' title='bbox 688 2051 787 2081; x_wconf 89' lang='lat' dir='ltr'>credo</span> <span class='ocrx_word' id='word_1_293' title='bbox 816 2060 917 2091; x_wconf 89' lang='lat' dir='ltr'>posse</span> <span class='ocrx_word' id='word_1_294' title='bbox 946 2048 1101 2091; x_wconf 77' lang='lat' dir='ltr'>intelligi,</span> <span class='ocrx_word' id='word_1_295' title='bbox 1130 2049 1206 2090; x_wconf 87' lang='lat' dir='ltr'>quid</span> 
     </span>
     <span class='ocr_line' id='line_1_53' title="bbox 388 2092 1206 2133; baseline -0.001 -10"><span class='ocrx_word' id='word_1_296' title='bbox 388 2093 471 2124; x_wconf 90' lang='lat' dir='ltr'>inter</span> <span class='ocrx_word' id='word_1_297' title='bbox 504 2092 611 2133; x_wconf 88' lang='lat' dir='ltr'>legem</span> <span class='ocrx_word' id='word_1_298' title='bbox 645 2099 675 2123; x_wconf 91' lang='lat' dir='ltr'>et</span> <span class='ocrx_word' id='word_1_299' title='bbox 698 2092 913 2133; x_wconf 82' lang='lat' dir='ltr'>Evangelium</span> <span class='ocrx_word' id='word_1_300' title='bbox 946 2093 1088 2129; x_wconf 85' lang='lat' dir='ltr'>intersit,</span> <span class='ocrx_word' id='word_1_301' title='bbox 1122 2102 1206 2132; x_wconf 90' lang='lat' dir='ltr'>quae</span> 
     </span>
     <span class='ocr_line' id='line_1_54' title="bbox 387 2133 1205 2176; baseline -0.002 -11"><span class='ocrx_word' id='word_1_302' title='bbox 387 2136 437 2165; x_wconf 81' lang='lat' dir='ltr'>vis</span> <span class='ocrx_word' id='word_1_303' title='bbox 461 2135 502 2165; x_wconf 87' lang='lat' dir='ltr'>sit</span> <span class='ocrx_word' id='word_1_304' title='bbox 525 2134 624 2175; x_wconf 88' lang='lat' dir='ltr'>legis,</span> <span class='ocrx_word' id='word_1_305' title='bbox 655 2144 739 2175; x_wconf 89' lang='lat' dir='ltr'>quae</span> <span class='ocrx_word' id='word_1_306' title='bbox 762 2133 943 2176; x_wconf 78' lang='lat' dir='ltr'>Evangelii.</span> <span class='ocrx_word' id='word_1_307' title='bbox 995 2134 1065 2164; x_wconf 81' lang='lat' dir='ltr'>Lex</span> <span class='ocrx_word' id='word_1_308' title='bbox 1094 2139 1205 2170; x_wconf 87' lang='lat' dir='ltr'>terret,</span> 
     </span>
     <span class='ocr_line' id='line_1_55' title="bbox 387 2176 1206 2217; baseline -0.001 -11"><span class='ocrx_word' id='word_1_309' title='bbox 387 2176 602 2217; x_wconf 85' lang='lat' dir='ltr'>Evangelium</span> <span class='ocrx_word' id='word_1_310' title='bbox 627 2176 827 2207; x_wconf 88' lang='lat' dir='ltr'>consolatur.</span> <span class='ocrx_word' id='word_1_311' title='bbox 883 2176 953 2206; x_wconf 87' lang='lat' dir='ltr'>Lex</span> <span class='ocrx_word' id='word_1_312' title='bbox 975 2177 1044 2207; x_wconf 89' lang='lat' dir='ltr'>irae</span> <span class='ocrx_word' id='word_1_313' title='bbox 1067 2186 1131 2206; x_wconf 77' lang='lat' dir='ltr'>vox</span> <span class='ocrx_word' id='word_1_314' title='bbox 1155 2182 1206 2206; x_wconf 87' lang='lat' dir='ltr'>est</span> 
     </span>
     <span class='ocr_line' id='line_1_56' title="bbox 388 2218 1205 2259; baseline -0.002 -10"><span class='ocrx_word' id='word_1_315' title='bbox 388 2225 419 2249; x_wconf 87' lang='lat' dir='ltr'>et</span> <span class='ocrx_word' id='word_1_316' title='bbox 444 2220 566 2255; x_wconf 74' lang='lat' dir='ltr'>mortis,</span> <span class='ocrx_word' id='word_1_317' title='bbox 590 2218 803 2259; x_wconf 84' lang='lat' dir='ltr'>Evangelium</span> <span class='ocrx_word' id='word_1_318' title='bbox 827 2219 919 2259; x_wconf 87' lang='lat' dir='ltr'>pacis</span> <span class='ocrx_word' id='word_1_319' title='bbox 943 2224 974 2248; x_wconf 88' lang='lat' dir='ltr'>et</span> <span class='ocrx_word' id='word_1_320' title='bbox 998 2219 1095 2255; x_wconf 73' lang='lat' dir='ltr'>w&#39;tae,</span> <span class='ocrx_word' id='word_1_321' title='bbox 1119 2224 1151 2248; x_wconf 88' lang='lat' dir='ltr'>et</span> <span class='ocrx_word' id='word_1_322' title='bbox 1174 2219 1205 2247; x_wconf 91' lang='lat' dir='ltr'>in</span> 
     </span>
     <span class='ocr_line' id='line_1_57' title="bbox 388 2261 1202 2300; baseline -0.001 -10"><span class='ocrx_word' id='word_1_323' title='bbox 388 2270 512 2291; x_wconf 83' lang='lat' dir='ltr'>summa</span> <span class='ocrx_word' id='word_1_324' title='bbox 544 2272 607 2290; x_wconf 76' lang='lat' dir='ltr'>vox</span> <span class='ocrx_word' id='word_1_325' title='bbox 636 2261 749 2300; x_wconf 73' lang='lat' dir='ltr'>sponsi</span> <span class='ocrx_word' id='word_1_326' title='bbox 780 2266 811 2290; x_wconf 87' lang='lat' dir='ltr'>et</span> <span class='ocrx_word' id='word_1_327' title='bbox 836 2270 989 2300; x_wconf 76' lang='lat' dir='ltr'>sponsae,</span> <span class='ocrx_word' id='word_1_328' title='bbox 1004 2262 1006 2271; x_wconf 81' lang='lat'><em>&#39;</em></span> <span class='ocrx_word' id='word_1_329' title='bbox 1021 2261 1105 2290; x_wconf 83' lang='lat' dir='ltr'>sicut</span> <span class='ocrx_word' id='word_1_330' title='bbox 1128 2269 1202 2300; x_wconf 91' lang='lat' dir='ltr'>pro-</span> 
     </span>
     <span class='ocr_line' id='line_1_58' title="bbox 387 2301 1205 2343; baseline -0.001 -11"><span class='ocrx_word' id='word_1_331' title='bbox 387 2302 487 2342; x_wconf 89' lang='lat' dir='ltr'>pheta</span> <span class='ocrx_word' id='word_1_332' title='bbox 510 2303 595 2332; x_wconf 81' lang='lat' dir='ltr'>dicit.</span> <span class='ocrx_word' id='word_1_333' title='bbox 632 2303 672 2333; x_wconf 86' lang='lat' dir='ltr'>Et</span> <span class='ocrx_word' id='word_1_334' title='bbox 695 2303 749 2343; x_wconf 84' lang='lat' dir='ltr'>qui</span> <span class='ocrx_word' id='word_1_335' title='bbox 773 2304 820 2333; x_wconf 89' lang='lat' dir='ltr'>sic</span> <span class='ocrx_word' id='word_1_336' title='bbox 845 2308 973 2332; x_wconf 82' lang='lat' dir='ltr'>erectus</span> <span class='ocrx_word' id='word_1_337' title='bbox 997 2312 1080 2332; x_wconf 73' lang='lat' dir='ltr'>voce</span> <span class='ocrx_word' id='word_1_338' title='bbox 1098 2301 1205 2332; x_wconf 79' lang='lat' dir='ltr'>Evan-</span> 
     </span>
     <span class='ocr_line' id='line_1_59' title="bbox 388 2344 1204 2385; baseline -0.001 -11"><span class='ocrx_word' id='word_1_339' title='bbox 388 2344 476 2385; x_wconf 83' lang='lat' dir='ltr'>gelii,</span> <span class='ocrx_word' id='word_1_340' title='bbox 500 2345 601 2374; x_wconf 83' lang='lat' dir='ltr'>credit</span> <span class='ocrx_word' id='word_1_341' title='bbox 626 2346 698 2381; x_wconf 69' lang='lat' dir='ltr'>deo,</span> <span class='ocrx_word' id='word_1_342' title='bbox 722 2346 749 2374; x_wconf 68' lang='lat' dir='ltr'>is</span> <span class='ocrx_word' id='word_1_343' title='bbox 774 2346 835 2375; x_wconf 82' lang='lat' dir='ltr'>iam</span> <span class='ocrx_word' id='word_1_344' title='bbox 868 2344 1058 2375; x_wconf 81' lang='lat' dir='ltr'>iustificatus</span> <span class='ocrx_word' id='word_1_345' title='bbox 1073 2346 1100 2377; x_wconf 72' lang='lat'>¹2)</span> <span class='ocrx_word' id='word_1_346' title='bbox 1143 2350 1204 2381; x_wconf 81' lang='lat' dir='ltr'>est,</span> 
     </span>
    </p>
   </div>
   <div class='ocr_carea' id='block_1_8' title="bbox 273 2486 1204 2517">
    <p class='ocr_par' dir='ltr' id='par_1_8' title="bbox 273 2486 1204 2517">
     <span class='ocr_line' id='line_1_60' title="bbox 273 2486 1204 2517; baseline -0.001 -7"><span class='ocrx_word' id='word_1_347' title='bbox 273 2488 301 2515; x_wconf 79' lang='grc'>2)</span> <span class='ocrx_word' id='word_1_348' title='bbox 321 2487 346 2510; x_wconf 90' lang='lat' dir='ltr'>In</span> <span class='ocrx_word' id='word_1_349' title='bbox 367 2493 445 2514; x_wconf 54' lang='lat' dir='ltr'>ware.</span> <span class='ocrx_word' id='word_1_350' title='bbox 465 2487 536 2512; x_wconf 79' lang='lat' dir='ltr'>Editl.</span> <span class='ocrx_word' id='word_1_351' title='bbox 557 2488 579 2511; x_wconf 71' lang='lat'>2.</span> <span class='ocrx_word' id='word_1_352' title='bbox 602 2489 624 2511; x_wconf 92' lang='grc'>7.</span> <span class='ocrx_word' id='word_1_353' title='bbox 645 2491 668 2511; x_wconf 88' lang='lat' dir='ltr'>ct</span> <span class='ocrx_word' id='word_1_354' title='bbox 689 2488 713 2511; x_wconf 70' lang='lat' dir='ltr'>Ili</span> <span class='ocrx_word' id='word_1_355' title='bbox 733 2487 854 2512; x_wconf 60' lang='lat' dir='ltr'>Genesin:</span> <span class='ocrx_word' id='word_1_356' title='bbox 884 2486 1027 2511; x_wconf 68' lang='lat' dir='ltr'>[ustificatio</span> <span class='ocrx_word' id='word_1_357' title='bbox 1046 2487 1113 2517; x_wconf 84' lang='lat' dir='ltr'>quid.</span> <span class='ocrx_word' id='word_1_358' title='bbox 1135 2488 1204 2515; x_wconf 81' lang='lat' dir='ltr'>(om.</span> 
     </span>
    </p>
   </div>
   <div class='ocr_carea' id='block_1_9' title="bbox 320 2521 391 2544">
    <p class='ocr_par' dir='ltr' id='par_1_9' title="bbox 320 2521 391 2544">
     <span class='ocr_line' id='line_1_61' title="bbox 320 2521 391 2544; baseline 0 0"><span class='ocrx_word' id='word_1_359' title='bbox 320 2521 360 2544; x_wconf 81' lang='lat' dir='ltr'>Ed.</span> <span class='ocrx_word' id='word_1_360' title='bbox 387 2523 391 2544; x_wconf 65' lang='grc' dir='ltr'><strong><em>ὲ</em></strong></span> 
     </span>
    </p>
   </div>
   <div class='ocr_carea' id='block_1_10' title="bbox 1243 209 2065 987">
    <p class='ocr_par' dir='ltr' id='par_1_10' title="bbox 1243 209 2065 987">
     <span class='ocr_line' id='line_1_62' title="bbox 1767 209 2062 243; baseline 0.014 -4"><span class='ocrx_word' id='word_1_361' title='bbox 1767 209 1840 240; x_wconf 89' lang='lat' dir='ltr'>Non</span> <span class='ocrx_word' id='word_1_362' title='bbox 1871 216 1921 240; x_wconf 86' lang='lat' dir='ltr'>est</span> <span class='ocrx_word' id='word_1_363' title='bbox 1944 212 2062 243; x_wconf 85' lang='lat' dir='ltr'>obscu-</span> 
     </span>
     <span class='ocr_line' id='line_1_63' title="bbox 1244 247 2064 293; baseline 0.01 -17"><span class='ocrx_word' id='word_1_364' title='bbox 1244 257 1314 277; x_wconf 89' lang='lat' dir='ltr'>rum</span> <span class='ocrx_word' id='word_1_365' title='bbox 1337 247 1540 286; x_wconf 79' lang='lat' dir='ltr'>Christianis,</span> <span class='ocrx_word' id='word_1_366' title='bbox 1576 255 1730 289; x_wconf 90' lang='lat' dir='ltr'>quantum</span> <span class='ocrx_word' id='word_1_367' title='bbox 1753 251 1880 290; x_wconf 89' lang='lat' dir='ltr'>gaudii,</span> <span class='ocrx_word' id='word_1_368' title='bbox 1909 259 2064 293; x_wconf 86' lang='lat' dir='ltr'>quantum</span> 
     </span>
     <span class='ocr_line' id='line_1_64' title="bbox 1244 287 2062 334; baseline 0.009 -15"><span class='ocrx_word' id='word_1_369' title='bbox 1244 287 1385 319; x_wconf 87' lang='lat' dir='ltr'>laetitiae</span> <span class='ocrx_word' id='word_1_370' title='bbox 1408 291 1471 321; x_wconf 85' lang='lat' dir='ltr'>ista</span> <span class='ocrx_word' id='word_1_371' title='bbox 1495 290 1678 321; x_wconf 84' lang='lat' dir='ltr'>consolatio</span> <span class='ocrx_word' id='word_1_372' title='bbox 1699 290 1836 323; x_wconf 84' lang='lat' dir='ltr'>adferat.</span> <span class='ocrx_word' id='word_1_373' title='bbox 1868 293 1978 334; x_wconf 86' lang='lat' dir='ltr'>Atque</span> <span class='ocrx_word' id='word_1_374' title='bbox 1997 294 2062 326; x_wconf 92' lang='lat' dir='ltr'>huc</span> 
     </span>
     <span class='ocr_line' id='line_1_65' title="bbox 1244 331 2064 375; baseline 0.009 -14"><span class='ocrx_word' id='word_1_375' title='bbox 1244 332 1413 371; x_wconf 70' lang='lat' dir='ltr'>pei-timent</span> <span class='ocrx_word' id='word_1_376' title='bbox 1444 331 1551 363; x_wconf 88' lang='lat' dir='ltr'>laetae</span> <span class='ocrx_word' id='word_1_377' title='bbox 1581 331 1655 363; x_wconf 88' lang='lat' dir='ltr'>illae</span> <span class='ocrx_word' id='word_1_378' title='bbox 1688 333 1921 374; x_wconf 87' lang='lat' dir='ltr'>prophetarum</span> <span class='ocrx_word' id='word_1_379' title='bbox 1950 346 2064 375; x_wconf 77' lang='lat' dir='ltr'>voceS,</span> 
     </span>
     <span class='ocr_line' id='line_1_66' title="bbox 1244 373 2062 412; baseline 0.009 -10"><span class='ocrx_word' id='word_1_380' title='bbox 1244 373 1361 412; x_wconf 86' lang='lat' dir='ltr'>quibus</span> <span class='ocrx_word' id='word_1_381' title='bbox 1395 374 1582 404; x_wconf 83' lang='lat' dir='ltr'>describunt</span> <span class='ocrx_word' id='word_1_382' title='bbox 1611 373 1775 405; x_wconf 77' lang='lat' dir='ltr'>Christmn</span> <span class='ocrx_word' id='word_1_383' title='bbox 1810 382 1841 406; x_wconf 89' lang='lat' dir='ltr'>et</span> <span class='ocrx_word' id='word_1_384' title='bbox 1867 376 2062 409; x_wconf 88' lang='lat' dir='ltr'>Ecclesiam.</span> 
     </span>
     <span class='ocr_line' id='line_1_67' title="bbox 1243 413 2061 460; baseline 0.009 -16"><span class='ocrx_word' id='word_1_385' title='bbox 1243 413 1364 445; x_wconf 85' lang='lat' dir='ltr'>Esaiae</span> <span class='ocrx_word' id='word_1_386' title='bbox 1386 414 1519 445; x_wconf 86' lang='lat' dir='ltr'><strong>XXXII.</strong></span> <span class='ocrx_word' id='word_1_387' title='bbox 1543 419 1606 453; x_wconf 77' lang='lat' dir='ltr'>[vs.</span> <span class='ocrx_word' id='word_1_388' title='bbox 1632 416 1712 454; x_wconf 78' lang='lat'>18.:1</span> <span class='ocrx_word' id='word_1_389' title='bbox 1748 416 1789 447; x_wconf 86' lang='lat' dir='ltr'>Et.</span> <span class='ocrx_word' id='word_1_390' title='bbox 1812 418 1940 449; x_wconf 86' lang='lat' dir='ltr'>sedebit</span> <span class='ocrx_word' id='word_1_391' title='bbox 1958 430 2061 460; x_wconf 89' lang='lat' dir='ltr'>popu-</span> 
     </span>
     <span class='ocr_line' id='line_1_68' title="bbox 1244 454 2064 499; baseline 0.009 -14"><span class='ocrx_word' id='word_1_392' title='bbox 1244 454 1294 486; x_wconf 92' lang='lat' dir='ltr'>lus</span> <span class='ocrx_word' id='word_1_393' title='bbox 1329 466 1419 487; x_wconf 84' lang='lat' dir='ltr'>meus</span> <span class='ocrx_word' id='word_1_394' title='bbox 1450 458 1481 487; x_wconf 92' lang='lat' dir='ltr'>in</span> <span class='ocrx_word' id='word_1_395' title='bbox 1511 457 1752 497; x_wconf 81' lang='lat' dir='ltr'>pulchritudine</span> <span class='ocrx_word' id='word_1_396' title='bbox 1774 460 1885 499; x_wconf 82' lang='lat' dir='ltr'>pacis,</span> <span class='ocrx_word' id='word_1_397' title='bbox 1908 466 1940 490; x_wconf 88' lang='lat' dir='ltr'>et</span> <span class='ocrx_word' id='word_1_398' title='bbox 1963 462 1996 491; x_wconf 92' lang='lat' dir='ltr'>in</span> <span class='ocrx_word' id='word_1_399' title='bbox 2015 467 2064 492; x_wconf 90' lang='lat' dir='ltr'>ta-</span> 
     </span>
     <span class='ocr_line' id='line_1_69' title="bbox 1246 497 2063 542; baseline 0.009 -15"><span class='ocrx_word' id='word_1_400' title='bbox 1246 497 1431 529; x_wconf 84' lang='lat' dir='ltr'>bernaculis</span> <span class='ocrx_word' id='word_1_401' title='bbox 1465 498 1603 530; x_wconf 81' lang='lat' dir='ltr'>fiduciae</span> <span class='ocrx_word' id='word_1_402' title='bbox 1634 507 1665 531; x_wconf 87' lang='lat' dir='ltr'>ct</span> <span class='ocrx_word' id='word_1_403' title='bbox 1694 501 1725 530; x_wconf 90' lang='lat' dir='ltr'>in</span> <span class='ocrx_word' id='word_1_404' title='bbox 1755 502 1867 541; x_wconf 88' lang='lat' dir='ltr'>requie</span> <span class='ocrx_word' id='word_1_405' title='bbox 1898 501 2063 542; x_wconf 85' lang='lat' dir='ltr'>opulenta.</span> 
     </span>
     <span class='ocr_line' id='line_1_70' title="bbox 1244 539 2065 581; baseline 0.007 -12"><span class='ocrx_word' id='word_1_406' title='bbox 1244 539 1322 569; x_wconf 91' lang='lat' dir='ltr'>Item</span> <span class='ocrx_word' id='word_1_407' title='bbox 1345 541 1497 581; x_wconf 84' lang='lat' dir='ltr'>gaudium</span> <span class='ocrx_word' id='word_1_408' title='bbox 1520 548 1552 571; x_wconf 72' lang='lat' dir='ltr'>etv</span> <span class='ocrx_word' id='word_1_409' title='bbox 1574 541 1695 572; x_wconf 87' lang='lat' dir='ltr'>laetitia</span> <span class='ocrx_word' id='word_1_410' title='bbox 1712 540 1716 567; x_wconf 74' lang='lat' dir='ltr'>l</span> <span class='ocrx_word' id='word_1_411' title='bbox 1731 543 1912 574; x_wconf 86' lang='lat' dir='ltr'>invenietur</span> <span class='ocrx_word' id='word_1_412' title='bbox 1935 544 1968 574; x_wconf 94' lang='lat' dir='ltr'>in</span> <span class='ocrx_word' id='word_1_413' title='bbox 1981 555 2021 575; x_wconf 89' lang='lat' dir='ltr'>ea</span> <span class='ocrx_word' id='word_1_414' title='bbox 2033 551 2065 576; x_wconf 88' lang='lat' dir='ltr'>et</span> 
     </span>
     <span class='ocr_line' id='line_1_71' title="bbox 1244 579 2064 622; baseline 0.009 -12"><span class='ocrx_word' id='word_1_415' title='bbox 1244 591 1310 610; x_wconf 77' lang='lat' dir='ltr'>vox</span> <span class='ocrx_word' id='word_1_416' title='bbox 1328 579 1444 611; x_wconf 80' lang='lat' dir='ltr'>laudis.</span> <span class='ocrx_word' id='word_1_417' title='bbox 1489 582 1595 614; x_wconf 86' lang='lat' dir='ltr'>Hiere.</span> <span class='ocrx_word' id='word_1_418' title='bbox 1619 583 1765 615; x_wconf 84' lang='lat' dir='ltr'><strong>XXXIII.</strong></span> <span class='ocrx_word' id='word_1_419' title='bbox 1790 588 1851 622; x_wconf 89' lang='lat' dir='ltr'>[vs.</span> <span class='ocrx_word' id='word_1_420' title='bbox 1875 585 1934 622; x_wconf 81' lang='lat'>6.:1</span> <span class='ocrx_word' id='word_1_421' title='bbox 1959 585 2064 617; x_wconf 88' lang='lat' dir='ltr'>Reve-</span> 
     </span>
     <span class='ocr_line' id='line_1_72' title="bbox 1244 621 2065 666; baseline 0.01 -15"><span class='ocrx_word' id='word_1_422' title='bbox 1244 621 1321 653; x_wconf 87' lang='lat' dir='ltr'>labo</span> <span class='ocrx_word' id='word_1_423' title='bbox 1357 622 1419 654; x_wconf 88' lang='lat' dir='ltr'>illis</span> <span class='ocrx_word' id='word_1_424' title='bbox 1444 624 1709 665; x_wconf 87' lang='lat' dir='ltr'>deprecationem</span> <span class='ocrx_word' id='word_1_425' title='bbox 1732 627 1824 666; x_wconf 85' lang='lat' dir='ltr'>pacis</span> <span class='ocrx_word' id='word_1_426' title='bbox 1850 633 1882 657; x_wconf 89' lang='lat' dir='ltr'>et</span> <span class='ocrx_word' id='word_1_427' title='bbox 1904 629 2065 666; x_wconf 81' lang='lat' dir='ltr'>veritatis,</span> 
     </span>
     <span class='ocr_line' id='line_1_73' title="bbox 1243 663 2065 710; baseline 0.01 -17"><span class='ocrx_word' id='word_1_428' title='bbox 1243 663 1285 694; x_wconf 91' lang='lat' dir='ltr'>Et</span> <span class='ocrx_word' id='word_1_429' title='bbox 1313 666 1373 695; x_wconf 88' lang='lat' dir='ltr'>erit</span> <span class='ocrx_word' id='word_1_430' title='bbox 1407 665 1482 696; x_wconf 88' lang='lat' dir='ltr'>mihi</span> <span class='ocrx_word' id='word_1_431' title='bbox 1514 667 1545 697; x_wconf 91' lang='lat' dir='ltr'>in</span> <span class='ocrx_word' id='word_1_432' title='bbox 1576 678 1695 698; x_wconf 90' lang='lat' dir='ltr'>nomen</span> <span class='ocrx_word' id='word_1_433' title='bbox 1723 674 1755 699; x_wconf 90' lang='lat' dir='ltr'>et</span> <span class='ocrx_word' id='word_1_434' title='bbox 1786 669 1818 699; x_wconf 92' lang='lat' dir='ltr'>in</span> <span class='ocrx_word' id='word_1_435' title='bbox 1848 670 2001 710; x_wconf 89' lang='lat' dir='ltr'>gaudium</span> <span class='ocrx_word' id='word_1_436' title='bbox 2032 677 2065 701; x_wconf 87' lang='lat' dir='ltr'>et</span> 
     </span>
     <span class='ocr_line' id='line_1_74' title="bbox 1244 704 2064 752; baseline 0.009 -17"><span class='ocrx_word' id='word_1_437' title='bbox 1244 704 1373 737; x_wconf 86' lang='lat' dir='ltr'>laudem</span> <span class='ocrx_word' id='word_1_438' title='bbox 1397 713 1428 737; x_wconf 88' lang='lat' dir='ltr'>et</span> <span class='ocrx_word' id='word_1_439' title='bbox 1440 707 1672 740; x_wconf 80' lang='lat' dir='ltr'>exultationem</span> <span class='ocrx_word' id='word_1_440' title='bbox 1696 711 1822 741; x_wconf 73' lang='lat' dir='ltr'>cunctis</span> <span class='ocrx_word' id='word_1_441' title='bbox 1835 712 1987 752; x_wconf 86' lang='lat' dir='ltr'>gentibus</span> <span class='ocrx_word' id='word_1_442' title='bbox 1999 718 2064 742; x_wconf 89' lang='lat' dir='ltr'>ter-</span> 
     </span>
     <span class='ocr_line' id='line_1_75' title="bbox 1244 748 2064 794; baseline 0.01 -17"><span class='ocrx_word' id='word_1_443' title='bbox 1244 758 1311 778; x_wconf 90' lang='lat' dir='ltr'>rae.</span> <span class='ocrx_word' id='word_1_444' title='bbox 1358 748 1502 789; x_wconf 87' lang='lat' dir='ltr'>Sophon.</span> <span class='ocrx_word' id='word_1_445' title='bbox 1537 751 1588 780; x_wconf 91' lang='lat' dir='ltr'><strong>III.</strong></span> <span class='ocrx_word' id='word_1_446' title='bbox 1622 755 1683 789; x_wconf 87' lang='lat' dir='ltr'>[vs.</span> <span class='ocrx_word' id='word_1_447' title='bbox 1707 752 1770 790; x_wconf 81' lang='lat'>9.:]</span> <span class='ocrx_word' id='word_1_448' title='bbox 1793 752 1940 783; x_wconf 89' lang='lat' dir='ltr'>Reddam</span> <span class='ocrx_word' id='word_1_449' title='bbox 1962 763 2064 794; x_wconf 89' lang='lat' dir='ltr'>popu-</span> 
     </span>
     <span class='ocr_line' id='line_1_76' title="bbox 1244 788 2061 830; baseline 0.01 -12"><span class='ocrx_word' id='word_1_450' title='bbox 1244 788 1283 819; x_wconf 86' lang='lat' dir='ltr'>lis</span> <span class='ocrx_word' id='word_1_451' title='bbox 1300 792 1303 811; x_wconf 60' lang='lat'>1</span> <span class='ocrx_word' id='word_1_452' title='bbox 1318 788 1440 821; x_wconf 80' lang='lat' dir='ltr'>labium</span> <span class='ocrx_word' id='word_1_453' title='bbox 1463 790 1614 830; x_wconf 82' lang='lat' dir='ltr'>electum,</span> <span class='ocrx_word' id='word_1_454' title='bbox 1633 800 1667 824; x_wconf 90' lang='lat' dir='ltr'>ut</span> <span class='ocrx_word' id='word_1_455' title='bbox 1690 794 1843 825; x_wconf 83' lang='lat' dir='ltr'>invocent</span> <span class='ocrx_word' id='word_1_456' title='bbox 1867 805 1980 826; x_wconf 88' lang='lat' dir='ltr'>omnes</span> <span class='ocrx_word' id='word_1_457' title='bbox 2003 805 2061 826; x_wconf 89' lang='lat' dir='ltr'>no-</span> 
     </span>
     <span class='ocr_line' id='line_1_77' title="bbox 1244 832 2063 874; baseline 0.009 -13"><span class='ocrx_word' id='word_1_458' title='bbox 1244 841 1317 862; x_wconf 91' lang='lat' dir='ltr'>men</span> <span class='ocrx_word' id='word_1_459' title='bbox 1340 832 1470 862; x_wconf 88' lang='lat' dir='ltr'>domini.</span> <span class='ocrx_word' id='word_1_460' title='bbox 1515 833 1604 864; x_wconf 89' lang='lat' dir='ltr'>Psal.</span> <span class='ocrx_word' id='word_1_461' title='bbox 1627 834 1700 865; x_wconf 90' lang='lat' dir='ltr'><strong>XX.</strong></span> <span class='ocrx_word' id='word_1_462' title='bbox 1726 839 1786 872; x_wconf 75' lang='lat' dir='ltr'>[vs.</span> <span class='ocrx_word' id='word_1_463' title='bbox 1812 836 1840 866; x_wconf 89' lang='lat'>7.</span> <span class='ocrx_word' id='word_1_464' title='bbox 1850 839 1871 874; x_wconf 72' lang='grc' dir='ltr'>ε]</span> <span class='ocrx_word' id='word_1_465' title='bbox 1892 836 2063 868; x_wconf 86' lang='lat' dir='ltr'>Laetifica-</span> 
     </span>
     <span class='ocr_line' id='line_1_78' title="bbox 1245 873 2062 916; baseline 0.007 -14"><span class='ocrx_word' id='word_1_466' title='bbox 1245 873 1295 903; x_wconf 86' lang='lat' dir='ltr'>bis</span> <span class='ocrx_word' id='word_1_467' title='bbox 1325 882 1398 903; x_wconf 89' lang='lat' dir='ltr'>eum</span> <span class='ocrx_word' id='word_1_468' title='bbox 1423 875 1542 915; x_wconf 86' lang='lat' dir='ltr'>gaudio</span> <span class='ocrx_word' id='word_1_469' title='bbox 1572 881 1633 906; x_wconf 87' lang='lat' dir='ltr'>etc.</span> <span class='ocrx_word' id='word_1_470' title='bbox 1679 876 1720 906; x_wconf 87' lang='lat' dir='ltr'>Et</span> <span class='ocrx_word' id='word_1_471' title='bbox 1749 876 1865 907; x_wconf 89' lang='lat' dir='ltr'><strong>XCVI.</strong></span> <span class='ocrx_word' id='word_1_472' title='bbox 1891 882 1954 915; x_wconf 80' lang='lat' dir='ltr'>[vs.</span> <span class='ocrx_word' id='word_1_473' title='bbox 1981 879 2062 916; x_wconf 84' lang='lat'>11.:]</span> 
     </span>
     <span class='ocr_line' id='line_1_79' title="bbox 1244 914 2064 963; baseline 0.006 -19"><span class='ocrx_word' id='word_1_474' title='bbox 1244 914 1316 963; x_wconf 72' lang='lat' dir='ltr'>Lux</span> <span class='ocrx_word' id='word_1_475' title='bbox 1351 921 1424 946; x_wconf 89' lang='lat' dir='ltr'>orta</span> <span class='ocrx_word' id='word_1_476' title='bbox 1460 922 1511 946; x_wconf 88' lang='lat' dir='ltr'>est</span> <span class='ocrx_word' id='word_1_477' title='bbox 1540 917 1625 948; x_wconf 88' lang='lat' dir='ltr'>iusto</span> <span class='ocrx_word' id='word_1_478' title='bbox 1655 924 1684 947; x_wconf 92' lang='lat' dir='ltr'>et</span> <span class='ocrx_word' id='word_1_479' title='bbox 1715 919 1813 948; x_wconf 83' lang='lat' dir='ltr'>rectis</span> <span class='ocrx_word' id='word_1_480' title='bbox 1844 919 1943 949; x_wconf 90' lang='lat' dir='ltr'>corde</span> <span class='ocrx_word' id='word_1_481' title='bbox 1973 918 2064 950; x_wconf 86' lang='lat' dir='ltr'>laeti-</span> 
     </span>
     <span class='ocr_line' id='line_1_80' title="bbox 1244 962 1299 987; baseline 0 -1"><span class='ocrx_word' id='word_1_482' title='bbox 1244 962 1299 987; x_wconf 81' lang='lat' dir='ltr'>tia.</span> 
     </span>
    </p>
   </div>
   <div class='ocr_carea' id='block_1_11' title="bbox 1244 207 1721 247">
    <p class='ocr_par' dir='ltr' id='par_1_11' title="bbox 1244 207 1721 247">
     <span class='ocr_line' id='line_1_81' title="bbox 1244 207 1721 247; baseline 0.006 -12"><span class='ocrx_word' id='word_1_483' title='bbox 1244 211 1278 235; x_wconf 90' lang='lat' dir='ltr'>ut</span> <span class='ocrx_word' id='word_1_484' title='bbox 1308 215 1383 236; x_wconf 86' lang='lat' dir='ltr'>mox</span> <span class='ocrx_word' id='word_1_485' title='bbox 1411 207 1576 247; x_wconf 86' lang='lat' dir='ltr'>copiosius</span> <span class='ocrx_word' id='word_1_486' title='bbox 1606 208 1721 238; x_wconf 89' lang='lat' dir='ltr'>dicam.</span> 
     </span>
    </p>
   </div>
   <div class='ocr_carea' id='block_1_12' title="bbox 1219 1039 2069 2550">
    <p class='ocr_par' dir='ltr' id='par_1_12' title="bbox 1219 1039 2065 1155">
     <span class='ocr_line' id='line_1_82' title="bbox 1288 1039 2063 1084; baseline 0.006 -14"><span class='ocrx_word' id='word_1_487' title='bbox 1288 1039 1329 1070; x_wconf 91' lang='lat' dir='ltr'>Et</span> <span class='ocrx_word' id='word_1_488' title='bbox 1375 1040 1429 1071; x_wconf 88' lang='lat' dir='ltr'>uid</span> <span class='ocrx_word' id='word_1_489' title='bbox 1452 1042 1566 1072; x_wconf 84' lang='lat' dir='ltr'>attinet</span> <span class='ocrx_word' id='word_1_490' title='bbox 1589 1041 1689 1073; x_wconf 88' lang='lat' dir='ltr'>multa</span> <span class='ocrx_word' id='word_1_491' title='bbox 1712 1052 1905 1083; x_wconf 86' lang='lat' dir='ltr'>congerere,</span> <span class='ocrx_word' id='word_1_492' title='bbox 1929 1054 2002 1075; x_wconf 89' lang='lat' dir='ltr'>cum</span> <span class='ocrx_word' id='word_1_493' title='bbox 2015 1054 2063 1084; x_wconf 67' lang='lat' dir='ltr'>en¹</span> 
     </span>
     <span class='ocr_line' id='line_1_83' title="bbox 1219 1083 2065 1155; baseline 0.006 -44"><span class='ocrx_word' id='word_1_494' title='bbox 1219 1091 1338 1155; x_wconf 35' lang='lat' dir='ltr'>AEprom</span> <span class='ocrx_word' id='word_1_495' title='bbox 1374 1083 1505 1123; x_wconf 86' lang='lat' dir='ltr'>gatione</span> <span class='ocrx_word' id='word_1_496' title='bbox 1534 1083 1633 1125; x_wconf 84' lang='lat' dir='ltr'>legis,</span> <span class='ocrx_word' id='word_1_497' title='bbox 1672 1086 1748 1115; x_wconf 88' lang='lat' dir='ltr'>item</span> <span class='ocrx_word' id='word_1_498' title='bbox 1785 1096 1826 1116; x_wconf 87' lang='lat' dir='ltr'>ex</span> <span class='ocrx_word' id='word_1_499' title='bbox 1857 1084 1978 1116; x_wconf 85' lang='lat' dir='ltr'>Christi</span> <span class='ocrx_word' id='word_1_500' title='bbox 2009 1087 2065 1117; x_wconf 89' lang='lat' dir='ltr'>ad-</span> 
     </span>
    </p>

    <p class='ocr_par' dir='ltr' id='par_1_13' title="bbox 1225 1125 2069 2550">
     <span class='ocr_line' id='line_1_84' title="bbox 1246 1125 2064 1167; baseline 0.005 -13"><span class='ocrx_word' id='word_1_501' title='bbox 1246 1130 1347 1155; x_wconf 79' lang='lat' dir='ltr'>ventu</span> <span class='ocrx_word' id='word_1_502' title='bbox 1369 1125 1450 1155; x_wconf 82' lang='lat' dir='ltr'>satis</span> <span class='ocrx_word' id='word_1_503' title='bbox 1474 1126 1631 1166; x_wconf 83' lang='lat' dir='ltr'>adpareat</span> <span class='ocrx_word' id='word_1_504' title='bbox 1654 1134 1721 1157; x_wconf 89' lang='lat' dir='ltr'>tum</span> <span class='ocrx_word' id='word_1_505' title='bbox 1743 1125 1844 1167; x_wconf 80' lang='lat' dir='ltr'>legis,</span> <span class='ocrx_word' id='word_1_506' title='bbox 1867 1134 1935 1157; x_wconf 88' lang='lat' dir='ltr'>tum</span> <span class='ocrx_word' id='word_1_507' title='bbox 1957 1127 2064 1158; x_wconf 87' lang='lat' dir='ltr'>Evau-</span> 
     </span>
     <span class='ocr_line' id='line_1_85' title="bbox 1248 1165 2066 1209; baseline 0.006 -14"><span class='ocrx_word' id='word_1_508' title='bbox 1248 1165 1323 1207; x_wconf 87' lang='lat' dir='ltr'>gelii</span> <span class='ocrx_word' id='word_1_509' title='bbox 1346 1167 1406 1196; x_wconf 87' lang='lat' dir='ltr'>vis.</span> <span class='ocrx_word' id='word_1_510' title='bbox 1452 1166 1580 1198; x_wconf 90' lang='lat' dir='ltr'>Etenim</span> <span class='ocrx_word' id='word_1_511' title='bbox 1603 1178 1700 1208; x_wconf 88' lang='lat' dir='ltr'>quam</span> <span class='ocrx_word' id='word_1_512' title='bbox 1719 1167 1853 1199; x_wconf 77' lang='lat' dir='ltr'>terribili</span> <span class='ocrx_word' id='word_1_513' title='bbox 1872 1168 2066 1209; x_wconf 87' lang='lat' dir='ltr'>spectaculo</span> 
     </span>
     <span class='ocr_line' id='line_1_86' title="bbox 1248 1207 2064 1249; baseline 0.005 -11"><span class='ocrx_word' id='word_1_514' title='bbox 1248 1208 1302 1238; x_wconf 84' lang='lat' dir='ltr'>lex</span> <span class='ocrx_word' id='word_1_515' title='bbox 1324 1207 1530 1249; x_wconf 85' lang='lat' dir='ltr'>promulgata</span> <span class='ocrx_word' id='word_1_516' title='bbox 1553 1211 1595 1240; x_wconf 90' lang='lat' dir='ltr'>sit</span> <span class='ocrx_word' id='word_1_517' title='bbox 1619 1211 1825 1241; x_wconf 81' lang='lat' dir='ltr'>describitur.</span> <span class='ocrx_word' id='word_1_518' title='bbox 1848 1209 1952 1241; x_wconf 77' lang='lat' dir='ltr'>Exod.</span> <span class='ocrx_word' id='word_1_519' title='bbox 1976 1210 2064 1242; x_wconf 90' lang='lat' dir='ltr'>XIX.</span> 
     </span>
     <span class='ocr_line' id='line_1_87' title="bbox 1249 1250 2067 1290; baseline 0.005 -10"><span class='ocrx_word' id='word_1_520' title='bbox 1249 1256 1280 1281; x_wconf 84' lang='lat' dir='ltr'>et</span> <span class='ocrx_word' id='word_1_521' title='bbox 1304 1260 1365 1280; x_wconf 88' lang='lat' dir='ltr'>nos</span> <span class='ocrx_word' id='word_1_522' title='bbox 1388 1250 1486 1290; x_wconf 76' lang='lat' dir='ltr'>paulo</span> <span class='ocrx_word' id='word_1_523' title='bbox 1506 1258 1581 1282; x_wconf 90' lang='lat' dir='ltr'>ante</span> <span class='ocrx_word' id='word_1_524' title='bbox 1605 1253 1840 1282; x_wconf 79' lang='lat' dir='ltr'>recensuimus.</span> <span class='ocrx_word' id='word_1_525' title='bbox 1871 1252 1963 1283; x_wconf 87' lang='lat' dir='ltr'>Sicut</span> <span class='ocrx_word' id='word_1_526' title='bbox 1982 1254 2067 1284; x_wconf 89' lang='lat' dir='ltr'>enim</span> 
     </span>
     <span class='ocr_line' id='line_1_88' title="bbox 1249 1291 2066 1336; baseline 0.004 -14"><span class='ocrx_word' id='word_1_527' title='bbox 1249 1299 1316 1323; x_wconf 89' lang='lat' dir='ltr'>tum</span> <span class='ocrx_word' id='word_1_528' title='bbox 1339 1291 1494 1323; x_wconf 87' lang='lat' dir='ltr'>Israelem</span> <span class='ocrx_word' id='word_1_529' title='bbox 1517 1295 1661 1325; x_wconf 87' lang='lat' dir='ltr'>terrebat</span> <span class='ocrx_word' id='word_1_530' title='bbox 1675 1301 1679 1327; x_wconf 72' lang='grc' dir='ltr'><strong><em>ι</em></strong></span> <span class='ocrx_word' id='word_1_531' title='bbox 1695 1294 1861 1331; x_wconf 81' lang='lat' dir='ltr'>dominus,</span> <span class='ocrx_word' id='word_1_532' title='bbox 1889 1295 1934 1325; x_wconf 86' lang='lat' dir='ltr'>ita</span> <span class='ocrx_word' id='word_1_533' title='bbox 1955 1296 2066 1336; x_wconf 87' lang='lat' dir='ltr'>singu-</span> 
     </span>
     <span class='ocr_line' id='line_1_89' title="bbox 1248 1333 2066 1377; baseline 0.005 -13"><span class='ocrx_word' id='word_1_534' title='bbox 1248 1333 1353 1365; x_wconf 89' lang='lat' dir='ltr'>lorum</span> <span class='ocrx_word' id='word_1_535' title='bbox 1377 1335 1599 1366; x_wconf 87' lang='lat' dir='ltr'>conscientiae</span> <span class='ocrx_word' id='word_1_536' title='bbox 1621 1342 1784 1366; x_wconf 88' lang='lat' dir='ltr'>terrentur</span> <span class='ocrx_word' id='word_1_537' title='bbox 1806 1346 1890 1367; x_wconf 86' lang='lat' dir='ltr'>voce</span> <span class='ocrx_word' id='word_1_538' title='bbox 1913 1335 2009 1377; x_wconf 88' lang='lat' dir='ltr'>legis,</span> <span class='ocrx_word' id='word_1_539' title='bbox 2033 1343 2066 1368; x_wconf 90' lang='lat' dir='ltr'>et</span> 
     </span>
     <span class='ocr_line' id='line_1_90' title="bbox 1247 1376 2067 1418; baseline 0.004 -12"><span class='ocrx_word' id='word_1_540' title='bbox 1247 1386 1313 1407; x_wconf 87' lang='lat' dir='ltr'>una</span> <span class='ocrx_word' id='word_1_541' title='bbox 1327 1386 1400 1406; x_wconf 77' lang='lat' dir='ltr'>clun</span> <span class='ocrx_word' id='word_1_542' title='bbox 1422 1376 1544 1408; x_wconf 85' lang='lat' dir='ltr'>lsraele</span> <span class='ocrx_word' id='word_1_543' title='bbox 1569 1376 1720 1414; x_wconf 87' lang='lat' dir='ltr'>clamant,</span> <span class='ocrx_word' id='word_1_544' title='bbox 1742 1377 1817 1407; x_wconf 90' lang='lat' dir='ltr'>Non</span> <span class='ocrx_word' id='word_1_545' title='bbox 1835 1377 1987 1418; x_wconf 88' lang='lat' dir='ltr'>loquatur</span> <span class='ocrx_word' id='word_1_546' title='bbox 2009 1389 2067 1409; x_wconf 89' lang='lat' dir='ltr'>no-</span> 
     </span>
     <span class='ocr_line' id='line_1_91' title="bbox 1249 1418 2066 1461; baseline 0.002 -12"><span class='ocrx_word' id='word_1_547' title='bbox 1249 1418 1299 1449; x_wconf 90' lang='lat' dir='ltr'>bis</span> <span class='ocrx_word' id='word_1_548' title='bbox 1323 1418 1489 1456; x_wconf 86' lang='lat' dir='ltr'>dominus,</span> <span class='ocrx_word' id='word_1_549' title='bbox 1513 1429 1555 1450; x_wconf 92' lang='lat' dir='ltr'>ne</span> <span class='ocrx_word' id='word_1_550' title='bbox 1577 1420 1760 1450; x_wconf 69' lang='lat' dir='ltr'>moliamur.</span> <span class='ocrx_word' id='word_1_551' title='bbox 1797 1419 1905 1461; x_wconf 77' lang='lat' dir='ltr'>Exigit</span> <span class='ocrx_word' id='word_1_552' title='bbox 1928 1419 1983 1451; x_wconf 86' lang='lat' dir='ltr'>lex</span> <span class='ocrx_word' id='word_1_553' title='bbox 2010 1421 2066 1451; x_wconf 77' lang='lat' dir='ltr'>ini-</span> 
     </span>
     <span class='ocr_line' id='line_1_92' title="bbox 1249 1458 2066 1502; baseline 0.005 -12"><span class='ocrx_word' id='word_1_554' title='bbox 1249 1458 1429 1501; x_wconf 83' lang='lat' dir='ltr'>possibilia,</span> <span class='ocrx_word' id='word_1_555' title='bbox 1453 1461 1641 1502; x_wconf 80' lang='lat' dir='ltr'>coarguitur</span> <span class='ocrx_word' id='word_1_556' title='bbox 1664 1462 1792 1502; x_wconf 88' lang='lat' dir='ltr'>peccati</span> <span class='ocrx_word' id='word_1_557' title='bbox 1816 1472 1874 1492; x_wconf 83' lang='lat' dir='ltr'>rea</span> <span class='ocrx_word' id='word_1_558' title='bbox 1897 1463 2066 1494; x_wconf 88' lang='lat' dir='ltr'>conscien-</span> 
     </span>
     <span class='ocr_line' id='line_1_93' title="bbox 1248 1501 2065 1542; baseline 0.004 -10"><span class='ocrx_word' id='word_1_559' title='bbox 1248 1503 1303 1533; x_wconf 88' lang='lat' dir='ltr'>tia.</span> <span class='ocrx_word' id='word_1_560' title='bbox 1358 1501 1442 1532; x_wconf 90' lang='lat' dir='ltr'>Hinc</span> <span class='ocrx_word' id='word_1_561' title='bbox 1476 1513 1599 1542; x_wconf 78' lang='lat' dir='ltr'>pavor,</span> <span class='ocrx_word' id='word_1_562' title='bbox 1632 1502 1798 1541; x_wconf 81' lang='lat' dir='ltr'>confusio,</span> <span class='ocrx_word' id='word_1_563' title='bbox 1832 1504 1881 1534; x_wconf 84' lang='lat' dir='ltr'>sic</span> <span class='ocrx_word' id='word_1_564' title='bbox 1911 1511 2065 1535; x_wconf 81' lang='lat' dir='ltr'>exercent</span> 
     </span>
     <span class='ocr_line' id='line_1_94' title="bbox 1249 1543 2065 1586; baseline 0.002 -12"><span class='ocrx_word' id='word_1_565' title='bbox 1249 1543 1505 1581; x_wconf 68' lang='lat' dir='ltr'>conscien&#39;dam,</span> <span class='ocrx_word' id='word_1_566' title='bbox 1535 1551 1569 1575; x_wconf 90' lang='lat' dir='ltr'>ut</span> <span class='ocrx_word' id='word_1_567' title='bbox 1592 1545 1725 1576; x_wconf 89' lang='lat' dir='ltr'>remedii</span> <span class='ocrx_word' id='word_1_568' title='bbox 1747 1544 1825 1575; x_wconf 90' lang='lat' dir='ltr'>nihil</span> <span class='ocrx_word' id='word_1_569' title='bbox 1847 1555 1986 1586; x_wconf 85' lang='lat' dir='ltr'>usquam</span> <span class='ocrx_word' id='word_1_570' title='bbox 2009 1546 2065 1576; x_wconf 87' lang='lat' dir='ltr'>ad-</span> 
     </span>
     <span class='ocr_line' id='line_1_95' title="bbox 1247 1586 2065 1628; baseline 0.005 -13"><span class='ocrx_word' id='word_1_571' title='bbox 1247 1592 1374 1627; x_wconf 88' lang='lat' dir='ltr'>pareat,</span> <span class='ocrx_word' id='word_1_572' title='bbox 1397 1586 1429 1615; x_wconf 92' lang='lat' dir='ltr'>ni</span> <span class='ocrx_word' id='word_1_573' title='bbox 1451 1586 1522 1626; x_wconf 87' lang='lat' dir='ltr'>ipse</span> <span class='ocrx_word' id='word_1_574' title='bbox 1544 1588 1598 1627; x_wconf 90' lang='lat' dir='ltr'>qui</span> <span class='ocrx_word' id='word_1_575' title='bbox 1622 1586 1800 1618; x_wconf 74' lang='lat' dir='ltr'>humiliaw&#39;t</span> <span class='ocrx_word' id='word_1_576' title='bbox 1823 1589 1937 1628; x_wconf 87' lang='lat' dir='ltr'>erigat.</span> <span class='ocrx_word' id='word_1_577' title='bbox 1983 1587 2065 1619; x_wconf 89' lang='lat' dir='ltr'>Sunt</span> 
     </span>
     <span class='ocr_line' id='line_1_96' title="bbox 1249 1628 2065 1669; baseline 0.001 -10"><span class='ocrx_word' id='word_1_578' title='bbox 1249 1629 1303 1669; x_wconf 85' lang='lat' dir='ltr'>qui</span> <span class='ocrx_word' id='word_1_579' title='bbox 1326 1628 1395 1658; x_wconf 76' lang='lat' dir='ltr'>suis</span> <span class='ocrx_word' id='word_1_580' title='bbox 1418 1629 1554 1665; x_wconf 65' lang='lat' dir='ltr'>viribus,</span> <span class='ocrx_word' id='word_1_581' title='bbox 1575 1630 1757 1666; x_wconf 76' lang='lat' dir='ltr'>conatibus,</span> <span class='ocrx_word' id='word_1_582' title='bbox 1781 1631 1935 1669; x_wconf 85' lang='lat' dir='ltr'>operibus</span> <span class='ocrx_word' id='word_1_583' title='bbox 1953 1640 1994 1660; x_wconf 86' lang='lat' dir='ltr'>ac</span> <span class='ocrx_word' id='word_1_584' title='bbox 2012 1639 2065 1660; x_wconf 89' lang='lat' dir='ltr'>sa-</span> 
     </span>
     <span class='ocr_line' id='line_1_97' title="bbox 1248 1668 2066 1711; baseline 0.002 -11"><span class='ocrx_word' id='word_1_585' title='bbox 1248 1668 1489 1700; x_wconf 82' lang='lat' dir='ltr'>tisfactionibus</span> <span class='ocrx_word' id='word_1_586' title='bbox 1513 1678 1673 1711; x_wconf 75' lang='lat' dir='ltr'>quaertmt.</span> <span class='ocrx_word' id='word_1_587' title='bbox 1697 1671 1965 1702; x_wconf 88' lang='lat' dir='ltr'>consolationem.</span> <span class='ocrx_word' id='word_1_588' title='bbox 1999 1671 2066 1703; x_wconf 85' lang='lat' dir='ltr'>Sed</span> 
     </span>
     <span class='ocr_line' id='line_1_98' title="bbox 1247 1710 2065 1753; baseline 0.002 -11"><span class='ocrx_word' id='word_1_589' title='bbox 1247 1713 1352 1742; x_wconf 88' lang='lat' dir='ltr'>iinon</span> <span class='ocrx_word' id='word_1_590' title='bbox 1375 1710 1448 1752; x_wconf 88' lang='lat' dir='ltr'>plus</span> <span class='ocrx_word' id='word_1_591' title='bbox 1473 1712 1633 1750; x_wconf 84' lang='lat' dir='ltr'>efficiunt,</span> <span class='ocrx_word' id='word_1_592' title='bbox 1661 1723 1758 1753; x_wconf 88' lang='lat' dir='ltr'>quam</span> <span class='ocrx_word' id='word_1_593' title='bbox 1786 1713 1940 1744; x_wconf 87' lang='lat' dir='ltr'>effecerat</span> <span class='ocrx_word' id='word_1_594' title='bbox 1958 1713 2065 1744; x_wconf 83' lang='lat' dir='ltr'>Adam</span> 
     </span>
     <span class='ocr_line' id='line_1_99' title="bbox 1248 1754 2069 1795; baseline 0.004 -12"><span class='ocrx_word' id='word_1_595' title='bbox 1248 1755 1317 1784; x_wconf 84' lang='lat' dir='ltr'>suis</span> <span class='ocrx_word' id='word_1_596' title='bbox 1340 1754 1558 1794; x_wconf 87' lang='lat' dir='ltr'>perizomatis.</span> <span class='ocrx_word' id='word_1_597' title='bbox 1583 1754 1632 1785; x_wconf 90' lang='lat' dir='ltr'>Ita</span> <span class='ocrx_word' id='word_1_598' title='bbox 1654 1760 1730 1785; x_wconf 88' lang='lat' dir='ltr'>sunt</span> <span class='ocrx_word' id='word_1_599' title='bbox 1759 1755 1813 1795; x_wconf 88' lang='lat' dir='ltr'>qui</span> <span class='ocrx_word' id='word_1_600' title='bbox 1847 1765 1884 1786; x_wconf 87' lang='lat' dir='ltr'>se</span> <span class='ocrx_word' id='word_1_601' title='bbox 1916 1757 2069 1795; x_wconf 82' lang='lat' dir='ltr'>pecca‘to</span> 
     </span>
     <span class='ocr_line' id='line_1_100' title="bbox 1248 1796 2064 1837; baseline 0.001 -11"><span class='ocrx_word' id='word_1_602' title='bbox 1248 1796 1298 1826; x_wconf 91' lang='lat' dir='ltr'>sui</span> <span class='ocrx_word' id='word_1_603' title='bbox 1322 1796 1446 1826; x_wconf 88' lang='lat' dir='ltr'>arbitrii</span> <span class='ocrx_word' id='word_1_604' title='bbox 1468 1796 1608 1834; x_wconf 84' lang='lat' dir='ltr'>viribus,</span> <span class='ocrx_word' id='word_1_605' title='bbox 1639 1803 1816 1837; x_wconf 87' lang='lat' dir='ltr'>opponunt.</span> <span class='ocrx_word' id='word_1_606' title='bbox 1847 1807 1905 1827; x_wconf 88' lang='lat' dir='ltr'>eos</span> <span class='ocrx_word' id='word_1_607' title='bbox 1928 1797 2064 1829; x_wconf 87' lang='lat' dir='ltr'>subinde</span> 
     </span>
     <span class='ocr_line' id='line_1_101' title="bbox 1248 1836 2066 1878; baseline 0.002 -11"><span class='ocrx_word' id='word_1_608' title='bbox 1248 1836 1465 1868; x_wconf 87' lang='lat' dir='ltr'>miserabilius</span> <span class='ocrx_word' id='word_1_609' title='bbox 1489 1848 1603 1875; x_wconf 88' lang='lat' dir='ltr'>ruere,</span> <span class='ocrx_word' id='word_1_610' title='bbox 1627 1849 1681 1869; x_wconf 91' lang='lat' dir='ltr'>res</span> <span class='ocrx_word' id='word_1_611' title='bbox 1704 1839 1776 1878; x_wconf 89' lang='lat' dir='ltr'>ipsa</span> <span class='ocrx_word' id='word_1_612' title='bbox 1799 1839 1905 1869; x_wconf 90' lang='lat' dir='ltr'>docet.</span> <span class='ocrx_word' id='word_1_613' title='bbox 1951 1837 2066 1869; x_wconf 80' lang='lat' dir='ltr'>Fallax</span> 
     </span>
     <span class='ocr_line' id='line_1_102' title="bbox 1249 1879 2065 1920; baseline 0.002 -11"><span class='ocrx_word' id='word_1_614' title='bbox 1249 1880 1333 1909; x_wconf 88' lang='lat' dir='ltr'>enim</span> <span class='ocrx_word' id='word_1_615' title='bbox 1357 1889 1461 1920; x_wconf 83' lang='lat' dir='ltr'>equus</span> <span class='ocrx_word' id='word_1_616' title='bbox 1485 1880 1527 1910; x_wconf 89' lang='lat' dir='ltr'>ad</span> <span class='ocrx_word' id='word_1_617' title='bbox 1549 1879 1705 1917; x_wconf 89' lang='lat' dir='ltr'>salutem,</span> <span class='ocrx_word' id='word_1_618' title='bbox 1728 1881 1760 1910; x_wconf 91' lang='lat' dir='ltr'>in</span> <span class='ocrx_word' id='word_1_619' title='bbox 1780 1881 1979 1911; x_wconf 87' lang='lat' dir='ltr'>abundantia</span> <span class='ocrx_word' id='word_1_620' title='bbox 2001 1881 2065 1911; x_wconf 87' lang='lat' dir='ltr'>vir—</span> 
     </span>
     <span class='ocr_line' id='line_1_103' title="bbox 1248 1921 2065 1962; baseline 0.002 -11"><span class='ocrx_word' id='word_1_621' title='bbox 1248 1922 1326 1951; x_wconf 87' lang='lat' dir='ltr'>tutis</span> <span class='ocrx_word' id='word_1_622' title='bbox 1349 1931 1429 1951; x_wconf 85' lang='lat' dir='ltr'>suae</span> <span class='ocrx_word' id='word_1_623' title='bbox 1448 1931 1514 1951; x_wconf 90' lang='lat' dir='ltr'>non</span> <span class='ocrx_word' id='word_1_624' title='bbox 1537 1921 1728 1959; x_wconf 87' lang='lat' dir='ltr'>salvabitur,</span> <span class='ocrx_word' id='word_1_625' title='bbox 1747 1921 1829 1962; x_wconf 88' lang='lat' dir='ltr'>psal.</span> <span class='ocrx_word' id='word_1_626' title='bbox 1842 1922 1979 1953; x_wconf 90' lang='lat' dir='ltr'><strong>XXXII.</strong></span> <span class='ocrx_word' id='word_1_627' title='bbox 2000 1925 2065 1960; x_wconf 81' lang='lat' dir='ltr'>[vs.</span> 
     </span>
     <span class='ocr_line' id='line_1_104' title="bbox 1250 1960 2066 2004; baseline 0.002 -12"><span class='ocrx_word' id='word_1_628' title='bbox 1250 1963 1326 2000; x_wconf 83' lang='lat'>17.].</span> <span class='ocrx_word' id='word_1_629' title='bbox 1379 1963 1436 2000; x_wconf 84' lang='lat' dir='ltr'>Et,</span> <span class='ocrx_word' id='word_1_630' title='bbox 1466 1963 1519 1993; x_wconf 89' lang='lat' dir='ltr'>Da</span> <span class='ocrx_word' id='word_1_631' title='bbox 1542 1965 1637 1994; x_wconf 87' lang='lat' dir='ltr'>nobis</span> <span class='ocrx_word' id='word_1_632' title='bbox 1668 1960 1821 1994; x_wconf 69' lang='lat' dir='ltr'>auxilium</span> <span class='ocrx_word' id='word_1_633' title='bbox 1840 1965 1970 1995; x_wconf 91' lang='lat' dir='ltr'>domine</span> <span class='ocrx_word' id='word_1_634' title='bbox 1990 1962 2066 2004; x_wconf 87' lang='lat' dir='ltr'>quia</span> 
     </span>
     <span class='ocr_line' id='line_1_105' title="bbox 1248 2004 2063 2045; baseline 0 -10"><span class='ocrx_word' id='word_1_635' title='bbox 1248 2015 1334 2035; x_wconf 76' lang='lat' dir='ltr'>vana</span> <span class='ocrx_word' id='word_1_636' title='bbox 1359 2004 1450 2035; x_wconf 85' lang='lat' dir='ltr'>salus</span> <span class='ocrx_word' id='word_1_637' title='bbox 1479 2004 1628 2036; x_wconf 87' lang='lat' dir='ltr'>hominis.</span> <span class='ocrx_word' id='word_1_638' title='bbox 1656 2004 1739 2045; x_wconf 82' lang='lat' dir='ltr'>psal.</span> <span class='ocrx_word' id='word_1_639' title='bbox 1760 2005 1855 2037; x_wconf 89' lang='lat' dir='ltr'><strong>CVII.</strong></span> <span class='ocrx_word' id='word_1_640' title='bbox 1882 2009 1945 2043; x_wconf 86' lang='lat' dir='ltr'>[vs.</span> <span class='ocrx_word' id='word_1_641' title='bbox 1968 2006 2063 2043; x_wconf 73' lang='lat' dir='ltr'>13.].u</span> 
     </span>
     <span class='ocr_line' id='line_1_106' title="bbox 1248 2046 2060 2088; baseline 0.001 -11"><span class='ocrx_word' id='word_1_642' title='bbox 1248 2046 1371 2077; x_wconf 87' lang='lat' dir='ltr'>Contra</span> <span class='ocrx_word' id='word_1_643' title='bbox 1394 2046 1515 2078; x_wconf 81' lang='lat' dir='ltr'>Christi</span> <span class='ocrx_word' id='word_1_644' title='bbox 1538 2048 1699 2078; x_wconf 87' lang='lat' dir='ltr'>adventus</span> <span class='ocrx_word' id='word_1_645' title='bbox 1724 2048 1921 2078; x_wconf 85' lang='lat' dir='ltr'>describitur</span> <span class='ocrx_word' id='word_1_646' title='bbox 1944 2058 1963 2078; x_wconf 86' lang='lat' dir='ltr'>a</span> <span class='ocrx_word' id='word_1_647' title='bbox 1985 2057 2060 2088; x_wconf 87' lang='lat' dir='ltr'>pro-</span> 
     </span>
     <span class='ocr_line' id='line_1_107' title="bbox 1247 2088 2066 2129; baseline 0.002 -11"><span class='ocrx_word' id='word_1_648' title='bbox 1247 2088 1347 2129; x_wconf 84' lang='lat' dir='ltr'>pheta</span> <span class='ocrx_word' id='word_1_649' title='bbox 1370 2088 1531 2119; x_wconf 89' lang='lat' dir='ltr'>Zacharia</span> <span class='ocrx_word' id='word_1_650' title='bbox 1560 2089 1615 2119; x_wconf 88' lang='lat' dir='ltr'><strong>IX.</strong></span> <span class='ocrx_word' id='word_1_651' title='bbox 1652 2093 1716 2128; x_wconf 86' lang='lat' dir='ltr'>[vs.</span> <span class='ocrx_word' id='word_1_652' title='bbox 1741 2089 1771 2120; x_wconf 87' lang='lat'>9.</span> <span class='ocrx_word' id='word_1_653' title='bbox 1782 2092 1804 2128; x_wconf 90' lang='lat'>:]</span> <span class='ocrx_word' id='word_1_654' title='bbox 1847 2088 1969 2120; x_wconf 87' lang='lat' dir='ltr'>Exulta</span> <span class='ocrx_word' id='word_1_655' title='bbox 1998 2088 2066 2120; x_wconf 85' lang='lat' dir='ltr'>filia</span> 
     </span>
     <span class='ocr_line' id='line_1_108' title="bbox 1248 2130 2064 2169; baseline 0.001 -8"><span class='ocrx_word' id='word_1_656' title='bbox 1248 2131 1340 2169; x_wconf 89' lang='lat' dir='ltr'>Zion,</span> <span class='ocrx_word' id='word_1_657' title='bbox 1363 2130 1463 2161; x_wconf 90' lang='lat' dir='ltr'>iubila</span> <span class='ocrx_word' id='word_1_658' title='bbox 1486 2130 1551 2161; x_wconf 86' lang='lat' dir='ltr'>filia</span> <span class='ocrx_word' id='word_1_659' title='bbox 1581 2130 1768 2162; x_wconf 88' lang='lat' dir='ltr'>Ierusalem.</span> <span class='ocrx_word' id='word_1_660' title='bbox 1814 2131 1902 2162; x_wconf 89' lang='lat' dir='ltr'>Ecce</span> <span class='ocrx_word' id='word_1_661' title='bbox 1931 2141 1989 2162; x_wconf 82' lang='lat' dir='ltr'>rex</span> <span class='ocrx_word' id='word_1_662' title='bbox 2015 2138 2064 2162; x_wconf 89' lang='lat' dir='ltr'>tu-</span> 
     </span>
     <span class='ocr_line' id='line_1_109' title="bbox 1247 2172 2064 2214; baseline 0.001 -11"><span class='ocrx_word' id='word_1_663' title='bbox 1247 2184 1287 2203; x_wconf 90' lang='lat' dir='ltr'>us</span> <span class='ocrx_word' id='word_1_664' title='bbox 1321 2174 1408 2204; x_wconf 77' lang='lat' dir='ltr'>venit</span> <span class='ocrx_word' id='word_1_665' title='bbox 1438 2173 1495 2203; x_wconf 89' lang='lat' dir='ltr'>tibi</span> <span class='ocrx_word' id='word_1_666' title='bbox 1517 2174 1621 2204; x_wconf 77' lang='lat' dir='ltr'>iustus</span> <span class='ocrx_word' id='word_1_667' title='bbox 1645 2179 1675 2203; x_wconf 90' lang='lat' dir='ltr'>et</span> <span class='ocrx_word' id='word_1_668' title='bbox 1695 2172 1859 2210; x_wconf 75' lang='lat' dir='ltr'>salvator,</span> <span class='ocrx_word' id='word_1_669' title='bbox 1892 2174 1962 2214; x_wconf 84' lang='lat' dir='ltr'>ipse</span> <span class='ocrx_word' id='word_1_670' title='bbox 1985 2183 2064 2214; x_wconf 89' lang='lat' dir='ltr'>pau-</span> 
     </span>
     <span class='ocr_line' id='line_1_110' title="bbox 1247 2214 2064 2255; baseline 0 -10"><span class='ocrx_word' id='word_1_671' title='bbox 1247 2226 1316 2255; x_wconf 90' lang='lat' dir='ltr'>per.</span> <span class='ocrx_word' id='word_1_672' title='bbox 1371 2215 1513 2246; x_wconf 86' lang='lat' dir='ltr'>Primum</span> <span class='ocrx_word' id='word_1_673' title='bbox 1551 2226 1624 2246; x_wconf 89' lang='lat' dir='ltr'>cum</span> <span class='ocrx_word' id='word_1_674' title='bbox 1652 2216 1739 2245; x_wconf 90' lang='lat' dir='ltr'>iubet</span> <span class='ocrx_word' id='word_1_675' title='bbox 1763 2214 1937 2253; x_wconf 82' lang='lat' dir='ltr'>ex¹ultare,</span> <span class='ocrx_word' id='word_1_676' title='bbox 1967 2216 2064 2246; x_wconf 89' lang='lat' dir='ltr'>docet</span> 
     </span>
     <span class='ocr_line' id='line_1_111' title="bbox 1249 2256 2064 2297; baseline 0 -10"><span class='ocrx_word' id='word_1_677' title='bbox 1249 2256 1336 2287; x_wconf 90' lang='lat' dir='ltr'>aliud</span> <span class='ocrx_word' id='word_1_678' title='bbox 1362 2267 1436 2287; x_wconf 86' lang='lat' dir='ltr'>esse</span> <span class='ocrx_word' id='word_1_679' title='bbox 1467 2258 1602 2288; x_wconf 80' lang='lat' dir='ltr'>verbum</span> <span class='ocrx_word' id='word_1_680' title='bbox 1626 2257 1722 2287; x_wconf 87' lang='lat' dir='ltr'>huius</span> <span class='ocrx_word' id='word_1_681' title='bbox 1750 2258 1855 2297; x_wconf 82' lang='lat' dir='ltr'>regiS,</span> <span class='ocrx_word' id='word_1_682' title='bbox 1885 2267 1982 2297; x_wconf 86' lang='lat' dir='ltr'>quam</span> <span class='ocrx_word' id='word_1_683' title='bbox 2010 2256 2064 2287; x_wconf 81' lang='lat' dir='ltr'>lex</span> 
     </span>
     <span class='ocr_line' id='line_1_112' title="bbox 1248 2299 2064 2339; baseline 0 -10"><span class='ocrx_word' id='word_1_684' title='bbox 1248 2300 1300 2336; x_wconf 79' lang='lat' dir='ltr'>sit,</span> <span class='ocrx_word' id='word_1_685' title='bbox 1324 2300 1472 2339; x_wconf 90' lang='lat' dir='ltr'>adeoque</span> <span class='ocrx_word' id='word_1_686' title='bbox 1492 2300 1639 2339; x_wconf 82' lang='lat' dir='ltr'>exprimit</span> <span class='ocrx_word' id='word_1_687' title='bbox 1660 2300 1881 2329; x_wconf 86' lang='lat' dir='ltr'>conscientiae</span> <span class='ocrx_word' id='word_1_688' title='bbox 1900 2299 2064 2339; x_wconf 86' lang='lat' dir='ltr'>gaudium,</span> 
     </span>
     <span class='ocr_line' id='line_1_113' title="bbox 1249 2340 2062 2381; baseline -0.001 -10"><span class='ocrx_word' id='word_1_689' title='bbox 1249 2340 1434 2378; x_wconf 78' lang='lat' dir='ltr'>exultantis,</span> <span class='ocrx_word' id='word_1_690' title='bbox 1475 2342 1529 2371; x_wconf 84' lang='lat' dir='ltr'>ubi</span> <span class='ocrx_word' id='word_1_691' title='bbox 1569 2342 1705 2371; x_wconf 88' lang='lat' dir='ltr'>audierit</span> <span class='ocrx_word' id='word_1_692' title='bbox 1752 2342 1886 2371; x_wconf 79' lang='lat' dir='ltr'>verbum</span> <span class='ocrx_word' id='word_1_693' title='bbox 1926 2341 2062 2381; x_wconf 85' lang='lat' dir='ltr'>gratiae.</span> 
     </span>
     <span class='ocr_line' id='line_1_114' title="bbox 1247 2381 2064 2422; baseline -0.002 -8"><span class='ocrx_word' id='word_1_694' title='bbox 1247 2383 1374 2414; x_wconf 90' lang='lat' dir='ltr'>Deinde</span> <span class='ocrx_word' id='word_1_695' title='bbox 1397 2382 1472 2413; x_wconf 86' lang='lat' dir='ltr'>nihi]</span> <span class='ocrx_word' id='word_1_696' title='bbox 1498 2383 1621 2414; x_wconf 88' lang='lat' dir='ltr'>tumulti</span> <span class='ocrx_word' id='word_1_697' title='bbox 1641 2390 1701 2420; x_wconf 80' lang='lat' dir='ltr'>cst,</span> <span class='ocrx_word' id='word_1_698' title='bbox 1720 2383 1778 2413; x_wconf 85' lang='lat' dir='ltr'>sed</span> <span class='ocrx_word' id='word_1_699' title='bbox 1797 2381 1926 2422; x_wconf 80' lang='lat' dir='ltr'>placida</span> <span class='ocrx_word' id='word_1_700' title='bbox 1945 2383 2064 2419; x_wconf 80' lang='lat' dir='ltr'>omnia,</span> 
     </span>
     <span class='ocr_line' id='line_1_115' title="bbox 1248 2424 2062 2465; baseline -0.002 -9"><span class='ocrx_word' id='word_1_701' title='bbox 1248 2432 1284 2456; x_wconf 87' lang='lat' dir='ltr'>ut</span> <span class='ocrx_word' id='word_1_702' title='bbox 1306 2424 1469 2465; x_wconf 81' lang='lat' dir='ltr'>intelligas</span> <span class='ocrx_word' id='word_1_703' title='bbox 1493 2433 1660 2456; x_wconf 89' lang='lat' dir='ltr'>auctorem</span> <span class='ocrx_word' id='word_1_704' title='bbox 1677 2426 1768 2465; x_wconf 83' lang='lat' dir='ltr'>pacis</span> <span class='ocrx_word' id='word_1_705' title='bbox 1792 2434 1877 2461; x_wconf 79' lang='lat' dir='ltr'>esse,</span> <span class='ocrx_word' id='word_1_706' title='bbox 1896 2425 2062 2456; x_wconf 71' lang='lat' dir='ltr'>nonii-ae.</span> 
     </span>
     <span class='ocr_line' id='line_1_116' title="bbox 1249 2465 2062 2507; baseline -0.002 -10"><span class='ocrx_word' id='word_1_707' title='bbox 1249 2467 1320 2497; x_wconf 92' lang='lat' dir='ltr'>Hoc</span> <span class='ocrx_word' id='word_1_708' title='bbox 1348 2474 1398 2497; x_wconf 82' lang='lat' dir='ltr'>est</span> <span class='ocrx_word' id='word_1_709' title='bbox 1429 2468 1517 2507; x_wconf 85' lang='lat' dir='ltr'>quod</span> <span class='ocrx_word' id='word_1_710' title='bbox 1547 2477 1721 2507; x_wconf 87' lang='lat' dir='ltr'>pauperem</span> <span class='ocrx_word' id='word_1_711' title='bbox 1751 2473 1846 2496; x_wconf 75' lang='lat' dir='ltr'>vocat</span> <span class='ocrx_word' id='word_1_712' title='bbox 1872 2465 2062 2503; x_wconf 84' lang='lat' dir='ltr'>Zacharias,</span> 
     </span>
     <span class='ocr_line' id='line_1_117' title="bbox 1225 2507 2062 2550; baseline -0.004 -10"><span class='ocrx_word' id='word_1_713' title='bbox 1225 2534 1227 2547; x_wconf 81' lang='grc'>,</span> <span class='ocrx_word' id='word_1_714' title='bbox 1250 2510 1337 2550; x_wconf 87' lang='lat' dir='ltr'>quod</span> <span class='ocrx_word' id='word_1_715' title='bbox 1355 2508 1569 2550; x_wconf 84' lang='lat' dir='ltr'>Evangelista</span> <span class='ocrx_word' id='word_1_716' title='bbox 1586 2508 1674 2540; x_wconf 67' lang='lat' dir='ltr'>velut</span> <span class='ocrx_word' id='word_1_717' title='bbox 1694 2518 1860 2548; x_wconf 82' lang='lat' dir='ltr'>exponens</span> <span class='ocrx_word' id='word_1_718' title='bbox 1878 2507 1954 2538; x_wconf 86' lang='lat' dir='ltr'>fecit</span> <span class='ocrx_word' id='word_1_719' title='bbox 1974 2517 2062 2538; x_wconf 90' lang='lat' dir='ltr'>man-</span> 
     </span>
    </p>
   </div>
   <div class='ocr_carea' id='block_1_13' title="bbox 1222 214 1228 1774">
    <p class='ocr_par' dir='ltr' id='par_1_14' title="bbox 1222 214 1228 1774">
     <span class='ocr_line' id='line_1_118' title="bbox 1222 214 1228 1774; baseline 0 0"><span class='ocrx_word' id='word_1_720' title='bbox 1222 214 1228 1774; x_wconf 95' lang='lat' dir='ltr'> </span> 
     </span>
    </p>
   </div>
   <div class='ocr_carea' id='block_1_14' title="bbox 1225 1884 1229 2432">
    <p class='ocr_par' dir='ltr' id='par_1_15' title="bbox 1225 1884 1229 2432">
     <span class='ocr_line' id='line_1_119' title="bbox 1225 1884 1229 2432; baseline 0 0"><span class='ocrx_word' id='word_1_721' title='bbox 1225 1884 1229 2432; x_wconf 95' lang='lat' dir='ltr'> </span> 
     </span>
    </p>
   </div>
   <div class='ocr_carea' id='block_1_15' title="bbox 2158 123 2218 155">
    <p class='ocr_par' dir='ltr' id='par_1_16' title="bbox 2158 123 2218 155">
     <span class='ocr_line' id='line_1_120' title="bbox 2158 123 2218 155; baseline 0.033 -2"><span class='ocrx_word' id='word_1_722' title='bbox 2158 123 2218 155; x_wconf 78' lang='lat'>156</span> 
     </span>
    </p>
   </div>
   <div class='ocr_carea' id='block_1_16' title="bbox 2135 340 2162 359">
    <p class='ocr_par' dir='ltr' id='par_1_17' title="bbox 2135 340 2162 359">
     <span class='ocr_line' id='line_1_121' title="bbox 2135 340 2162 359; baseline 0.037 -1"><span class='ocrx_word' id='word_1_723' title='bbox 2135 340 2162 359; x_wconf 81' lang='lat'>15</span> 
     </span>
    </p>
   </div>
   <div class='ocr_carea' id='block_1_17' title="bbox 2132 548 2162 566">
    <p class='ocr_par' dir='ltr' id='par_1_18' title="bbox 2132 548 2162 566">
     <span class='ocr_line' id='line_1_122' title="bbox 2132 548 2162 566; baseline 0 0"><span class='ocrx_word' id='word_1_724' title='bbox 2132 548 2162 566; x_wconf 77' lang='lat'>²0</span> 
     </span>
    </p>
   </div>
   <div class='ocr_carea' id='block_1_18' title="bbox 2088 798 2200 861">
    <p class='ocr_par' dir='ltr' id='par_1_19' title="bbox 2088 798 2200 861">
     <span class='ocr_line' id='line_1_123' title="bbox 2101 798 2182 827; baseline -0.012 -6"><span class='ocrx_word' id='word_1_725' title='bbox 2101 798 2139 827; x_wconf 73' lang='lat'>10,</span> <span class='ocrx_word' id='word_1_726' title='bbox 2158 803 2182 822; x_wconf 81' lang='lat' dir='ltr'>a.</span> 
     </span>
     <span class='ocr_line' id='line_1_124' title="bbox 2088 831 2200 861; baseline -0.009 -6"><span class='ocrx_word' id='word_1_727' title='bbox 2088 831 2143 860; x_wconf 83' lang='lat'>(37,</span> <span class='ocrx_word' id='word_1_728' title='bbox 2161 831 2200 861; x_wconf 87' lang='lat' dir='ltr'>b.)</span> 
     </span>
    </p>
   </div>
   <div class='ocr_carea' id='block_1_19' title="bbox 2134 1305 2160 1324">
    <p class='ocr_par' dir='ltr' id='par_1_20' title="bbox 2134 1305 2160 1324">
     <span class='ocr_line' id='line_1_125' title="bbox 2134 1305 2160 1324; baseline -0.038 0"><span class='ocrx_word' id='word_1_729' title='bbox 2134 1305 2160 1324; x_wconf 75' lang='lat'>10</span> 
     </span>
    </p>
   </div>
   <div class='ocr_carea' id='block_1_20' title="bbox 2134 1556 2160 1575">
    <p class='ocr_par' dir='ltr' id='par_1_21' title="bbox 2134 1556 2160 1575">
     <span class='ocr_line' id='line_1_126' title="bbox 2134 1556 2160 1575; baseline 0 0"><span class='ocrx_word' id='word_1_730' title='bbox 2134 1556 2160 1575; x_wconf 77' lang='lat'>15</span> 
     </span>
    </p>
   </div>
   <div class='ocr_carea' id='block_1_21' title="bbox 2128 1765 2159 1784">
    <p class='ocr_par' dir='ltr' id='par_1_22' title="bbox 2128 1765 2159 1784">
     <span class='ocr_line' id='line_1_127' title="bbox 2128 1765 2159 1784; baseline 0 0"><span class='ocrx_word' id='word_1_731' title='bbox 2128 1765 2159 1784; x_wconf 81' lang='lat'>20</span> 
     </span>
    </p>
   </div>
   <div class='ocr_carea' id='block_1_22' title="bbox 2098 2057 2181 2087">
    <p class='ocr_par' dir='ltr' id='par_1_23' title="bbox 2098 2057 2181 2087">
     <span class='ocr_line' id='line_1_128' title="bbox 2098 2057 2181 2087; baseline -0.012 -6"><span class='ocrx_word' id='word_1_732' title='bbox 2098 2057 2138 2087; x_wconf 66' lang='grc' dir='ltr'>το,</span> <span class='ocrx_word' id='word_1_733' title='bbox 2158 2057 2181 2081; x_wconf 87' lang='lat' dir='ltr'>b.</span> 
     </span>
    </p>
   </div>
   <div class='ocr_carea' id='block_1_23' title="bbox 2130 2432 2156 2450">
    <p class='ocr_par' dir='ltr' id='par_1_24' title="bbox 2130 2432 2156 2450">
     <span class='ocr_line' id='line_1_129' title="bbox 2130 2432 2156 2450; baseline 0 0"><span class='ocrx_word' id='word_1_734' title='bbox 2130 2432 2156 2450; x_wconf 83' lang='lat'>10</span> 
     </span>
    </p>
   </div>
  </div>
 </body>
</html>
