2358 2933
111 126 175 158 449

198 218 296 248 Item:
328 215 544 257 Evangelium
567 218 736 257 praedicat
759 223 791 247 et
814 217 950 257 requirit
979 217 1092 255 poeni·
1112 218 1115 233 ¹

112 262 254 292 tentiam.
316 259 447 299 Pugnat
481 265 589 289 autem
623 269 696 290 cum
729 259 946 300 poenitentia,
981 258 1115 302 facere;

114 309 231 334 contra
259 302 513 337 conscientiam3
547 311 610 332 nec
638 302 721 332 fides
751 307 859 342 potest
889 301 1031 330 existere
1060 301 1116 334 in]

113 356 165 382 eo,
184 345 238 385 qui
259 343 339 374 facit
350 345 395 383 2ὃ)
426 350 542 374 contra
572 344 819 374 conscientiam.

114 393 165 418 est
186 387 321 424 fiducia,
353 386 441 426 quod
474 385 664 426 placeamus
694 385 787 420 Deo;
831 384 919 415 hanc
941 384 1094 415 fiduciam

113 429 223 463 excuti
245 438 386 459 necesse
416 434 485 466 est,
520 438 594 458 cum
617 437 710 458 mens
739 428 903 467 approbat
930 433 987 457 aut
1016 425 1093 456 facit

111 470 246 513 aliquid,
275 471 364 512 quod
392 471 455 501 scit
478 470 551 501 Deo
571 469 756 510 displicere.
804 469 896 499 Sicut
915 475 947 499 et
969 468 1094 499 Paulus

111 516 173 549 ait:
219 513 459 548 Quidubitans
483 513 634 549 comedit,
657 512 906 549 condemnatur,
930 512 1006 551 quia
1029 521 1095 541 non

111 557 260 593 exvfide3
284 556 439 597 quicquid
461 562 571 586 autem
590 565 655 585 non
680 560 731 584 est
755 564 795 584 ex
817 553 898 590 fide,
922 559 1094 593 peccatum

111 606 185 636 est3
206 599 272 631 hoc
296 604 365 629 est:
389 597 472 629 Cum
495 597 699 628 conscientia
721 598 820 627 sentit
844 606 881 626 se
907 595 1093 636 displicere,

111 643 175 673 iam
207 642 326 673 abiecit
362 640 477 676 fidem3
511 650 614 680 quare
644 646 675 670 et
702 646 872 679 peccatum
909 645 976 675 cst,
1007 638 1094 679 quod

113 685 315 715 conscientia
339 685 383 714 ita
407 682 530 714 iudicat
551 682 624 713 Deo
649 680 837 722 displicere.

166 750 170 761 2
198 725 374 757 Tenendus
404 731 455 756 est
482 725 582 765 igitur
610 724 664 755 hic
695 726 818 765 gradus
841 726 873 755 in
897 725 1094 760 actionibus,
1116 748 1117 755 ,

111 774 286 810 peccatum
307 766 447 800 mortale
471 777 560 805 esse,
578 766 692 798 facere
711 773 826 798 contra
846 767 1094 803 conscientiam,
1116 784 1117 802 ἶ

111 812 176 843 hoe
200 817 262 849 est,
283 811 470 851 approbare
488 809 620 851 aliquid,
639 816 694 841 aut
717 809 829 840 facere
848 809 980 883 aliqiligd
1000 818 1094 881 ⁰}lffus'
1116 818 1117 852 ᾗ

958 862 997 883 θο
1039 859 1117 882 au-‘

112 854 201 896 quod
223 854 426 884 conscientia
447 854 569 884 iudicat
591 852 767 892 displicere
790 852 875 883 Deo.

111 897 165 928 lus
198 897 350 936 requirit,
381 901 417 926 ut
444 905 546 935 supra
574 896 694 926 dietum
725 902 794 933 est,
823 894 1032 926 dilectionem
1054 904 1095 924 ex

113 939 316 971 conscientia
356 939 453 969 bona.

111 980 287 1022 praecipit,
310 985 346 1010 ut
369 979 483 1010 militet
506 980 626 1010 bonam
649 979 814 1015 militiam,
843 979 970 1010 habens
994 979 1092 1010 fidem

112 1029 145 1054 et
154 1023 276 1054 bonam
289 1023 534 1053 conscientiam.
547 1021 589 1052 Et
596 1020 780 1053 &Corinth
798 1023 824 1051 i.
835 1025 898 1060 [vs.
910 1022 974 1060 12]
984 1023 1068 1058 ait2⁶j
1085 1032 1092 1051 ε

111 1065 205 1096 Haec
229 1070 280 1097 est
303 1063 458 1105 gloriatio
481 1069 608 1101 nostra,
627 1065 849 1094 testimonium
872 1065 1094 1094 eonscientiae

110 1113 257 1141 nostr-ae,
284 1106 325 1137 Et
355 1107 397 1138 ad
426 1105 565 1137 Galatas
597 1106 646 1143 [6,
673 1106 735 1144 443
758 1105 996 1147 Unusquisque
1019 1116 1093 1145 pro-

112 1150 169 1182 bet
192 1159 276 1189 opus
299 1159 404 1185 suum,
427 1149 473 1179 ita
495 1149 528 1178 in
551 1158 589 1178 se
606 1149 680 1189 ipso
699 1147 927 1189 gloriationem
946 1149 1093 1185 habebit,

110 1191 175 1222 hoc
199 1198 264 1228 est,
287 1191 407 1222 bonam
429 1191 673 1221 conscientiam.
709 1190 803 1221 Hanc
826 1190 966 1232 gloriam
988 1192 1093 1222 iustos

111 1233 234 1265 habere
263 1243 402 1265 neeesse
435 1238 503 1270 est,
533 1239 567 1263 ut
590 1232 744 1264 videlicet
767 1240 906 1274 agentes
924 1234 1093 1274 poeniten-

111 1277 188 1307 tiam
210 1285 277 1307 non
299 1281 514 1316 perseverent
532 1276 564 1306 in
587 1276 638 1312 iis,
663 1285 750 1316 quae
772 1276 918 1307 iudicant
940 1286 977 1306 se
995 1274 1092 1306 fecis-

560 125 583 155 Ι.
603 124 703 155 LOCI
725 123 1001 156 THEOLOGICI:
1025 123 1062 155 C.
1088 123 1299 156 SECUNDA
1320 124 1478 156 EORUM
1501 124 1657 157 AETAS.

874 342 973 373 Fides
1009 339 1117 376 enimi

1115 428 1220 464 5derit
1255 438 1316 458 nos
1362 438 1421 458 cor
1462 435 1632 466 nostrum,

1138 470 1257 500 Deum.

1116 495 1117 544 i
1139 519 1171 543 et
1195 513 1365 549 meditata,
1393 518 1428 543 ut
1452 522 1624 543 servemus
1647 512 1730 557 hoc,
1760 514 1848 553 quod
1871 513 1994 545 Paulus
2017 514 2119 554 inquit

508 937 550 968 Et
584 937 754 968 Timotheo
791 937 834 975 [l.
869 948 921 977 ep.
958 937 992 974 l,
1031 937 1117 976 184,

109 1328 148 1349 se
181 1323 299 1349 contra
331 1317 535 1349 voluntatem
568 1317 644 1348 Dei.
711 1318 805 1349 Sicut
847 1320 1006 1359 scriptum
1041 1324 1093 1348 est

111 1359 245 1398 [Ezech.
269 1359 321 1398 33,
346 1361 428 1399 114:
473 1359 560 1391 Nolo
583 1365 721 1391 mortem
739 1362 945 1401 peccatoris,
975 1361 1036 1391 sed
1058 1366 1093 1391 ut

111 1409 323 1435 convertatur
346 1409 379 1434 et
400 1404 500 1434 vivat.
542 1403 620 1434 Item
645 1404 735 1440 {ibid-
755 1403 787 1441 3,
814 1403 895 1441 184:
920 1403 955 1434 Si
979 1404 1092 1435 dixero

110 1446 222 1486 impio,
244 1452 352 1476 morte
374 1446 536 1483 morieris,
555 1451 587 1476 et
605 1446 709 1487 egerit
728 1447 962 1486 poenitentiam
981 1457 1001 1477 a
1018 1455 1093 1486 pec-

112 1494 187 1519 cato
211 1499 291 1525 suo,
320 1487 501 1529 feceritque
530 1489 683 1519 iudicium
706 1494 737 1519 et
759 1489 914 1520 iustitiam
938 1494 1002 1520 etc.
1026 1489 1093 1519 vita

110 1531 211 1562 vivet.

199 1572 310 1607 Quare
331 1583 472 1603 necesse
496 1579 548 1603 est
569 1574 676 1603 iustos
698 1572 823 1604 habere
845 1574 930 1605 hanc
954 1572 1093 1615 gloriam

111 1615 221 1645 bonae
256 1616 490 1646 conscientiae.
536 1615 576 1646 Et
607 1621 717 1646 tamen
750 1616 877 1647 interim
911 1617 999 1647 scire
1034 1625 1092 1646 eos

111 1663 243 1698 oportet
272 1657 358 1688 hanc
389 1659 493 1697 ipsam
517 1658 753 1694 obedientiam,
781 1669 880 1699 quam
909 1664 1091 1699 praestant,

111 1710 177 1730 non
219 1709 297 1730 esse
336 1699 536 1739 perfectam,
586 1700 645 1730 sed
687 1699 823 1731 multum
857 1700 981 1731 habere
1005 1700 1092 1731 -vitii.

111 1742 255 1783 Ideoque
277 1743 311 1772 in
332 1743 451 1773 iudicio
473 1741 536 1772 Dei
559 1752 625 1772 non
650 1742 816 1773 confidant
840 1744 997 1783 dignitate
1015 1752 1092 1782 ope-

112 1795 194 1822 rum,
218 1785 278 1815 sed
299 1784 465 1815 confidant
487 1794 666 1824 personam
685 1785 822 1822 iustam,
851 1786 884 1815 id
908 1792 974 1822 est,
999 1795 1093 1815 acce-

111 1833 200 1867 ptam
230 1836 307 1857 esse
334 1833 471 1867 propter
495 1825 672 1857 Christum.
718 1827 809 1858 Sicut
841 1834 873 1858 et
896 1827 1021 1858 Paulus
1045 1837 1093 1857 re-

111 1869 209 1910 quirit
232 1870 353 1899 bonam
376 1869 631 1906 conscientiam,
661 1875 693 1899 et
717 1875 824 1900 tamen
847 1869 912 1900 alio
936 1868 1094 1900 transfert

112 1911 388 1948 iustificationem,
411 1922 485 1942 cum
508 1912 612 1952 inquit
632 1911 675 1948 [l.
696 1910 774 1942 Cor.
793 1912 824 1949 4,
843 1913 904 1950 41:
928 1911 1015 1942 Nihil
1038 1913 1094 1942 mi-

111 1952 146 1983 hi
169 1953 325 1984 conscius
349 1963 438 1991 sum,
470 1954 529 1984 sed
558 1955 591 1984 in
613 1953 679 1984 hoc
702 1964 768 1984 non
791 1954 987 1985 iustificatus
1011 1965 1091 1985 sum.

112 1995 160 2026 Ita
185 2002 217 2026 et
226 1997 272 2030 ²⁷)
290 1995 452 2027 lohannes
475 1997 519 2027 ait
544 1997 587 2033 [l.
607 2006 657 2036 ep.
677 1995 708 2034 3,
734 1996 813 2034 594:
833 1997 869 2027 In
887 1996 952 2027 hoc
971 2007 1094 2037 cogno-

113 2038 251 2075 scimus,
281 2039 370 2078 quod
393 2048 432 2069 ex
457 2040 597 2069 veritate
620 2049 750 2076 sumus,
780 2046 812 2070 et
836 2050 948 2070 coram
973 2050 1012 2070 eo
1036 2039 1094 2069 ha-

115 2081 228 2110 bemus
252 2079 429 2120 tranquilla
455 2086 487 2110 et
508 2087 628 2121 pacata
652 2082 764 2111 corda.
794 2082 856 2112 Hic
879 2083 1013 2122 requirit
1037 2083 1093 2114 bo—

113 2132 189 2153 nam
211 2123 462 2153 conscientiam:
508 2123 596 2153 Vere
618 2123 801 2164 diligimus,
826 2134 899 2155 cum
922 2125 966 2154 ita
989 2123 1093 2166 diligi-

112 2174 197 2201 mus,
221 2171 257 2195 ut
278 2174 342 2195 nos
365 2165 568 2196 conscientia
590 2172 706 2196 nostra
725 2176 837 2197 eoram
860 2166 933 2198 Deo
959 2177 1023 2197 non
1042 2177 1093 2197 re-

113 2207 307 2247 prehendat.
352 2206 482 2238 Deinde
505 2208 595 2238 addit
617 2209 658 2238 de
675 2209 906 2240 iustificatione
930 2210 1018 2246 [ibid.
1042 2220 1092 2240 vs.

113 2249 195 2287 204:
242 2249 308 2281 Sed
338 2250 399 2280 etsi
424 2250 618 2280 condemnet
640 2260 702 2281 nos
726 2261 783 2281 cor
806 2258 966 2289 nostrum,
989 2253 1093 2283 maior

115 2297 165 2322 est
188 2291 279 2322 Deus
304 2292 404 2321 eorde
428 2298 560 2327 nostre:
591 2293 622 2322 id
646 2299 711 2323 est:
739 2295 801 2324 etsi
831 2295 989 2325 sentimus
1014 2294 1092 2324 dile·
1112 2317 1116 2341 i

116 2452 161 2483 25)
181 2452 252 2482 facit]
269 2452 342 2477 Editt.
362 2453 384 2474 7.
405 2453 427 2475 8.
450 2454 556 2476 11—14.
577 2456 600 2477 et
615 2453 686 2482 opu:
706 2454 764 2482 agit.

116 2503 161 2533 26)
180 2504 215 2528 ait
233 2502 344 2527 addunt
363 2503 434 2528 Editt.
456 2504 478 2526 7.
499 2504 521 2526 8.
544 2505 650 2526 11—14.
671 2506 696 2528 et
715 2504 775 2533 opp.

117 2554 162 2581 27)
181 2553 217 2583 et]
237 2553 308 2578 Εᾱῑιε.
331 2554 369 2576 12.
392 2553 430 2577 13.
452 2557 480 2578 ut

269 2611 387 2631 ΜΕιΑΝτιι.
403 2611 468 2631 οΡΕῐι
484 2611 533 2629 vor..
549 2610 596 2629 m

2057 126 2120 156 450

1143 218 1282 248 ctionem
1301 224 1448 248 nostram
1470 228 1536 247 non
1561 218 1644 247 satis
1667 228 1782 258 puram
1806 226 1880 247 esse
1904 228 2015 248 coram
2035 219 2120 256 Deo,

1141 269 1204 289 nos
1227 270 1294 289 non
1318 259 1514 290 satisfacere
1537 259 1620 301 legi,
1650 267 1771 295 tamen,
1801 260 1921 300 inquit,
1952 262 2121 291 retinenda

1142 308 1191 332 est
1215 301 1335 332 fiducia
1358 303 1606 333 misericordiae
1628 302 1708 339 Dei,
1739 312 1824 342 quae
1848 312 1910 332 nos
1933 304 2120 342 pronuntia-

1142 344 1186 374 vit
1221 344 1339 379 iustos.
1362 354 1403 374 ac
1436 345 1540 374 maior
1574 350 1625 375 est
1656 344 1756 385 'quam
1790 350 1903 375 nostra.
1938 344 2119 375 infirmitas.

1138 385 1215 416 Ideo
1239 395 1354 416 rursus
1377 387 1468 417 addit
1492 387 1580 422 libid.
1605 397 1654 417 vs.
1678 387 1762 424 214:
1799 386 1834 417 Si
1857 397 1923 417 non
1942 387 2120 427 reprehen-

1684 429 1846 460 habemus
1884 430 2034 461 iiduciam
2078 430 2120 459 ad

1303 470 1395 501 Haec
1419 470 1594 510 plurimum
1618 470 1716 501 refert
1738 470 1863 502 habere
1883 473 1966 502 bene
1985 472 2118 512 cognita

1140 553 1235 594 [Eph.
1259 556 1290 591 4,
1314 554 1397 592 304:
1420 555 1471 585 Ne
1495 557 1694 585 contristetis
1708 556 1863 595 Spiritum
1882 563 2032 587 sanctum
2043 556 2118 592 Dei,

1139 610 1187 634 quo
1197 598 1242 636 115)
1266 598 1385 638 signati
1410 607 1523 627 sumus
1547 598 1590 627 ad
1610 599 1694 627 diem
1707 598 1956 638 redemptionisg
1980 599 2045 629 hoc
2058 604 2119 635 est,

1116 643 1118 668 ὲ
1138 646 1180 667 ne
1201 639 1395 670 beneficium
1420 638 1540 669 Christi
1564 640 1755 670 abiiciamus
1780 648 1810 670 et
1834 651 2021 681 pereamus.

1227 680 1406 712 Praeterea
1439 682 1482 711 ad
1505 681 1569 712 hoc
1594 692 1698 724 genus
1722 684 1851 722 peccati
1874 682 2024 714 mortalis
2047 693 2119 724 per—

1139 725 1241 754 tinent
1270 725 1368 754 etiam
1396 731 1535 764 peccata
1564 725 1753 755 omissionis
1785 731 1815 755 et
1843 726 2050 767 ignorantiae
2073 724 2120 756 af-

1139 764 1293 797 fectatae.
1329 766 1414 796 Nam
1437 766 1520 797 haec
1544 768 1616 807 ipsa
1641 767 1808 797 affectatio
1831 774 1881 798 est
1906 773 2021 798 contra
2045 778 2121 798 con-

1139 809 1319 839 scientiam.
1341 810 1398 841 ¹2⁵³¹)
1444 808 1489 839 Ut
1521 810 1547 840 si
1573 810 1646 850 quis
1671 808 1752 840 nolit
1776 820 1982 850 cognoscere
2013 809 2121 841 Evan-

1140 850 1272 893 gelium,
1307 858 1362 881 aut
1395 850 1477 881 nolit
1511 851 1696 894 intelligere
1730 850 1875 883 officium
1909 863 2022 890 suum,
2064 858 2120 883 aut

1139 893 1262 935 alioqui
1281 896 1326 927 29)
1360 892 1567 934 negligenter
1601 894 1714 925 faciat.
1770 894 1847 925 ldeo
1882 894 2007 926 Paulus
2043 895 2120 925 dicit

1141 937 1182 973 [l.
1214 935 1291 967 Cor.
1315 936 1353 972 9.
1384 936 1465 973 16.]:
1511 936 1585 967 Vae
1604 936 1699 974 mihi,
1731 937 1759 967 si
1792 948 1859 967 non
1883 936 2119 979 evangelizem.

1138 978 1231 1009 Talia
1264 985 1295 1009 et
1326 989 1413 1009 nunc
1443 985 1518 1009 stmt
1548 978 1724 1010 multorum
1754 985 1910 1019 peccata,
1941 980 1995 1021 qui
2017 978 2120 1021 negli-

1138 1028 1218 1062 gunt
1242 1021 1357 1050 audire
1380 1027 1410 1051 et
1435 1031 1643 1062 cognoscere
1665 1021 1894 1063 Evangelium,
1919 1033 1992 1053 eum
2012 1022 2120 1053 sciant

1137 1063 1329 1093 mandatum
1342 1064 1428 1092 θείω)
1439 1073 1515 1094 θ55θ
1526 1063 1652 1101 [Matth⁴
1670 1064 1726 1101 17,
1740 1064 1802 1102 51:
1816 1064 1912 1095 Hunc
1924 1065 2046 1096 audite.
2056 1064 2118 1094 Ta-

1136 1105 1179 1135 lis
1193 1107 1240 1145 ³¹)
1253 1111 1324 1135 erat
1336 1111 1366 1135 et
1382 1105 1576 1137 ludaeorum
1588 1107 1788 1147 ignorantia,
1801 1107 1854 1147 qui
1868 1106 2035 1137 Christum
2046 1117 2120 1146 per-

1113 1143 1117 1153 ‘
1138 1149 1373 1188 sequebantur.
1412 1147 1466 1178 De
1483 1159 1546 1189 qua
1563 1147 1714 1180 Christus
1733 1147 1878 1190 loquitur
1892 1149 1973 1186 [Ioh.
1987 1149 2020 1186 9,
2033 1149 2118 1186 41.]:

1137 1190 1172 1220 Si
1197 1190 1289 1220 caeci
1313 1191 1444 1227 essetis,
1467 1196 1641 1230 peccatum
1665 1201 1731 1222 non
1753 1190 1940 1228 haberetis,
1962 1201 2050 1222 nunc
2074 1191 2119 1221 di-

1137 1233 1211 1262 citis
1241 1243 1302 1263 vos
1327 1233 1439 1263 videre
1470 1240 1532 1264 etc.
1585 1233 1643 1263 Sic
1674 1245 1699 1266 et
1720 1236 1763 1266 32)
1792 1240 1933 1273 peecata
1965 1233 2118 1263 mortalia

1136 1281 1211 1306 sunt
1241 1275 1386 1317 gentium
1416 1274 1625 1306 idololatriae
1654 1282 1716 1306 etc.
1768 1275 1836 1306 Sed
1864 1276 1929 1306 dixi
1957 1276 2118 1316 principio

1137 1318 1177 1348 de
1199 1318 1348 1358 peccatis
1377 1316 1524 1356 illorum,
1550 1319 1604 1359 qui
1632 1328 1772 1358 prorsus
1800 1324 1875 1350 sunt
1905 1319 1977 1349 sine
2003 1318 2118 1348 notitia

1137 1359 1272 1391 Christi.
1320 1360 1354 1390 ln
1386 1358 1507 1391 talibus
1539 1361 1625 1391 enim
1655 1367 1685 1391 et
1716 1362 1789 1402 ipse
1818 1362 1952 1392 morbus
1978 1366 2118 1391 naturae

1137 1409 1169 1434 et
1193 1413 1307 1434 omnes
1331 1403 1440 1433 vitiosi
1464 1403 1603 1434 affectus
1628 1410 1704 1434 sunt
1726 1410 1868 1444 peccata
1892 1401 2052 1434 mortalia.

1356 1504 1417 1535 DE
1440 1504 1898 1536 PRAEDESTINATIONE.

1222 1572 1338 1613 Neque
1363 1582 1402 1603 ex
1425 1573 1555 1603 ratione
1580 1583 1687 1614 neque
1711 1583 1751 1603 ex
1774 1572 1860 1614 lege,
1879 1573 1939 1604 sed
1959 1582 1999 1603 ex
2010 1572 2118 1603 Evan-

1136 1614 1223 1656 gelio
1246 1615 1457 1646 iudicandum
1482 1622 1532 1646 est
1556 1616 1596 1646 de
1619 1616 1933 1655 praedestinatione.
1990 1615 2119 1645 Deinde

1136 1668 1202 1688 non
1225 1657 1291 1688 alia
1316 1668 1440 1688 caussa
1464 1659 1778 1698 praedestinationis
1798 1669 1896 1699 quam
1916 1657 2118 1689 iustificatio-

1136 1701 1187 1729 nis
1210 1700 1398 1740 quaerenda
1423 1707 1483 1730 est.
1530 1700 1622 1730 Haec
1640 1701 1668 1730 si
1693 1702 1765 1741 quis
1790 1701 1996 1732 constituerit
2016 1702 2118 1738 initio,

1136 1740 1238 1772 facile
1261 1752 1297 1772 se
1317 1752 1357 1773 ex
1381 1742 1491 1773 multis
1515 1743 1767 1783 quaestionibus
1799 1743 1987 1784 explicabit.
2032 1745 2117 1775 Nam

1137 1785 1166 1814 si
1198 1790 1325 1814 tantum
1362 1794 1402 1814 ex
1432 1784 1616 1826 Evangelio
1644 1786 1854 1816 iudicandum
1884 1793 1933 1817 est
1961 1798 1987 1820 et
2007 1789 2054 1828 33)
2089 1788 2116 1817 si

1137 1827 1398 1866 praedestinatio
1440 1838 1515 1858 cum
1548 1827 1782 1859 iustificatione
1818 1828 2020 1860 conferenda
2055 1837 2119 1867 est,

1137 1879 1202 1899 una
1227 1875 1257 1899 et
1282 1868 1421 1909 simplex
1444 1870 1498 1900 via
1522 1871 1593 1900 erit.
1640 1870 1732 1901 Sicut
1758 1882 1831 1902 cum
1855 1872 1895 1902 de
1916 1872 2120 1903 iustificatio-

1137 1921 1180 1941 ne
1203 1912 1407 1952 quaerimus,
1432 1913 1576 1943 ordimur
1594 1923 1612 1943 a
1638 1914 1758 1949 verbm
1795 1914 1839 1944 ita
1865 1924 1937 1945 cum
1962 1916 2003 1945 de
2025 1925 2120 1955 prae-

1139 1954 1361 1984 destinatione
1384 1955 1585 1995 quaerimus,
1609 1956 1802 1986 ordiendum
1826 1963 1876 1986 est
1899 1967 1919 1987 a
1939 1958 2041 1987 verbo
2060 1967 2121 1988 seu

1137 2084 1183 2109 28)
1202 2081 1262 2112 quo]
1283 2081 1330 2105 hoc
1348 2082 1373 2105 in
1392 2082 1464 2106 Editt.
1485 2083 1505 2105 l.
1525 2084 1548 2105 4.
1569 2082 1591 2106 9.
1618 2084 1762 2107 omissum
1780 2083 1894 2108 addunt
1912 2085 1984 2109 Editt.
2005 2086 2026 2109 2.
2046 2085 2120 2111 6-8.

1209 2117 1237 2138 11
1259 2129 1291 2132 -
1312 2115 1350 2138 14.
1370 2117 1395 2140 et
1414 2116 1490 2147 Opp.:
1508 2116 1552 2141 Ed.
1573 2118 1596 2141 5.
1616 2118 1732 2141 exhibet:
1751 2119 1775 2142 in
1794 2124 1842 2148 quo
1863 2119 1910 2148 (=
1928 2119 2049 2151 Vulgata.

1123 2168 1196 2195 -2810
1212 2167 1341 2191 affectatio
1367 2170 1405 2191 est
1432 2170 1518 2192 contra
1545 2167 1735 2198 conscientiam]
1763 2168 1806 2192 Ed.
1829 2169 1866 2193 11.
1886 2169 2014 2194 affectatio
2033 2176 2118 2195 coram

1205 2200 1385 2225 conscientiam
1405 2200 1481 2233 (typ.
1503 2208 1571 2229 err„
1592 2208 1628 2225 ea<
1648 2209 1703 2233 quo
1725 2200 1919 2233 confecerunt
1932 2201 2119 2228 Basileenses

1205 2235 1236 2258 in
1258 2234 1348 2266 opp:
1371 2234 1498 2259 affectatio
1518 2233 1678 2265 reprehendit
1698 2242 1781 2260 coram
1801 2237 1852 2261 Deo
1871 2238 2084 2268 conscientiam).

1136 2286 1183 2316 29)
1203 2284 1314 2347 allioquilk
1343 2285 1384 2309 Ed.
1412 2287 1447 2309 11.
1479 2286 1528 2310 alio
1555 2286 1631 2318 (lyp.
1653 2293 1722 2315 err„
1743 2294 1779 2310 e.1-·
1799 2295 1855 2319 quo
1875 2286 1946 2311 Bas.
1967 2288 1997 2311 in
2018 2286 2093 2320 Opp.
2109 2297 2118 2311 .·

1206 2326 1219 2343 a
1234 2326 1293 2349 iqlll(
1318 2339 1322 2343 .

1137 2371 1182 2401 30)
1203 2371 1246 2395 Dei
1265 2368 1379 2393 addunt
1399 2370 1469 2394 Editt.
1491 2371 1513 2393 7.
1533 2371 1555 2393 8.
1586 2372 1693 2395 11-14.
1721 2376 1744 2396 et
1766 2372 1827 2402 Opp.

1137 2423 1182 2451 31)
1201 2420 1278 2451 Talis]
1299 2421 1335 2444 sic
1354 2420 1425 2444 Editt.
1446 2421 1467 2441 1.
1488 2423 1510 2441 4.
1531 2421 1555 2442 5.
1577 2422 1599 2444 8.
1620 2421 1643 2443 9.
1667 2422 1770 2445 11—14.
1791 2424 1815 2446 et
1827 2422 1904 2451 Opp.;
1923 2423 1995 2447 Editt.
2016 2423 2039 2446 2.
2059 2423 2080 2448 6,
2093 2424 2115 2446 7.

1205 2460 1253 2477 err.
1274 2458 1338 2482 mr:
1359 2453 1430 2477 'sales

1138 2504 1182 2532 32)
1204 2508 1227 2526 et
1247 2501 1362 2526 addunt
1380 2503 1451 2527 Editt.
1474 2504 1494 2526 ἶ.
1515 2505 1538 2526 8.
1562 2506 1655 2527 ll-li
1679 2508 1703 2529 et
1723 2505 1782 2534 Opp.

1137 2555 1182 2579 33)
1202 2557 1226 2577 et
1246 2552 1359 2577 addunt
1378 2554 1451 2578 Editt.
1473 2554 1495 2576 7.
1515 2555 1538 2577 8.
1561 2556 1675 2578 11.—14.
1696 2558 1722 2580 et
1740 2556 1799 2586 Onu.

1930 2607 1962 2631 29
