2358 2933
69 110 133 143 349

70 203 245 234 Coniurmit
255 204 282 240 2)
310 202 481 239 mandata,
517 203 681 241 praemia,
710 212 848 242 poenas.
894 201 1048 233 Testatur

68 246 175 276 Deum
187 245 325 275 iudicem
337 242 491 281 futurum,
511 244 675 286 significat
692 251 723 275 et
741 244 863 274 differri
881 244 1045 281 iudicium,

68 288 185 328 impios
209 285 406 326 aliquamdiu
429 285 566 324 florere,
590 288 697 317 iustos
721 285 809 316 male
833 284 957 326 affligi,
987 287 1046 317 sed

68 335 195 360 restare
218 327 350 369 aliquod
372 328 534 360 iudicium.
567 328 667 359 Tecte
690 329 789 370 igitur
812 329 1045 363 vaticinaturss)
1073 340 1074 344 ¹

68 372 110 402 de
131 377 299 410 postremo
324 371 461 407 iudicio,
493 372 533 402 de
557 377 690 402 aeterna
713 372 791 401 vita.
836 370 944 401 Docet
968 371 1045 401 item

67 414 100 444 in
123 418 240 443 natura
258 412 396 443 haerere
419 420 601 452 peccatum,
625 413 685 443 sed
697 412 803 443 Deum
828 418 937 443 tamen
959 412 1045 443 hanc
1071 452 1073 459 A

67 455 253 487 inchoatam
278 455 512 492 obedientiam,
536 465 599 495 qua
624 455 787 485 credimus
811 454 918 485 Deum
948 456 1044 485 nobis

65 498 256 539 ignoscere„
279 503 311 527 et
334 497 516 527 resistimus
540 503 688 536 peccato,
712 498 908 536 approbare.
941 496 1044 527 Vides

66 540 229 581 integram
246 538 419 580 Evangelii
437 539 641 575 sententiam.
665 548 740 568 nam
758 548 798 568 ex
817 539 977 578 superiori
993 548 1044 568 ca-

65 583 133 622 pite
158 581 310 611 addenda
329 587 379 612 est
396 581 570 620 promissio
588 581 629 610 de
647 581 782 617 semine.
806 586 943 620 propter
955 581 1043 620 quod

65 624 159 654 Deus
182 629 323 654 testatus
346 629 397 653 est
419 633 457 653 se
481 623 595 653 iterum
619 624 649 652 in
671 624 808 664 gratiam
826 623 973 662 recipere
986 622 1043 652 ho-

66 667 188 703 mines,
227 671 259 694 et
295 666 483 695 condonare
515 672 696 705 peccatum.
743 665 833 695 Haec
866 665 1042 705 promissio

65 707 220 748 paulatini
244 705 364 737 clarius
392 706 558 738 revelatur
579 717 620 737 ac
642 708 845 747 proponitur.
891 706 1043 737 Renova-

65 756 119 781 tur
147 755 177 779 et
211 748 266 779 lex
294 749 326 778 in
356 749 484 779 Exodo.
530 749 695 779 Historiae
729 750 847 780 deinde
876 750 1043 779 continent

67 790 218 832 exempla
240 790 323 832 legis
352 797 383 821 et
405 790 593 832 Evangelii,
628 792 695 822 irae
724 797 755 822 et
786 792 1042 829 misericordiae,

66 834 154 874 quod
184 832 277 864 Deus
306 843 385 864 vere
414 835 525 873 puniat
548 840 703 874 peccata,
741 840 774 864 et
801 835 953 875 ignoscat
978 833 1042 871 his,

66 877 120 916 qui
142 876 353 915 resipiscunt,
378 877 462 906 bene
485 875 584 906 faciat
606 877 710 906 iustis.
744 876 798 905 Ad
821 877 958 907 eundem
974 886 1041 906 mo-

66 919 141 949 dum
175 917 415 957 Prophetarum
450 919 626 949 conciones
655 925 893 949 consumuntur
926 928 1041 948 omnes

64 961 97 990 in
121 961 251 991 duobos
274 959 378 997 locis.
409 961 442 990 in
464 959 539 1001 lege
563 966 595 991 et
613 959 806 991 illustranda
823 961 1042 1001 promissione

66 1002 199 1033 Christi.
255 1001 407 1043 Arguunt
441 1009 597 1041 peccata.
637 1008 669 1033 et
703 1012 819 1032 rursus
854 1009 1042 1043 proponunt

65 1043 341 1081 consolationem,
370 1045 491 1074 docent
514 1045 555 1074 de
578 1043 745 1074 beneficiis
770 1044 903 1075 Christi.
949 1044 1042 1075 Haec

64 1087 180 1118 eadem
206 1092 322 1126 postea
346 1087 379 1116 in
407 1085 590 1127 Evangelio
615 1086 736 1117 clarius
767 1086 972 1123 revelantur,
1009 1093 1041 1117 et

64 1134 265 1170 sparguntur
294 1129 326 1159 in
356 1139 470 1160 omnes
501 1134 628 1170 gentes.
675 1129 745 1159 Hac
779 1130 864 1160 serie
897 1129 1040 1159 animad-

63 1181 181 1210 versa,
212 1170 309 1202 facile
337 1172 471 1202 iudicari
494 1178 621 1212 potest,
651 1181 718 1202 non
748 1172 820 1202 sine
848 1172 962 1201 ordine
986 1181 1040 1201 res

63 1215 270 1245 necessarias
284 1214 326 1244 ad
337 1215 492 1254 pietatem
509 1214 541 1244 in
555 1215 726 1254 scripturis
738 1215 832 1244 tradi.
866 1213 1040 1244 Postremo

63 1255 187 1288 Paulus
211 1256 310 1296 plane
332 1255 451 1286 artifex
476 1263 544 1292 est,
576 1263 607 1286 et
630 1255 819 1286 methodum
846 1256 978 1286 adhibet
1008 1256 1040 1285 in

64 1299 280 1339 disputando,
310 1304 472 1328 monstrat
495 1299 669 1329 discrimen
698 1297 783 1339 legis
813 1304 843 1328 et
867 1296 1040 1339 Evangelii

63 1347 127 1372 etc.
156 1340 247 1371 Haec
271 1339 420 1379 exempla
442 1341 647 1377 imitabimur,
670 1346 701 1370 et
724 1340 818 1371 locos
841 1341 1039 1380 praecipuos

63 1383 233 1414 doctrinae
245 1381 452 1413 Christianae
464 1384 724 1420 recensebimus,
748 1393 786 1413 ac
801 1383 1039 1422 propemodum

63 1434 239 1465 sequemur
273 1425 418 1455 ordinem
462 1426 494 1455 in
540 1424 706 1466 Spmbolis
752 1425 827 1456 fidei
873 1426 1037 1456 traditum.

63 1466 240 1498 Sciendum
264 1473 315 1498 est
337 1474 465 1504 autem.
490 1469 579 1508 quod
602 1468 643 1498 de
665 1467 730 1505 his.
755 1477 840 1508 quae
863 1477 980 1498 sacrae
1003 1466 1038 1497 li-

62 1514 155 1539 terae
176 1510 289 1540 iubent
311 1519 373 1539 nos
397 1511 534 1547 sentire,
564 1516 595 1540 et
617 1511 658 1540 de
682 1509 826 1541 articulis
851 1509 942 1547 fidei,
972 1520 1039 1540 non

63 1552 145 1581 satis
175 1557 226 1581 est
254 1551 376 1582 habere
404 1553 575 1592 ambiguas
603 1553 790 1591 opiniones,
820 1553 879 1582 sed
910 1558 1039 1591 oportet

61 1593 188 1624 habere
219 1599 341 1624 certam
372 1600 403 1624 et
434 1594 559 1624 firmam
588 1595 792 1625 sententiam.
838 1594 920 1625 Nam
949 1595 1038 1624 dubi-

63 1636 142 1666 tatio
165 1636 248 1676 parit
272 1637 467 1675 impietatem
491 1642 522 1667 et
546 1637 826 1677 desperationem,
848 1637 936 1666 iuxta
959 1635 1039 1666 illud

64 1677 171 1716 [Rom.
187 1678 237 1715 14,
249 1677 335 1716 233,
360 1679 464 1709 Omne
487 1680 574 1719 quod
598 1690 663 1710 non
687 1685 737 1709 est
760 1689 800 1709 ex
823 1678 898 1716 fide,
921 1688 1038 1718 pecca-

62 1726 130 1750 tum
154 1726 216 1750 est.
261 1719 303 1750 Et
325 1720 419 1751 Rom.
442 1721 490 1751 14.
506 1723 536 1761 ⁴)
566 1721 803 1761 Unusquisque
826 1721 867 1751 de
890 1731 950 1751 sua
974 1720 1038 1751 fide

63 1767 174 1793 certus
197 1763 250 1792 sit.
294 1761 335 1792 Et
359 1762 441 1793 fides
464 1773 531 1793 non
555 1770 605 1793 est
628 1764 802 1800 dubitatio,
825 1763 886 1793 sed
909 1765 1037 1801 ἔλεγχος,

61 1805 94 1835 id
118 1810 185 1842 est,
215 1810 305 1835 certa
334 1806 485 1836 assensio
516 1806 556 1835 de
580 1806 680 1836 rebus
703 1815 770 1835 non
793 1806 1037 1845 apparentibus.

63 1846 174 1881 Quare
208 1846 284 1877 hinc
311 1846 429 1887 procul
465 1848 685 1888 repudiandus
718 1854 769 1878 est
802 1857 874 1878 mos
911 1847 1038 1877 Acade-

61 1890 219 1920 micorum
243 1895 274 1919 et
297 1889 534 1930 Scepticorum.
558 1891 612 1931 qui
634 1896 746 1920 vetant
761 1890 937 1930 quidquam
951 1888 1038 1920 affir—

61 1941 152 1962 mare
185 1938 217 1962 et
246 1932 359 1962 iubent
397 1933 546 1963 dubitare
582 1934 622 1963 de
650 1933 799 1963 omnibus
834 1933 953 1969 rebus,
979 1941 1039 1962 seu

62 1980 151 2004 certe
163 1976 286 2013 ἐπέχειν,
309 1975 374 2004 hoc
387 1981 449 2012 est,
468 1976 673 2015 suspendere
684 1975 910 2005 assensiones.
940 1974 1038 2004 Pror-

62 2025 121 2046 sus
144 2015 229 2047 tollit
249 2016 452 2058 religionem.
473 2018 501 2047 si
518 2019 590 2058 quis
609 2019 696 2048 iubet
717 2018 757 2048 de
776 2016 945 2048 voluntate
964 2016 1038 2053 Dei.

63 2064 224 2099 quatenus
241 2060 273 2089 in
292 2060 463 2099 scripturis
480 2059 628 2090 revelata
646 2066 707 2096 est,
724 2060 789 2090 hoc
808 2066 869 2097 est,
890 2060 930 2089 de
951 2069 1038 2089 com-

62 2101 293 2132 minationibus
306 2108 337 2132 et
350 2103 622 2141 promissionibus
636 2103 795 2133 dubitare.
829 2103 884 2133 Sic
896 2102 1039 2132 iudican-

64 2144 139 2174 dum
157 2149 208 2174 est
227 2144 267 2174 de
281 2145 399 2175 ceteris
416 2143 572 2182 articulis,
592 2155 674 2186 quos
693 2146 857 2185 scriptura
874 2145 1037 2185 proponit.

294 2219 562 2252 CATALOGUS
585 2220 813 2252 LOCORUM.

66 2274 115 2306 De
143 2274 224 2306 Deo.

68 2323 164 2364 Quod
193 2324 232 2357 sit
259 2337 342 2357 unus
371 2326 470 2357 Dcus.

85 2424 113 2453 2)
134 2424 276 2455 coniunxit]
298 2425 340 2449 Ed.
361 2426 398 2450 12.
416 2425 510 2455 typoth.
529 2430 626 2448 errore:
647 2424 761 2448 Coniuxit

85 2466 113 2494 3)
132 2466 204 2490 'secte
225 2467 301 2495 igitur
319 2467 479 2496 vaticInatur]
500 2466 571 2491 Editt.
587 2467 692 2490 11—13.
714 2466 819 2496 etopp.:
834 2465 944 2490 Tradidit
956 2465 1042 2496 [Editt.

139 2500 176 2522 12.
196 2499 235 2522 13.
255 2500 351 2528 Tradit)
371 2501 446 2530 igitur
465 2503 560 2525 certum
580 2501 724 2525 vaticinium

87 2540 114 2571 4)
134 2541 161 2566 Et
180 2542 249 2566 Rom.
271 2542 318 2573 14.]
340 2542 414 2567 Editt.
435 2544 457 2567 7.
478 2543 500 2567 8.
526 2543 630 2567 11—1-1.
650 2544 674 2566 et
694 2542 773 2572 Opp.:
790 2542 862 2571 item,

521 110 544 140 Ι.
567 108 670 140 LOCI
693 108 971 141 THEOLOGICI:
995 110 1031 142 C.
1056 110 1266 144 SECUNDA
1285 113 1443 145 EORUM
1466 115 1622 147 AETAS.

2015 123 2079 154 350

1102 208 1198 246 Quod
1226 208 1289 240 sint
1318 215 1381 241 tres
1410 222 1566 254 personae
1595 211 1778 246 divinitatis.

1100 259 1149 290 De
1179 259 1352 291 creatione.

1100 309 1148 340 Dc
1178 320 1271 341 causa
1302 310 1434 354 peccati.

1099 360 1148 391 De
1178 359 1317 392 hominis
1346 361 1463 393 tiribus
1493 373 1528 394 ac
1558 362 1659 395 libero
1688 363 1832 398 arbitrio.

1144 436 1147 439 f
1177 416 1307 454 peccato
1336 416 1367 443 et
1395 411 1435 444 de
1464 413 1576 456 poenis
1605 415 1738 457 peccati.

1179 461 1260 504 lege.

1176 510 1361 543 discrimine
1389 518 1634 557 praeceptorum
1663 520 1694 547 et
1723 516 1941 550 consiliorum.

1138 572 1146 582 ²
1176 562 1453 605 promissionibus.

1142 638 1145 641 Δ
1174 612 1349 655 Evangelio
1379 617 1409 644 et
1438 612 1604 646 beneficiis
1633 614 1760 648 Christi.

1097 663 1146 694 De
1175 662 1360 696 discrimine
1389 663 1467 707 legis
1496 670 1527 696 et
1555 665 1731 707 Evangelii.

1176 713 1413 746 iustificatione.
1444 714 1483 746 dc
1511 715 1630 758 gratia.
1651 708 1699 748 *et
1732 716 1906 750 donatione
1935 718 2071 763 Spiritus

1149 770 1266 799 sancti.
1296 770 1327 796 et
1355 770 1435 796 ntae
1464 770 1625 798 aeternae.

1175 814 1249 847 fide.

1136 877 1146 887 ³
1174 866 1268 898 bonis
1297 865 1458 910 operibus.
1490 872 1520 899 et
1549 868 1671 901 meritis
1700 868 1859 902 bonorum
1889 881 2033 914 operum.

1175 916 1360 949 discriminc
1389 918 1509 961 peccati
1539 919 1671 951 venialis
1700 925 1731 952 et
1760 920 1913 953 mortalis.

1137 993 1145 999 .
1174 966 1478 1012 praedestinatione.

1174 1017 1358 1050 discrimine
1387 1018 1500 1051 teteris
1529 1024 1559 1051 et
1589 1020 1658 1051 novi
1688 1021 1895 1053 Testamenti.

1173 1068 1286 1112 spiritu
1317 1073 1347 1100 et
1377 1069 1478 1101 litera.

1174 1119 1322 1151 libertate
1352 1120 1542 1152 Christiana.

1172 1170 1396 1205 sacramentis,
1427 1176 1459 1203 ct
1486 1170 1525 1203 de
1555 1183 1690 1204 numero
1719 1178 2002 1206 sacramentorum.

1172 1220 1348 1265 Baptismo.

1172 1271 1336 1315 Baptisnio
1366 1270 1586 1315 infantium.⁵)

1173 1322 1280 1354 Coena
1310 1322 1454 1355 Domini.

1171 1372 1339 1405 sacrificio.

1170 1423 1385 1456 Poenitentia.

1171 1480 1302 1519 peccato
1331 1474 1363 1506 in
1393 1474 1547 1519 Spiritum
1576 1480 1732 1507 sanctum.

1172 1525 1374 1557 consessione
1403 1531 1619 1570 peccatorum.

1170 1575 1397 1609 satisfactione.

1171 1632 1329 1671 potestate
1356 1626 1592 1667 Ecclesiastica‚
1623 1638 1678 1659 seu
1707 1626 1746 1659 de
1776 1627 1925 1660 clavibus.

1170 1677 1325 1710 Ecclesia.

1171 1727 1398 1760 traditionibus
1427 1727 1586 1760 humanis.
1597 1725 1624 1770 ⁶)

1093 1780 1142 1811 De
1171 1778 1332 1811 scandalo.

1094 1829 1191 1869 Quod
1218 1831 1368 1872 chnum
1398 1828 1514 1861 Christi
1544 1828 1584 1861 sit
1612 1828 1787 1873 spirituale.

1092 1882 1142 1913 De
1170 1879 1405 1912 resurrectione
1434 1884 1646 1911 mortuorum.

1092 1932 1142 1964 De
1171 1942 1264 1963 cruce
1293 1929 1471 1967 toleranda,
1502 1941 1558 1963 seu
1587 1930 1626 1962 de
1655 1929 1904 1963 adflictionibus.

1092 1983 1141 2014 De
1170 1981 1365 2026 precatione.

1092 2034 1141 2065 De
1170 2030 1410 2073 Magistratibus
1443 2030 1586 2063 civilibus
1620 2036 1650 2064 et
1685 2030 1839 2075 dignitate
1872 2043 1979 2064 rerum
2007 2043 2067 2076 po-

1144 2083 1314 2115 liticarum.
1328 2079 1356 2124 τ)

1091 2134 1139 2163 De
1158 2132 1296 2171 Angelis.
1309 2132 1338 2167 S)

1110 2227 1138 2256 ὁ)
1160 2224 1304 2255 infantium]
1326 2224 1397 2249 Editt.
1419 2224 1524 2248 11—13.
1543 2225 1567 2248 et
1588 2222 1663 2253 Opp.:
1685 2222 1820 2247 infantum.

1111 2274 1139 2301 6)
1160 2273 1217 2297 Post
1242 2272 1309 2295 hunc
1335 2271 1417 2295 locuni
1444 2271 1469 2295 in
1487 2270 1603 2298 catalogo
1622 2269 1733 2293 omniun]
1752 2269 1824 2293 Editt.
1843 2269 1953 2294 omissus
1973 2272 2011 2294 est
2030 2269 2066 2294 lo-

1163 2313 1221 2331 cus:
1239 2306 1280 2330 De
1300 2305 1597 2329 mortificatione.
1622 2304 1663 2333 qui
1688 2303 1758 2327 illum
1784 2303 1810 2327 in
1834 2303 1890 2334 ipsa
1917 2303 2065 2328 tractatione

1161 2340 1334 2369 subsequitur.

1113 2392 1140 2422 7)
1160 2392 1218 2416 Post
1238 2390 1304 2414 hunc
1323 2390 1405 2414 locum
1431 2389 1455 2413 in
1475 2389 1589 2418 catalogo
1610 2388 1721 2412 omnium
1741 2387 1812 2412 Editt.
1832 2387 1942 2412 omissus
1966 2389 2005 2412 est
2030 2387 2066 2412 lo-

1165 2431 1223 2449 cus:
1241 2425 1280 2448 De
1300 2423 1431 2454 politia
1450 2422 1723 2451 Ecclesiastica‚
1749 2422 1790 2452 qui
1807 2422 1878 2446 illum
1897 2422 1923 2446 in
1940 2422 1996 2452 ipsa
2014 2423 2066 2446 tra-

1165 2459 1273 2483 ctatione
1294 2458 1416 2488 sequitur.

1115 2506 1143 2535 8)
1163 2506 1196 2530 De
1216 2504 1329 2535 Angelis]
1350 2505 1417 2528 hunc
1435 2504 1517 2528 locuni
1537 2504 1561 2526 et
1579 2503 1604 2526 in
1622 2503 1670 2527 hoe
1688 2502 1803 2531 catalogo
1816 2504 1841 2526 et
1858 2502 1884 2525 in
1902 2501 1957 2531 ipsa
1975 2502 2066 2525 tracta-

1166 2540 1233 2564 tione
1252 2538 1465 2568 praecedentibus
1485 2536 1581 2561 addunt
1599 2536 1670 2561 Editt.
1689 2537 1712 2561 7.
1730 2537 1753 2560 8.
1776 2536 1882 2560 11—14.
1902 2538 1927 2560 et
1945 2535 2007 2566 Opp.
